4342 6384
458 549 590 649 (Α.
631 550 720 625 D.
764 548 993 649 1412.)
1647 579 1874 631 menn
1927 577 2387 633 01101001Μο0.
3390 563 3531 635 147

455 756 758 830 1010οᾶ10
814 758 1220 861 defensare.¹
1265 760 1402 835 Sed
1456 763 1622 835 dum
1678 762 2116 837 Wladislaus
2181 766 2337 837 Rex
2402 765 2905 838 inexorabilem
2962 788 3035 839 se
3092 766 3177 837 ad
3234 766 3545 859 singulo-

457 899 608 949 rum
672 876 931 953 iustam
995 880 1398 953 huiusmodi
1463 903 1743 955 causam
1771 922 1776 927 ·
1805 884 2361 974 promoventium
2430 884 2765 977 suffragia
2818 886 3244 974 ostenderet,
3313 908 3549 959 omnes

457 997 744 1089 insuper
800 999 1048 1072 fratres
1104 1004 1174 1073 et
1229 1001 1488 1073 amicos
1544 1002 1852 1075 eiusdem
1909 1003 2102 1075 Petri
2158 1004 2406 1076 Wisch
2461 1004 2771 1096 episcopi
2806 1005 3006 1097 gravi
3043 1005 3549 1098 indignationis

457 1122 665 1209 atque
738 1117 1244 1211 obiurgationis
1316 1122 1750 1213 correptione
1821 1124 2264 1214 percelleret,
2340 1124 2569 1196 iustae
2642 1125 3200 1216 reprehensionis
3264 1126 3548 1198 aculeos

455 1236 636 1329 apud
692 1243 1128 1329 praesentem
1185 1242 1254 1311 et
1309 1242 1792 1314 succedentem
1847 1247 2145 1315 aetatem
2201 1265 2340 1314 non
2394 1264 2731 1315 evasurus
2771 1245 2849 1332 1),
2907 1245 3263 1335 praefatus
3295 1242 3359 1335 2)
3416 1246 3547 1316 Pe-

456 1361 608 1429 trus
662 1358 1029 1450 episcopus
1068 1360 1579 1450 GracoviensiS,
1637 1362 1988 1434 desertum
2027 1383 2100 1435 se
2137 1384 2179 1433 a
2218 1363 2585 1451 fratribuS,
2642 1364 2958 1455 cognatis
3012 1366 3082 1435 et
3136 1362 3542 1435 familiaris-

456 1476 653 1575 simis
710 1477 860 1549 suis
913 1477 1004 1550 iri
1059 1479 1458 1568 dinoscens,
1516 1481 1600 1553 de
1655 1481 2096 1553 cracoviensi
2149 1482 2559 1574 episcopatu
2596 1504 2753 1555 cum
2792 1482 3060 1575 ingenti
3098 1482 3545 1557 lacrimarum

455 1596 788 1670 effusione
842 1601 912 1669 et
966 1602 1110 1669 tam
1165 1600 1564 1672 vehementi
1619 1600 2086 1675 amaritudine
2141 1606 2210 1675 et
2265 1603 2533 1691 dolore,
2588 1607 2670 1674 ut
2724 1601 3028 1695 singulis
3083 1602 3541 1675 circumstan-

455 1715 642 1787 tibus
706 1716 947 1789 fletum
1014 1723 1406 1807 excuteret,
1473 1718 1546 1791 in
1611 1720 2159 1794 Posnaniensem
2226 1721 2702 1813 episcopatum
2767 1722 3124 1811 discessit,
3199 1722 3548 1796 ultionem

455 1835 842 1909 districtam
899 1857 1066 1910 suae
1122 1837 1482 1912 eiectionis
1540 1840 1850 1928 authori,
1909 1840 2339 1933 ingeminato
2396 1843 2693 1914 clamore
2734 1843 3166 1934 frequentius
3204 1843 3289 1915 ab
3328 1842 3541 1915 ultio-

452 1978 616 2027 num
673 1955 966 2030 Domino
1020 1956 1464 2049 imprecatus.
1523 1960 1712 2051 Quae
1767 1960 2045 2051 quidem
2102 1962 2473 2033 translatio
2537 1984 2867 2054 maguum
2904 1962 2994 2037 ,in
3050 1962 3233 2034 clero
3291 1968 3362 2035 et
3409 1984 3532 2054 po-

451 2077 616 2167 pulo
671 2076 1005 2167 parturiit
1059 2078 1498 2165 scandalum,
1555 2079 1912 2171 laicosque
1965 2080 2273 2153 reddidit
2326 2082 2489 2173 plus
2546 2082 2756 2153 solito
2812 2082 3309 2154 ecclesiasticis
3366 2083 3543 2155 infe-

453 2196 725 2269 stiores
783 2196 920 2268 Sed
974 2217 1198 2288 neque
1254 2197 1328 2269 in
1382 2198 1562 2271 diem
1617 2201 1796 2271 hanc
1851 2200 2000 2273 eius
2056 2206 2331 2292 poterat
2385 2201 2471 2273 ad
2525 2201 2871 2292 liquidum
2926 2201 3318 2275 amaritudo
3374 2202 3537 2274 abo-

449 2316 608 2389 leri:
685 2337 844 2387 nam
874 2312 936 2405 ³)
992 2322 1061 2389 et
1115 2316 1432 2390 Mroczek
1487 2318 1570 2391 de
1623 2320 1995 2393 Possadow
2024 2320 2086 2407 ⁴)
2161 2321 2339 2393 alias
2395 2320 2478 2393 de
2532 2322 2924 2411 1101111011011τ
2989 2321 3193 2393 miles
3250 2321 3535 2393 Maioris

450 2434 815 2522 Poloniae‚
871 2435 1265 2527 propinqua
1319 2438 1728 2529 cognatione
1780 2460 1904 2529 per
1958 2438 2217 2513 lineam
2272 2440 2607 2512 directam
2662 2441 2871 2513 Petro
2928 2440 3176 2513 Wisch
3222 2440 3546 2532 0111000110

452 2556 765 2641 1000100,
824 2554 1282 2628 deiectionem
1339 2578 1536 2629 suam
1592 2558 2128 2649 ignominiosam
2186 2558 2557 2631 molestius
2611 2559 2871 2646 ferens,
2932 2562 3174 2650 aptum
3224 2560 3544 2633 observa-

450 2676 568 2749 bat
622 2679 932 2767 tempus,
991 2695 1125 2766 quo
1181 2674 1552 2749 Albertum
1604 2677 2160 2769 Iastrzambyecz
2218 2677 2617 2770 episcopum
2672 2678 3044 2751 occideret:
3101 2678 3337 2751 diaeta
3374 2700 3541 2769 quo-

453 2817 584 2887 que
635 2792 952 2888 generali
1009 2796 1193 2885 apud
1257 2795 1608 2869 610000οῐ0
1672 2796 2003 2869 100111010
2076 2819 2200 2889 pro
2254 2798 2703 2871 Pentecostes
2765 2798 2909 2885 die,
2975 2798 3063 2871 ad
3136 2818 3342 2888 quam
3408 2799 3534 2869 Al-

449 2916 688 2987 bertus
752 2914 1306 3006 Iastrzambyecz
1373 2914 1742 3010 episcopus
1808 2922 1996 2989 certo
2063 2916 2324 2990 certius
2393 2917 2741 2990 ferebatur
2795 2920 3169 3005 venturus,
3226 2918 3545 2990 Mroczek

449 3036 804 3126 praefatus
867 3055 1024 3107 0010
1089 3034 1493 3127 quingentis
1559 3037 1848 3109 armatis
1911 3036 2299 3129 hospitium
2374 3036 2573 3110 illius
2647 3037 2976 3111 invadere
3042 3040 3113 3109 et
3172 3037 3543 3110 Albertum

311 3242 318 3249 ,
452 3154 849 3246 episcopum
906 3155 1316 3227 obtruncare
1371 3154 1816 3227 iureiurando
1873 3177 1948 3229 se
2003 3157 2452 3230 astrinxerat.
2510 3157 2770 3229 Verum
2825 3156 3119 3229 Alberto
3165 3156 3541 3229 Iastrzam-

451 3275 662 3366 byecz
711 3273 1012 3347 diaetam
1048 3273 1449 3347 huiusmodi
1489 3275 1914 3365 declinante,
1973 3276 2244 3349 facinus
2283 3276 2668 3369 cogitatum
2706 3268 3107 3349 executioni
3140 3276 3540 3349 mandatum

451 3415 586 3466 non
642 3398 772 3467 001.
831 3392 1148 3485 Quantus
1203 3398 1436 3467 autem
1491 3395 1717 3485 pudor
1771 3394 2012 3481 fuerit,
2072 3399 2335 3487 quanta
2388 3397 2530 3468 Deo
2586 3394 2846 3467 iniuria
2900 3406 2967 3467 et
3008 3394 3342 3468 ecclesiae
3379 3394 3539 3467 Ora-

451 3512 760 3587 coviensi
815 3514 1271 3601 contumelia,
1331 3518 1668 3604 quantum
1724 3514 2100 3605 perniciosi
2155 3519 2227 3587 et
2281 3514 2721 3588 detestabilis
2774 3535 2885 3587 res
2925 3514 3261 3605 exempli,
3320 3534 3538 3604 quan-

453 3638 600 3707 tum
651 3631 884 3725 regiae
939 3632 1326 3705 maiestatis
1385 3636 1455 3705 et
1508 3634 1728 3706 totius
1785 3634 2012 3726 Regni
2068 3634 2397 3721 (10110000,
2455 3638 2535 3705 01
2588 3634 2745 3705 Rex
2782 3633 3095 3725 alioquin
3134 3634 3430 3705 devotus
3471 3636 3542 3705 et·

452 3751 870 3839 0010011000,
927 3758 1000 3824 01
1051 3751 1387 3843 Princeps
1442 3751 1750 3825 illustris
1807 3756 1878 3825 et
1931 3753 2377 3845 magnificus,
2435 3753 2523 3825 ad
2576 3754 2786 3825 unius
2844 3752 3155 3843 episcopi
3214 3751 3539 3825 deiectio-

451 3892 604 3945 nem
671 3870 1062 3959 sudaverit,
1129 3875 1199 3943 et
1261 3876 1504 3943 contra
1567 3871 1798 3944 virum
1859 3872 2119 3944 bonum
2186 3876 2255 3945 et
2320 3872 2711 3963 simplicem
2778 3876 2960 3963 (esto
3016 3893 3257 3944 verum
3315 3871 3412 3942 sit
3465 3871 3540 3943 in

453 3990 822 4065 amentiam
877 3991 1186 4081 lapsum)
1243 3991 1637 4063 extenderit
1688 3992 2077 4082 potentiam
2133 4012 2301 4063 suae
2357 3976 2793 4063 fortitudinis
2848 3996 3055 4082 atque
3113 3989 3536 4063 maiestatis:

453 4110 570 4202 qui
625 4114 886 4201 quanto
941 4110 1142 4182 donis
1196 4110 1586 4201 potioribus
1643 4132 1717 4183 se
1771 4134 1812 4182 a
1857 4112 2002 4183 Deo
2056 4110 2473 4203 insignitum
2512 4111 2919 4184 meminerat
2949 4110 3035 4200 5),
3094 4114 3288 4182 10010
3348 4131 3536 4181 scru-

453 4229 788 4320 pulosiori
851 4228 1222 4321 diligentia
1277 4235 1344 4301 et
1403 4230 1751 4303 solertiori
1815 4251 1982 4303 cura
2045 4230 2423 4323 invigilare
2484 4231 2848 4317 debuerat,
2916 4250 3003 4301 ne
3066 4230 3362 4321 gloriam
3427 4228 3540 4300 sui

453 4348 750 4422 nominis
805 4352 950 4419 tam
1005 4349 1204 4420 foeda
1257 4350 1531 4422 macula
1586 4370 1742 4421 cum
1796 4350 2197 4442 Regnorum
2239 4372 2520 4423 suorum
2560 4353 2769 4441 atque
2806 4348 3340 4440 Principatuum
3377 4370 3532 4440 per-

449 4468 624 4541 nicie
687 4472 900 4559 atque
961 4468 1290 4541 dedecore
1355 4470 1690 4555 fuscaret,
1759 4470 1975 4541 saluti
2041 4492 2209 4543 suae
2275 4470 2690 4562 derogatura
2745 4474 2955 4559 atque
3011 4471 3255 4541 famae.
3314 4468 3538 4541 Maior

453 4586 628 4659 enim
681 4588 994 4677 praefato
1048 4587 1368 4678 pontifici
1422 4588 1630 4659 Petro
1685 4588 1964 4675 Wisch,
2024 4588 2086 4659 si
2122 4590 2386 4661 delirus
2426 4591 2685 4676 fuerat,
2736 4588 3116 4660 debebatur
3152 4586 3531 4675 miseratio,

452 4707 576 4778 sub
628 4706 832 4778 cuius
889 4705 1272 4778 sacerdotio
1325 4727 1465 4797 pax
1521 4707 1762 4798 Regno
1819 4706 2150 4780 Poloniae
2190 4714 2258 4780 et
2295 4709 2695 4798 triumphus
2732 4706 2858 4778 ille
2898 4708 3202 4777 famosus
3242 4726 3329 4777 ex
3367 4705 3533 4778 Cru-

453 4824 678 4899 0110110
717 4826 903 4916 apud
940 4825 1260 4899 Grinfeld
1293 4826 1562 4897 relatus
1598 4831 2045 4917 provenerat,
2103 4827 2535 4917 libertasque
2572 4825 2922 4913 000100110,
2980 4824 3347 4897 concordia
3384 4825 3532 4915 ple-

452 4944 684 5032 bibus,
739 4945 1052 5017 moribus
1106 4944 1512 5035 disciplina,
1569 4966 1646 5017 eo
1703 4966 1866 5016 vero
1923 4950 2185 5035 amot0,
2242 4966 2496 5037 magna
2549 4945 2954 5018 deformitas
3010 4944 3083 5016 in
3130 4944 3313 5017 clero
3356 4942 3535 5016 etin

450 5064 700 5155 populo
754 5063 1065 5156 grassari
1118 5063 1366 5153 coepit.
1422 5063 1658 5135 Huius
1714 5069 1946 5136 tamen
2002 5064 2467 5136 deformitatis
2523 5065 2765 5135 nullus
2815 5064 2998 5139 alius
3036 5084 3249 5136 causa
3285 5063 3530 5152 fuisse,

663 5334 708 5415 ¹)
751 5356 871 5396 11011
915 5338 1109 5397 evasit
1169 5330 1320 5399 Cod.
1379 5333 1572 5397 Rozr.
1637 5332 1692 5419 2)
1747 5336 2048 5413 praefatus
2107 5338 2308 5412 itaque
2373 5331 2523 5399 Cod.
2584 5333 2777 5397 Rozr.
2841 5334 2907 5425 ³),
2958 5336 3066 5397 sed
3129 5330 3281 5399 Cod.
3358 5332 3533 5403 Calv-

449 5434 506 5523 ⁴¹)
549 5439 868 5503 Poszadow
915 5432 1066 5502 Cod.
1109 5436 1302 5501 Rozr.
1356 5436 1406 5518 ⁶)
1452 5438 1784 5499 meminerit
1824 5436 1950 5499 Ed.
1998 5436 2181 5520 Lips.
