4342 6384
82 6248 96 6346 ,——
82 6144 85 6151 ,

428 604 562 704 (Α.
602 603 693 680 D.
732 600 962 703 1414.)
1581 628 1806 681 manu
1861 628 2324 681 unm-:emus
3194 640 3233 670 ·.
3370 608 3511 677 171

427 811 499 883 in
553 816 896 904 apparatu
949 815 1021 885 et
1074 833 1362 886 numero
1417 812 1766 904 frequenti
1821 817 2319 899 convenerant,
2378 811 2549 885 item
2602 817 2881 903 praeter
2922 814 3167 903 gentes
3206 808 3515 889 Alexan*

423 929 532 1003 dri
595 916 979 1003 Withawdi
1042 931 1264 1005 Ducis
1328 931 1566 1023 Magni
1629 931 2084 1020 Lithuaniae‚
2150 931 2423 1024 aliquot
2485 932 2981 1003 Thartarorum
3048 929 3275 1005 millia
3328 930 3520 1001 ultra

421 1052 667 1141 gentes
717 1050 1036 1142 proprias
1091 1071 1326 1123 secum
1378 1050 1734 1137 habentis,
1791 1050 1960 1123 item
2015 1054 2291 1141 praeter
2340 1052 2569 1123 Duces
2606 1048 2995 1137 Masoviae‚
3054 1048 3513 1134 Somovitum‚

421 1167 826 1240 Ianussium
881 1172 951 1242 et
996 1169 1436 1257 Boleslaum‚
1491 1173 1702 1261 atque
1754 1172 1998 1261 gentes
2055 1189 2325 1256 eorum,
2382 1170 2609 1241 Duces
2666 1168 2936 1241 Slesiae
2991 1166 3173 1241 infra
3228 1166 3513 1257 scripti;

419 1286 818 1359 Bernardus
847 1286 1274 1379 Opoliensis,
1314 1288 1684 1361 Ianussius
1713 1286 2308 1375 Rathiboriensis,
2348 1289 2718 1360 Boleslaus
2747 1286 3283 1386 Theschnensis,
3330 1286 3511 1357 Oun-

419 1404 632 1476 radus
687 1404 1036 1477 Canthner
1089 1386 1685 1494 Oleschnicensis,
1746 1405 2205 1478 wenceslaus
2260 1405 2715 1498 Zeganensis,
2772 1406 3121 1483 Iohannes
3158 1404 3513 1477 Lubinen-

423 1522 558 1611 sis,
615 1522 977 1597 Gunradus
1030 1525 1237 1596 albus
1289 1522 1704 1597 Koszlensis
1743 1525 1822 1613 ¹),
1880 1523 2339 1597 wenceslaus
2402 1524 2900 1615 Oppaviensis,
2958 1523 3031 1597 in
3088 1522 3419 1597 solatium
3451 1522 3513 1613 2)

419 1664 579 1715 cum
643 1643 1038 1735 frequentia
1101 1648 1173 1716 et
1227 1643 1492 1735 insigni
1554 1664 1808 1735 pompa
1870 1644 2182 1716 militum
2246 1644 2704 1731 advenerant3
2769 1644 2937 1716 item
3001 1644 3274 1717 Laczek
3304 1640 3367 1731 3)
3422 1642 3510 1715 de

418 1762 693 1835 Grawar
744 1761 1164 1854 Capitaneus
1227 1762 1580 1837 Moraviae
1641 1763 1950 1835 notabile
2012 1762 2427 1837 banderium
2490 1764 2573 1837 de
2634 1762 2963 1855 gentibus
3029 1761 3379 1854 expeditis
3442 1765 3515 1833 et

419 1880 832 1954 exercitatis
885 1881 1394 1955 transmiserat.
1451 1882 1892 1956 conduxerat
1944 1886 2304 1973 praeterea
2356 1881 2795 1955 Wladislaus
2850 1882 3004 1955 Rex
3054 1902 3393 1973 magnum·
3422 1902 3509 1953 ex

417 2000 750 2073 Bohemis
805 2004 874 2073 et
929 2000 1214 2075 Slesitis
1269 2002 1848 2075 mercenariorum
1905 2001 2211 2073 militum
2267 2022 2663 2089 numerum,
2721 2006 3003 2093 tamque
3038 2001 3359 2093 ingentes
3398 2021 3508 2072 co-

419 2118 576 2210 pias
627 2139 756 2211 pro
809 2140 891 2192 ea
943 2122 1360 2210 tempestate
1422 2120 1701 2208 habuit,
1769 2124 1850 2192 ut
1913 2140 2038 2211 pro
2102 2120 2443 2193 vastanda
2504 2142 2757 2213 magna
2818 2125 3015 2212 parte
3072 2120 3259 2194 orbis
3315 2122 3509 2192 suffi-

417 2242 678 2311 cerent.
735 2238 1048 2311 Aderant
1100 2238 1427 2331 Magistri
1482 2243 1552 2312 et
1606 2238 2112 2313 cruciferorum
2166 2238 2435 2328 nuntii,
2493 2239 2658 2311 dum
2712 2240 3065 2313 exercitus
3102 2238 3281 2332 regii
3320 2238 3501 2311 ordi·

419 2356 614 2429 natio
677 2358 908 2445 fieret,
983 2362 1054 2431 et
1117 2378 1388 2431 summa
1457 2340 1828 2451 diligent-ia
1891 2358 2154 2444 omnia,
2230 2378 2408 2450 quae
2462 2358 2535 2429 in
2590 2359 2904 2432 exercitu
2963 2358 3156 2452 regio
3219 2358 3505 2453 fiebant,

418 2476 612 2569 Rege
664 2477 1142 2567 permittente,
1201 2497 1471 2549 summa
1524 2497 1690 2549 cura
1743 2478 2102 2550 notabant.
2159 2476 2566 2569 Legationis
2620 2499 2855 2551 eorum
2908 2497 3047 2551 non
3101 2478 3243 2551 alia
3281 2476 3499 2549 series

419 2599 602 2667 erat:
660 2593 1032 2669 desisteret
1058 2597 1122 2683 ⁴)
1177 2597 1333 2669 Rex
1387 2618 1430 2667 a
1481 2596 1700 2684 bello,
1757 2616 2086 2689 armaque
2138 2597 2545 2687 deponeret,
2603 2596 3016 2689 Magistrum
3072 2600 3143 2669 et
3198 2596 3501 2669 Crucife·

415 2734 532 2785 ros
569 2713 644 2787 in
679 2714 1138 2787 Wilhelmum
1176 2714 1636 2787 Missnensem
1671 2715 2141 2788 Marchionem
2180 2735 2392 2807 super
2426 2714 2747 2788 omnibus
2786 2714 3317 2808 quaestionibus
3354 2716 3503 2806 ple-

417 2833 612 2907 narie
665 2834 1308 2925 compromissuros.
1366 2834 1622 2907 Verum
1677 2834 1842 2907 dum
1895 2834 2255 2909 evidenter
2306 2838 2701 2926 appareret,
2759 2834 3177 2927 Magistrum
3232 2838 3301 2907 et
3336 2833 3505 2906 Cru-

417 2951 670 3026 ciferos
741 2952 1090 3045 legatione
1165 2952 1320 3046 ipsa
1389 2954 1654 3047 Regem
1707 2976 1750 3026 a
1801 2954 2289 3046 prosecutione
2353 2958 2635 3046 coeptae
2698 2952 3163 3045 expeditionis
3218 2952 3293 3027 in
3348 2952 3507 3025 dolo

418 3070 726 3160 evocari,
782 3071 1009 3145 redire
1063 3073 1324 3164 absque
1380 3094 1503 3164 spe
1558 3073 1746 3145 omni
1799 3073 1992 3164 pacis
2039 3072 2220 3146 iussi
2256 3076 2457 3161 sunt3
2514 3077 2585 3145 et
2622 3072 2682 3145 si
2719 3093 2961 3165 pacem
3000 3071 3268 3145 sincero
3305 3071 3511 3144 corde

417 3192 716 3280 vellent,
774 3191 950 3263 alias
1005 3191 1590 3283 qualificationes,
1647 3192 1825 3265 alias
1881 3213 2155 3284 quoque
2210 3190 2644 3264 conditiones
2698 3191 2785 3262 ad
2837 3211 3080 3282 pacem
3128 3189 3503 3279 adferrent,

415 3330 544 3402 per
604 3332 778 3401 quas
842 3315 1203 3403 appareret
1268 3309 1432 3383 illos
1496 3310 1762 3384 sincere
1823 3310 1908 3383 de
1959 3331 2130 3402 pace
2192 3330 2427 3402 agere,
2494 3316 2565 3383 et
2620 3330 2795 3401 quae
2858 3310 3123 3383 bellum
3188 3330 3327 3385 non
3394 3308 3499 3381 in-

417 3429 807 3503 eluderent.

413 3780 812 3851 Vladislau
849 3760 991 3851 lex
1035 3780 1267 3870 oppido
1312 3782 1384 3851 et
1427 3782 1645 3852 cantro
1689 3780 1965 3868 mdborg
2008 3781 2209 3868 atque
2247 3779 2625 3867 nanneten
2668 3781 2741 3849 ct
2779 3777 3047 3850 nautea
3086 3778 3504 3867 expugnatu,

1264 3898 1348 3969 ad
1392 3898 1697 3987 neuburg
1741 3898 2237 3989 oppugnandu-
2278 3898 2372 3969 ire
2416 3897 2653 3988 pergit.

629 4142 960 4215 Ordinato
1017 4142 1365 4227 exercitu,
1421 4142 1718 4214 intravit
1772 4141 2213 4215 Wladislaus
2266 4140 2601 4213 Poloniae
2656 4142 2813 4214 Rex
2868 4140 2943 4211 in
2998 4144 3221 4213 terras
3280 4141 3500 4213 hosti-

407 4265 561 4350 leS,
621 4267 689 4333 et
743 4261 996 4353 oppido
1050 4260 1370 4353 Nidborg
1399 4260 1461 4348 5)
1515 4260 1818 4351 primum
1873 4260 2298 4351 conquisito,
2375 4265 2681 4331 castrum
2738 4258 2949 4331 etiam
3004 4258 3069 4331 ei
3125 4259 3500 4350 superemi-

403 4402 594 4455 nens
647 4380 1167 4468 circumvallat,
1223 4380 1406 4470 quod
1459 4380 1738 4451 taudem
1794 4383 2042 4451 octavo
2080 4379 2193 4451 die
2232 4378 2603 4468 conquirit.
2662 4377 3069 4468 Opportuna
3120 4377 3502 4468 plurimum

400 4498 602 4591 Regi
653 4504 724 4573 et
775 4498 1103 4571 universo
1159 4518 1284 4571 suo
1339 4498 1680 4572 exercitui
1733 4497 2188 4588 conquisitio,
2256 4500 2603 4587 quatenus
2666 4497 2887 4569 libera
2950 4501 3137 4568 esset
3198 4497 3286 4567 ad
3340 4517 3499 4568 con-

400 4618 842 4705 ducendum,
898 4638 985 4689 ne
1038 4622 1283 4690 tantus
1340 4616 1690 4690 exercitus
1746 4618 1924 4688 fame
1979 4599 2525 4701 contabesceret,
2592 4619 3046 4701 commeatu8‚
3114 4614 3499 4706 negotiato-

395 4738 614 4812 ribus
667 4737 804 4808 via.
861 4737 971 4809 Ex
1025 4735 1343 4828 Nidborg
1394 4737 1548 4807 Rex
1601 4755 2012 4827 progressus
2077 4734 2270 4805 venit
2323 4733 2399 4804 in
2451 4734 2856 4824 Hoyensten
2886 4734 2973 4822 6),
3032 4738 3101 4805 et
3156 4732 3349 4809 illico
3403 4731 3498 4803 ci-

395 4856 606 4929 vitas
643 4859 713 4928 et
749 4859 1054 4928 castrum
1089 4854 1270 4947 Regi
1307 4854 1544 4926 dedita
1580 4860 1767 4925 sunt.
1833 4852 2106 4924 Abinde
2144 4852 2217 4922 in
2254 4852 2557 4925 Halsten
2590 4853 2651 4941 ⁷)
2689 4850 3047 4924 civitatem
3084 4855 3154 4924 et
3188 4855 3499 4923 castrum

632 5142 678 5222 ¹)
723 5144 1038 5204 Kostcnsis
1079 5139 1208 5203 Ed.
1253 5138 1434 5223 Lips.
1483 5139 1539 5219 ςΙ)
1583 5141 1864 5201 auxilium
1898 5136 2049 5202 Cod.
2081 5136 2272 5201 Rozr.
2322 5136 2373 5216 ³)
2406 5138 2683 5199 Lanczek
2732 5132 2883 5199 God.
2922 5132 3097 5200 Calv.
3129 5137 3333 5197 Lacek
3372 5134 3499 5197 Ed.

387 5246 596 5329 Lips.
644 5243 698 5324 ⁴)
728 5262 906 5321 quam
934 5250 1002 5305 ut
1029 5244 1344 5305 desisteret
1377 5238 1528 5304 Cod.
1563 5242 1759 5304 Rozr.
1797 5241 1846 5320 ⁵)
1877 5244 1936 5302 N
1939 5242 2151 5302 idbork
2186 5236 2338 5302 Cod.
2384 5238 2559 5300 Calv.
2593 5239 2675 5317 (N
2676 5238 3045 5317 eidenburg).
3088 5234 3143 5313 ⁸)
3156 5293 3163 5299 .
3176 5238 3500 5299 Halschten

387 5346 536 5416 Ed.
589 5345 771 5432 Lips.
817 5345 1249 5445 (Hohenstcin).
1299 5342 1350 5423 ⁷)
1395 5346 1667 5407 Halstum
1716 5341 1867 5407 Cod.
1913 5342 2090 5405 Kost.
2135 5345 2419 5405 Hoicsten
2463 5338 2589 5404 Ed.
2635 5337 2815 5425 Lips.
2862 5340 3260 5422 (Allenstein).
