<?xml version="1.0" encoding="UTF-8"?>
<!DOCTYPE html PUBLIC "-//W3C//DTD XHTML 1.0 Transitional//EN"
    "http://www.w3.org/TR/xhtml1/DTD/xhtml1-transitional.dtd">
<html xmlns="http://www.w3.org/1999/xhtml" xml:lang="en" lang="en">
 <head>
  <title>
</title>
<meta http-equiv="Content-Type" content="text/html;charset=utf-8" />
  <meta name='ocr-system' content='tesseract 3.04.00' />
  <meta name='ocr-capabilities' content='ocr_page ocr_carea ocr_par ocr_line ocrx_word'/>
</head>
<body>
  <div class='ocr_page' id='page_1' title='image "./dzieawszystkie00unkngoog_0268.png"; bbox 0 0 4342 6384; ppageno 0'>
   <div class='ocr_carea' id='block_1_1' title="bbox 383 561 3484 695">
    <p class='ocr_par' dir='ltr' id='par_1_1' title="bbox 383 561 3484 695">
     <span class='ocr_line' id='line_1_1' title="bbox 383 561 3484 695; baseline 0.001 -26"><span class='ocrx_word' id='word_1_1' title='bbox 383 591 513 695; x_wconf 78' lang='grc' dir='ltr'><strong>(Α.</strong></span> <span class='ocrx_word' id='word_1_2' title='bbox 554 589 648 669; x_wconf 66' lang='lat'><strong>02</strong></span> <span class='ocrx_word' id='word_1_3' title='bbox 688 587 947 692; x_wconf 73' lang='lat'><strong>1420.)</strong></span> <span class='ocrx_word' id='word_1_4' title='bbox 1546 613 1773 670; x_wconf 68' lang='lat' dir='ltr'><strong>menn</strong></span> <span class='ocrx_word' id='word_1_5' title='bbox 1824 613 2284 670; x_wconf 66' lang='lat' dir='ltr'><strong>monemus.</strong></span> <span class='ocrx_word' id='word_1_6' title='bbox 2923 561 2936 574; x_wconf 40' lang='lat'><em>⁶</em></span> <span class='ocrx_word' id='word_1_7' title='bbox 3335 599 3484 673; x_wconf 84' lang='lat'><strong>257</strong></span> 
     </span>
    </p>
   </div>
   <div class='ocr_carea' id='block_1_2' title="bbox 374 801 3489 4493">
    <p class='ocr_par' dir='ltr' id='par_1_2' title="bbox 374 801 3489 4493">
     <span class='ocr_line' id='line_1_2' title="bbox 381 801 3480 896; baseline 0.002 -22"><span class='ocrx_word' id='word_1_8' title='bbox 381 801 673 875; x_wconf 88' lang='lat' dir='ltr'><strong>tentiam</strong></span> <span class='ocrx_word' id='word_1_9' title='bbox 730 801 1114 874; x_wconf 85' lang='lat' dir='ltr'><strong>confectam</strong></span> <span class='ocrx_word' id='word_1_10' title='bbox 1170 806 1241 876; x_wconf 88' lang='lat' dir='ltr'><strong>et</strong></span> <span class='ocrx_word' id='word_1_11' title='bbox 1294 801 1672 875; x_wconf 83' lang='lat' dir='ltr'><strong>limitatam</strong></span> <span class='ocrx_word' id='word_1_12' title='bbox 1728 807 2029 893; x_wconf 87' lang='lat' dir='ltr'><strong>teneret,</strong></span> <span class='ocrx_word' id='word_1_13' title='bbox 2088 823 2296 895; x_wconf 86' lang='lat' dir='ltr'><strong>quam</strong></span> <span class='ocrx_word' id='word_1_14' title='bbox 2351 805 2761 878; x_wconf 86' lang='lat' dir='ltr'><strong>nullatenus</strong></span> <span class='ocrx_word' id='word_1_15' title='bbox 2818 803 3088 878; x_wconf 77' lang='lat' dir='ltr'><strong>variare</strong></span> <span class='ocrx_word' id='word_1_16' title='bbox 3145 805 3362 879; x_wconf 83' lang='lat' dir='ltr'><strong>vellet</strong></span> <span class='ocrx_word' id='word_1_17' title='bbox 3403 808 3480 896; x_wconf 89' lang='lat'><strong>¹),</strong></span> 
     </span>
     <span class='ocr_line' id='line_1_3' title="bbox 375 919 3486 1014; baseline 0.002 -22"><span class='ocrx_word' id='word_1_18' title='bbox 375 919 819 1011; x_wconf 89' lang='lat' dir='ltr'><strong>respondisse</strong></span> <span class='ocrx_word' id='word_1_19' title='bbox 872 925 1157 993; x_wconf 87' lang='lat' dir='ltr'><strong>notatus</strong></span> <span class='ocrx_word' id='word_1_20' title='bbox 1214 924 1345 994; x_wconf 85' lang='lat' dir='ltr'><strong>est.</strong></span> <span class='ocrx_word' id='word_1_21' title='bbox 1424 921 1625 994; x_wconf 90' lang='lat' dir='ltr'><strong>Hanc</strong></span> <span class='ocrx_word' id='word_1_22' title='bbox 1687 921 2220 1014; x_wconf 76' lang='lat' dir='ltr'>replicationem</span> <span class='ocrx_word' id='word_1_23' title='bbox 2275 925 2478 996; x_wconf 85' lang='lat' dir='ltr'><strong>velut</strong></span> <span class='ocrx_word' id='word_1_24' title='bbox 2540 925 2789 997; x_wconf 84' lang='lat' dir='ltr'><strong>fortem</strong></span> <span class='ocrx_word' id='word_1_25' title='bbox 2853 929 2924 996; x_wconf 91' lang='lat' dir='ltr'><strong>et</strong></span> <span class='ocrx_word' id='word_1_26' title='bbox 2977 923 3356 1013; x_wconf 85' lang='lat' dir='ltr'><strong>notoriam,</strong></span> <span class='ocrx_word' id='word_1_27' title='bbox 3415 932 3486 999; x_wconf 89' lang='lat' dir='ltr'><strong>et</strong></span> 
     </span>
     <span class='ocr_line' id='line_1_4' title="bbox 380 1039 3489 1136; baseline 0.003 -25"><span class='ocrx_word' id='word_1_28' title='bbox 380 1061 557 1132; x_wconf 86' lang='lat' dir='ltr'><strong>quae</strong></span> <span class='ocrx_word' id='word_1_29' title='bbox 614 1039 885 1113; x_wconf 83' lang='lat' dir='ltr'><strong>facinus</strong></span> <span class='ocrx_word' id='word_1_30' title='bbox 942 1039 1381 1133; x_wconf 88' lang='lat' dir='ltr'><strong>Sigismundi</strong></span> <span class='ocrx_word' id='word_1_31' title='bbox 1435 1043 1907 1114; x_wconf 88' lang='lat' dir='ltr'><strong>Romanorum</strong></span> <span class='ocrx_word' id='word_1_32' title='bbox 1944 1042 2159 1135; x_wconf 88' lang='lat' dir='ltr'><strong>Regis</strong></span> <span class='ocrx_word' id='word_1_33' title='bbox 2217 1043 2304 1115; x_wconf 89' lang='lat' dir='ltr'><strong>ad</strong></span> <span class='ocrx_word' id='word_1_34' title='bbox 2341 1043 2687 1136; x_wconf 90' lang='lat' dir='ltr'><strong>liquidum</strong></span> <span class='ocrx_word' id='word_1_35' title='bbox 2745 1043 3210 1136; x_wconf 80' lang='lat' dir='ltr'><strong>exprimebat,</strong></span> <span class='ocrx_word' id='word_1_36' title='bbox 3251 1046 3489 1119; x_wconf 90' lang='lat' dir='ltr'><strong>nuntii</strong></span> 
     </span>
     <span class='ocr_line' id='line_1_5' title="bbox 382 1159 3485 1258; baseline 0.002 -25"><span class='ocrx_word' id='word_1_37' title='bbox 382 1160 525 1250; x_wconf 92' lang='lat' dir='ltr'><strong>sui,</strong></span> <span class='ocrx_word' id='word_1_38' title='bbox 584 1181 721 1252; x_wconf 89' lang='lat' dir='ltr'><strong>quo</strong></span> <span class='ocrx_word' id='word_1_39' title='bbox 775 1159 1055 1253; x_wconf 87' lang='lat' dir='ltr'><strong>ingenio</strong></span> <span class='ocrx_word' id='word_1_40' title='bbox 1120 1161 1554 1250; x_wconf 76' lang='lat' dir='ltr'><strong>refellerent,</strong></span> <span class='ocrx_word' id='word_1_41' title='bbox 1620 1183 1761 1233; x_wconf 92' lang='lat' dir='ltr'><strong>non</strong></span> <span class='ocrx_word' id='word_1_42' title='bbox 1814 1161 2275 1252; x_wconf 90' lang='lat' dir='ltr'><strong>reperientes,</strong></span> <span class='ocrx_word' id='word_1_43' title='bbox 2350 1163 2652 1255; x_wconf 88' lang='lat' dir='ltr'><strong>priorem</strong></span> <span class='ocrx_word' id='word_1_44' title='bbox 2715 1163 3242 1254; x_wconf 85' lang='lat' dir='ltr'><strong>responsionem</strong></span> <span class='ocrx_word' id='word_1_45' title='bbox 3296 1164 3485 1258; x_wconf 89' lang='lat' dir='ltr'><strong>inge-</strong></span> 
     </span>
     <span class='ocr_line' id='line_1_6' title="bbox 385 1278 3486 1376; baseline 0.001 -24"><span class='ocrx_word' id='word_1_46' title='bbox 385 1279 749 1369; x_wconf 81' lang='lat' dir='ltr'><strong>minando,</strong></span> <span class='ocrx_word' id='word_1_47' title='bbox 822 1278 1179 1353; x_wconf 88' lang='lat' dir='ltr'><strong>dominum</strong></span> <span class='ocrx_word' id='word_1_48' title='bbox 1234 1301 1439 1354; x_wconf 86' lang='lat' dir='ltr'><strong>suum</strong></span> <span class='ocrx_word' id='word_1_49' title='bbox 1504 1279 2035 1372; x_wconf 84' lang='lat' dir='ltr'><strong>Sigismundum</strong></span> <span class='ocrx_word' id='word_1_50' title='bbox 2089 1282 2561 1356; x_wconf 89' lang='lat' dir='ltr'><strong>Romanorum</strong></span> <span class='ocrx_word' id='word_1_51' title='bbox 2627 1287 2698 1354; x_wconf 90' lang='lat' dir='ltr'><strong>et</strong></span> <span class='ocrx_word' id='word_1_52' title='bbox 2750 1282 3176 1375; x_wconf 86' lang='lat' dir='ltr'><strong>Hungariae·</strong></span> <span class='ocrx_word' id='word_1_53' title='bbox 3221 1284 3486 1376; x_wconf 83' lang='lat' dir='ltr'><strong>Regem</strong></span> 
     </span>
     <span class='ocr_line' id='line_1_7' title="bbox 384 1400 3484 1495; baseline 0.002 -25"><span class='ocrx_word' id='word_1_54' title='bbox 384 1400 615 1473; x_wconf 86' lang='lat' dir='ltr'><strong>omnia</strong></span> <span class='ocrx_word' id='word_1_55' title='bbox 670 1401 851 1474; x_wconf 83' lang='lat' dir='ltr'><strong>male</strong></span> <span class='ocrx_word' id='word_1_56' title='bbox 906 1405 977 1472; x_wconf 91' lang='lat' dir='ltr'><strong>et</strong></span> <span class='ocrx_word' id='word_1_57' title='bbox 1030 1400 1293 1473; x_wconf 89' lang='lat' dir='ltr'><strong>iniuste</strong></span> <span class='ocrx_word' id='word_1_58' title='bbox 1346 1401 1803 1492; x_wconf 87' lang='lat' dir='ltr'><strong>pronuntiata</strong></span> <span class='ocrx_word' id='word_1_59' title='bbox 1856 1405 2360 1491; x_wconf 88' lang='lat' dir='ltr'><strong>correcturum,</strong></span> <span class='ocrx_word' id='word_1_60' title='bbox 2418 1407 2488 1475; x_wconf 90' lang='lat' dir='ltr'><strong>et</strong></span> <span class='ocrx_word' id='word_1_61' title='bbox 2527 1424 2600 1476; x_wconf 89' lang='lat' dir='ltr'><strong>se</strong></span> <span class='ocrx_word' id='word_1_62' title='bbox 2635 1401 2824 1494; x_wconf 84' lang='lat' dir='ltr'><strong>parti</strong></span> <span class='ocrx_word' id='word_1_63' title='bbox 2876 1402 3160 1495; x_wconf 90' lang='lat' dir='ltr'><strong>utrique</strong></span> <span class='ocrx_word' id='word_1_64' title='bbox 3217 1404 3484 1476; x_wconf 85' lang='lat' dir='ltr'><strong>iustum</strong></span> 
     </span>
     <span class='ocr_line' id='line_1_8' title="bbox 384 1520 3485 1617; baseline 0.001 -24"><span class='ocrx_word' id='word_1_65' title='bbox 384 1520 726 1594; x_wconf 88' lang='lat' dir='ltr'><strong>arbitrum</strong></span> <span class='ocrx_word' id='word_1_66' title='bbox 779 1520 1451 1609; x_wconf 85' lang='lat' dir='ltr'><strong>demonstraturum,</strong></span> <span class='ocrx_word' id='word_1_67' title='bbox 1518 1525 1687 1594; x_wconf 89' lang='lat' dir='ltr'><strong>tunc</strong></span> <span class='ocrx_word' id='word_1_68' title='bbox 1748 1521 2074 1612; x_wconf 88' lang='lat' dir='ltr'><strong>pluribus</strong></span> <span class='ocrx_word' id='word_1_69' title='bbox 2141 1527 2212 1595; x_wconf 90' lang='lat' dir='ltr'><strong>et</strong></span> <span class='ocrx_word' id='word_1_70' title='bbox 2275 1523 2446 1595; x_wconf 89' lang='lat' dir='ltr'><strong>altis</strong></span> <span class='ocrx_word' id='word_1_71' title='bbox 2512 1522 3150 1614; x_wconf 80' lang='lat' dir='ltr'><strong>pollicitationibus</strong></span> <span class='ocrx_word' id='word_1_72' title='bbox 3216 1524 3485 1617; x_wconf 88' lang='lat' dir='ltr'><strong>obliga-</strong></span> 
     </span>
     <span class='ocr_line' id='line_1_9' title="bbox 380 1640 3487 1734; baseline 0.001 -21"><span class='ocrx_word' id='word_1_73' title='bbox 380 1640 572 1714; x_wconf 83' lang='lat' dir='ltr'><strong>bant.</strong></span> <span class='ocrx_word' id='word_1_74' title='bbox 650 1641 1087 1732; x_wconf 78' lang='lat' dir='ltr'><strong>Quapropter</strong></span> <span class='ocrx_word' id='word_1_75' title='bbox 1152 1641 1589 1714; x_wconf 78' lang='lat' dir='ltr'><strong>wladislaus</strong></span> <span class='ocrx_word' id='word_1_76' title='bbox 1654 1641 1989 1714; x_wconf 85' lang='lat' dir='ltr'><strong>Poloniae</strong></span> <span class='ocrx_word' id='word_1_77' title='bbox 2052 1642 2209 1716; x_wconf 85' lang='lat' dir='ltr'><strong>Rex</strong></span> <span class='ocrx_word' id='word_1_78' title='bbox 2281 1641 2704 1714; x_wconf 86' lang='lat' dir='ltr'><strong>oblationem</strong></span> <span class='ocrx_word' id='word_1_79' title='bbox 2770 1645 2841 1714; x_wconf 92' lang='lat' dir='ltr'><strong>et</strong></span> <span class='ocrx_word' id='word_1_80' title='bbox 2898 1642 3487 1734; x_wconf 79' lang='lat' dir='ltr'><strong>pollicitationem</strong></span> 
     </span>
     <span class='ocr_line' id='line_1_10' title="bbox 379 1759 3486 1856; baseline 0.001 -24"><span class='ocrx_word' id='word_1_81' title='bbox 379 1759 785 1834; x_wconf 84' lang='lat' dir='ltr'><strong>huiusmodi</strong></span> <span class='ocrx_word' id='word_1_82' title='bbox 846 1759 1265 1834; x_wconf 83' lang='lat' dir='ltr'><strong>existimans</strong></span> <span class='ocrx_word' id='word_1_83' title='bbox 1340 1760 1681 1834; x_wconf 78' lang='lat' dir='ltr'><strong>sinceram</strong></span> <span class='ocrx_word' id='word_1_84' title='bbox 1746 1782 1931 1848; x_wconf 87' lang='lat' dir='ltr'><strong>esse,</strong></span> <span class='ocrx_word' id='word_1_85' title='bbox 2008 1762 2384 1836; x_wconf 89' lang='lat' dir='ltr'><strong>Albertum</strong></span> <span class='ocrx_word' id='word_1_86' title='bbox 2449 1762 3005 1854; x_wconf 84' lang='lat' dir='ltr'><strong>Iastrzambyecz</strong></span> <span class='ocrx_word' id='word_1_87' title='bbox 3083 1763 3486 1856; x_wconf 89' lang='lat' dir='ltr'><strong>episcopum</strong></span> 
     </span>
     <span class='ocr_line' id='line_1_11' title="bbox 384 1879 3484 1976; baseline 0.001 -24"><span class='ocrx_word' id='word_1_88' title='bbox 384 1880 907 1954; x_wconf 78' lang='lat' dir='ltr'><strong>cracoviensem</strong></span> <span class='ocrx_word' id='word_1_89' title='bbox 962 1886 1035 1952; x_wconf 89' lang='lat' dir='ltr'><strong>et</strong></span> <span class='ocrx_word' id='word_1_90' title='bbox 1087 1879 1315 1973; x_wconf 85' lang='lat' dir='ltr'><strong>Regni</strong></span> <span class='ocrx_word' id='word_1_91' title='bbox 1370 1880 1705 1954; x_wconf 89' lang='lat' dir='ltr'><strong>Poloniae</strong></span> <span class='ocrx_word' id='word_1_92' title='bbox 1759 1881 2286 1969; x_wconf 87' lang='lat' dir='ltr'><strong>cancellarium,</strong></span> <span class='ocrx_word' id='word_1_93' title='bbox 2348 1886 2416 1954; x_wconf 88' lang='lat' dir='ltr'><strong>et</strong></span> <span class='ocrx_word' id='word_1_94' title='bbox 2473 1881 2852 1974; x_wconf 86' lang='lat' dir='ltr'><strong>Sbigneum</strong></span> <span class='ocrx_word' id='word_1_95' title='bbox 2875 1880 2936 1970; x_wconf 83' lang='lat'><strong>2)</strong></span> <span class='ocrx_word' id='word_1_96' title='bbox 2993 1882 3220 1976; x_wconf 84' lang='lat' dir='ltr'><strong>Regni</strong></span> <span class='ocrx_word' id='word_1_97' title='bbox 3279 1883 3484 1956; x_wconf 91' lang='lat' dir='ltr'><strong>Polo-</strong></span> 
     </span>
     <span class='ocr_line' id='line_1_12' title="bbox 383 1999 3486 2093; baseline 0 -22"><span class='ocrx_word' id='word_1_98' title='bbox 383 1999 537 2073; x_wconf 88' lang='lat' dir='ltr'><strong>niae</strong></span> <span class='ocrx_word' id='word_1_99' title='bbox 592 2000 1010 2073; x_wconf 87' lang='lat' dir='ltr'><strong>marsalcum</strong></span> <span class='ocrx_word' id='word_1_100' title='bbox 1074 1999 1161 2072; x_wconf 88' lang='lat' dir='ltr'><strong>ad</strong></span> <span class='ocrx_word' id='word_1_101' title='bbox 1216 2002 1608 2092; x_wconf 86' lang='lat' dir='ltr'><strong>praefatum</strong></span> <span class='ocrx_word' id='word_1_102' title='bbox 1674 1999 2206 2092; x_wconf 88' lang='lat' dir='ltr'><strong>Sigismundum</strong></span> <span class='ocrx_word' id='word_1_103' title='bbox 2275 2001 2744 2074; x_wconf 88' lang='lat' dir='ltr'><strong>Romanorum</strong></span> <span class='ocrx_word' id='word_1_104' title='bbox 2800 2002 3065 2093; x_wconf 88' lang='lat' dir='ltr'><strong>Regem</strong></span> <span class='ocrx_word' id='word_1_105' title='bbox 3129 2002 3355 2075; x_wconf 88' lang='lat' dir='ltr'><strong>adhuc</strong></span> <span class='ocrx_word' id='word_1_106' title='bbox 3414 2003 3486 2075; x_wconf 93' lang='lat' dir='ltr'><strong>in</strong></span> 
     </span>
     <span class='ocr_line' id='line_1_13' title="bbox 383 2119 3488 2214; baseline 0 -21"><span class='ocrx_word' id='word_1_107' title='bbox 383 2119 671 2194; x_wconf 81' lang='lat' dir='ltr'><strong>civitate</strong></span> <span class='ocrx_word' id='word_1_108' title='bbox 731 2119 1311 2194; x_wconf 85' lang='lat' dir='ltr'><strong>Wratislaviensi</strong></span> <span class='ocrx_word' id='word_1_109' title='bbox 1383 2123 1733 2212; x_wconf 87' lang='lat' dir='ltr'><strong>agentem,</strong></span> <span class='ocrx_word' id='word_1_110' title='bbox 1809 2120 1895 2192; x_wconf 87' lang='lat' dir='ltr'><strong>ad</strong></span> <span class='ocrx_word' id='word_1_111' title='bbox 1960 2119 2458 2194; x_wconf 86' lang='lat' dir='ltr'><strong>solicitandum</strong></span> <span class='ocrx_word' id='word_1_112' title='bbox 2531 2128 2602 2193; x_wconf 89' lang='lat' dir='ltr'><strong>et</strong></span> <span class='ocrx_word' id='word_1_113' title='bbox 2671 2121 3048 2214; x_wconf 89' lang='lat' dir='ltr'><strong>petendum</strong></span> <span class='ocrx_word' id='word_1_114' title='bbox 3122 2121 3328 2193; x_wconf 90' lang='lat' dir='ltr'><strong>illum</strong></span> <span class='ocrx_word' id='word_1_115' title='bbox 3401 2123 3488 2195; x_wconf 91' lang='lat' dir='ltr'><strong>de</strong></span> 
     </span>
     <span class='ocr_line' id='line_1_14' title="bbox 382 2239 3482 2332; baseline 0 -20"><span class='ocrx_word' id='word_1_116' title='bbox 382 2241 805 2314; x_wconf 87' lang='lat' dir='ltr'><strong>correctione</strong></span> <span class='ocrx_word' id='word_1_117' title='bbox 859 2261 1027 2312; x_wconf 88' lang='lat' dir='ltr'><strong>suae</strong></span> <span class='ocrx_word' id='word_1_118' title='bbox 1078 2239 1605 2331; x_wconf 81' lang='lat' dir='ltr'><strong>praeiudicialis</strong></span> <span class='ocrx_word' id='word_1_119' title='bbox 1662 2241 2085 2328; x_wconf 82' lang='lat' dir='ltr'><strong>sententiae,</strong></span> <span class='ocrx_word' id='word_1_120' title='bbox 2144 2240 2602 2312; x_wconf 85' lang='lat' dir='ltr'><strong>transmittit:</strong></span> <span class='ocrx_word' id='word_1_121' title='bbox 2662 2244 3010 2332; x_wconf 88' lang='lat' dir='ltr'><strong>quatenus</strong></span> <span class='ocrx_word' id='word_1_122' title='bbox 3065 2241 3140 2312; x_wconf 89' lang='lat' dir='ltr'><strong>in</strong></span> <span class='ocrx_word' id='word_1_123' title='bbox 3196 2262 3274 2314; x_wconf 92' lang='lat' dir='ltr'><strong>eo</strong></span> <span class='ocrx_word' id='word_1_124' title='bbox 3330 2243 3482 2313; x_wconf 93' lang='lat' dir='ltr'><strong>loco</strong></span> 
     </span>
     <span class='ocr_line' id='line_1_15' title="bbox 380 2359 3484 2452; baseline -0 -19"><span class='ocrx_word' id='word_1_125' title='bbox 380 2359 606 2452; x_wconf 88' lang='lat' dir='ltr'><strong>ipsam</strong></span> <span class='ocrx_word' id='word_1_126' title='bbox 662 2359 1069 2452; x_wconf 85' lang='lat' dir='ltr'><strong>corrigeret,</strong></span> <span class='ocrx_word' id='word_1_127' title='bbox 1146 2359 1219 2432; x_wconf 90' lang='lat' dir='ltr'><strong>in</strong></span> <span class='ocrx_word' id='word_1_128' title='bbox 1275 2380 1411 2450; x_wconf 72' lang='lat' dir='ltr'><strong>quo</strong></span> <span class='ocrx_word' id='word_1_129' title='bbox 1476 2359 1678 2434; x_wconf 90' lang='lat' dir='ltr'><strong>illam</strong></span> <span class='ocrx_word' id='word_1_130' title='bbox 1732 2359 1913 2432; x_wconf 84' lang='lat' dir='ltr'><strong>male</strong></span> <span class='ocrx_word' id='word_1_131' title='bbox 1966 2380 2378 2451; x_wconf 76' lang='lat' dir='ltr'><strong>persuasae,</strong></span> <span class='ocrx_word' id='word_1_132' title='bbox 2453 2360 2570 2432; x_wconf 84' lang='lat' dir='ltr'><strong>vel</strong></span> <span class='ocrx_word' id='word_1_133' title='bbox 2621 2359 2851 2451; x_wconf 90' lang='lat' dir='ltr'><strong>pretio</strong></span> <span class='ocrx_word' id='word_1_134' title='bbox 2907 2365 3308 2452; x_wconf 80' lang='lat' dir='ltr'><strong>corruptae,</strong></span> <span class='ocrx_word' id='word_1_135' title='bbox 3364 2382 3484 2452; x_wconf 88' lang='lat' dir='ltr'><strong>pa·</strong></span> 
     </span>
     <span class='ocr_line' id='line_1_16' title="bbox 377 2479 3485 2579; baseline 0 -27"><span class='ocrx_word' id='word_1_136' title='bbox 377 2501 531 2552; x_wconf 88' lang='lat' dir='ltr'><strong>rum</strong></span> <span class='ocrx_word' id='word_1_137' title='bbox 590 2486 869 2554; x_wconf 85' lang='lat' dir='ltr'><strong>sensate</strong></span> <span class='ocrx_word' id='word_1_138' title='bbox 932 2485 1005 2553; x_wconf 90' lang='lat' dir='ltr'><strong>et</strong></span> <span class='ocrx_word' id='word_1_139' title='bbox 1068 2479 1255 2552; x_wconf 87' lang='lat' dir='ltr'><strong>iuste</strong></span> <span class='ocrx_word' id='word_1_140' title='bbox 1317 2479 1757 2570; x_wconf 87' lang='lat' dir='ltr'><strong>protulisset.</strong></span> <span class='ocrx_word' id='word_1_141' title='bbox 1843 2479 1935 2551; x_wconf 85' lang='lat' dir='ltr'><strong>Et</strong></span> <span class='ocrx_word' id='word_1_142' title='bbox 1998 2480 2167 2552; x_wconf 90' lang='lat' dir='ltr'><strong>licet</strong></span> <span class='ocrx_word' id='word_1_143' title='bbox 2239 2479 2538 2570; x_wconf 88' lang='lat' dir='ltr'><strong>praefati</strong></span> <span class='ocrx_word' id='word_1_144' title='bbox 2611 2479 2789 2572; x_wconf 90' lang='lat' dir='ltr'><strong>regii</strong></span> <span class='ocrx_word' id='word_1_145' title='bbox 2855 2479 3089 2552; x_wconf 89' lang='lat' dir='ltr'><strong>nuntii</strong></span> <span class='ocrx_word' id='word_1_146' title='bbox 3143 2479 3485 2579; x_wconf 70' lang='lat' dir='ltr'><strong>Albertus</strong></span> 
     </span>
     <span class='ocr_line' id='line_1_17' title="bbox 378 2597 3483 2693; baseline -0 -20"><span class='ocrx_word' id='word_1_147' title='bbox 378 2600 937 2693; x_wconf 79' lang='lat' dir='ltr'><strong>Iastrzambyecz</strong></span> <span class='ocrx_word' id='word_1_148' title='bbox 992 2599 1363 2691; x_wconf 87' lang='lat' dir='ltr'><strong>episcopus</strong></span> <span class='ocrx_word' id='word_1_149' title='bbox 1418 2598 1897 2672; x_wconf 80' lang='lat' dir='ltr'><strong>cracoviensis</strong></span> <span class='ocrx_word' id='word_1_150' title='bbox 1954 2604 2024 2672; x_wconf 89' lang='lat' dir='ltr'><strong>et</strong></span> <span class='ocrx_word' id='word_1_151' title='bbox 2080 2599 2428 2692; x_wconf 82' lang='lat' dir='ltr'><strong>Sbigneus</strong></span> <span class='ocrx_word' id='word_1_152' title='bbox 2483 2598 2568 2672; x_wconf 88' lang='lat' dir='ltr'><strong>de</strong></span> <span class='ocrx_word' id='word_1_153' title='bbox 2623 2601 2920 2672; x_wconf 81' lang='lat' dir='ltr'><strong>Brzesze</strong></span> <span class='ocrx_word' id='word_1_154' title='bbox 2949 2597 3014 2687; x_wconf 75' lang='lat'><strong>3)</strong></span> <span class='ocrx_word' id='word_1_155' title='bbox 3068 2599 3297 2692; x_wconf 83' lang='lat' dir='ltr'><strong>Regni</strong></span> <span class='ocrx_word' id='word_1_156' title='bbox 3351 2601 3483 2672; x_wconf 91' lang='lat' dir='ltr'><strong>Po-</strong></span> 
     </span>
     <span class='ocr_line' id='line_1_18' title="bbox 377 2713 3483 2812; baseline 0 -20"><span class='ocrx_word' id='word_1_157' title='bbox 377 2721 611 2794; x_wconf 87' lang='lat' dir='ltr'><strong>loniae</strong></span> <span class='ocrx_word' id='word_1_158' title='bbox 662 2719 1082 2808; x_wconf 77' lang='lat' dir='ltr'><strong>marsalcuS,</strong></span> <span class='ocrx_word' id='word_1_159' title='bbox 1140 2718 1671 2791; x_wconf 79' lang='lat' dir='ltr'><strong>Wratislaviam</strong></span> <span class='ocrx_word' id='word_1_160' title='bbox 1735 2713 1955 2811; x_wconf 89' lang='lat' dir='ltr'><strong>gradu</strong></span> <span class='ocrx_word' id='word_1_161' title='bbox 2022 2718 2296 2792; x_wconf 86' lang='lat' dir='ltr'><strong>concito</strong></span> <span class='ocrx_word' id='word_1_162' title='bbox 2359 2740 2448 2793; x_wconf 81' lang='lat' dir='ltr'><strong>ex</strong></span> <span class='ocrx_word' id='word_1_163' title='bbox 2504 2720 2656 2791; x_wconf 81' lang='lat' dir='ltr'><strong>Ilza</strong></span> <span class='ocrx_word' id='word_1_164' title='bbox 2685 2719 2750 2808; x_wconf 87' lang='lat'><strong>⁴)</strong></span> <span class='ocrx_word' id='word_1_165' title='bbox 2805 2719 3191 2812; x_wconf 87' lang='lat' dir='ltr'><strong>progressi,</strong></span> <span class='ocrx_word' id='word_1_166' title='bbox 3261 2719 3483 2812; x_wconf 88' lang='lat' dir='ltr'><strong>Sigis-</strong></span> 
     </span>
     <span class='ocr_line' id='line_1_19' title="bbox 376 2838 3480 2932; baseline -0.001 -18"><span class='ocrx_word' id='word_1_167' title='bbox 376 2840 715 2914; x_wconf 88' lang='lat' dir='ltr'><strong>mundum</strong></span> <span class='ocrx_word' id='word_1_168' title='bbox 770 2841 1239 2912; x_wconf 88' lang='lat' dir='ltr'><strong>Romanorum</strong></span> <span class='ocrx_word' id='word_1_169' title='bbox 1296 2843 1367 2912; x_wconf 90' lang='lat' dir='ltr'><strong>et</strong></span> <span class='ocrx_word' id='word_1_170' title='bbox 1420 2838 1830 2930; x_wconf 86' lang='lat' dir='ltr'><strong>Hungariae</strong></span> <span class='ocrx_word' id='word_1_171' title='bbox 1884 2839 2145 2932; x_wconf 86' lang='lat' dir='ltr'><strong>Regem</strong></span> <span class='ocrx_word' id='word_1_172' title='bbox 2202 2838 2356 2911; x_wconf 93' lang='lat' dir='ltr'><strong>illic</strong></span> <span class='ocrx_word' id='word_1_173' title='bbox 2411 2839 2886 2928; x_wconf 87' lang='lat' dir='ltr'><strong>offendissent,</strong></span> <span class='ocrx_word' id='word_1_174' title='bbox 2945 2843 3016 2912; x_wconf 90' lang='lat' dir='ltr'><strong>et</strong></span> <span class='ocrx_word' id='word_1_175' title='bbox 3069 2838 3302 2930; x_wconf 88' lang='lat' dir='ltr'><strong>ipsum</strong></span> <span class='ocrx_word' id='word_1_176' title='bbox 3358 2860 3480 2912; x_wconf 89' lang='lat' dir='ltr'><strong>no-</strong></span> 
     </span>
     <span class='ocr_line' id='line_1_20' title="bbox 376 2957 3485 3052; baseline 0 -20"><span class='ocrx_word' id='word_1_177' title='bbox 376 2959 562 3033; x_wconf 89' lang='lat' dir='ltr'><strong>mine</strong></span> <span class='ocrx_word' id='word_1_178' title='bbox 596 2959 985 3033; x_wconf 74' lang='lat' dir='ltr'><strong>wladislai</strong></span> <span class='ocrx_word' id='word_1_179' title='bbox 1040 2958 1375 3032; x_wconf 88' lang='lat' dir='ltr'><strong>Poloniae</strong></span> <span class='ocrx_word' id='word_1_180' title='bbox 1411 2958 1629 3052; x_wconf 90' lang='lat' dir='ltr'><strong>Regis</strong></span> <span class='ocrx_word' id='word_1_181' title='bbox 1684 2958 1769 3031; x_wconf 88' lang='lat' dir='ltr'><strong>de</strong></span> <span class='ocrx_word' id='word_1_182' title='bbox 1804 2959 2212 3052; x_wconf 88' lang='lat' dir='ltr'><strong>corrigenda</strong></span> <span class='ocrx_word' id='word_1_183' title='bbox 2249 2957 2572 3031; x_wconf 86' lang='lat' dir='ltr'><strong>arbitrali</strong></span> <span class='ocrx_word' id='word_1_184' title='bbox 2611 2959 2960 3032; x_wconf 83' lang='lat' dir='ltr'><strong>sententia</strong></span> <span class='ocrx_word' id='word_1_185' title='bbox 2983 2959 3045 3048; x_wconf 82' lang='grc'><strong>5)</strong></span> <span class='ocrx_word' id='word_1_186' title='bbox 3101 2960 3485 3033; x_wconf 83' lang='lat' dir='ltr'><strong>multifarie</strong></span> 
     </span>
     <span class='ocr_line' id='line_1_21' title="bbox 376 3078 3476 3183; baseline -0 -31"><span class='ocrx_word' id='word_1_187' title='bbox 376 3079 891 3152; x_wconf 85' lang='lat' dir='ltr'><strong>solicitassent:</strong></span> <span class='ocrx_word' id='word_1_188' title='bbox 950 3078 1446 3171; x_wconf 87' lang='lat' dir='ltr'><strong>Sigismundns</strong></span> <span class='ocrx_word' id='word_1_189' title='bbox 1510 3082 1743 3151; x_wconf 86' lang='lat' dir='ltr'><strong>tamen</strong></span> <span class='ocrx_word' id='word_1_190' title='bbox 1808 3079 1964 3152; x_wconf 83' lang='lat' dir='ltr'><strong>Rex</strong></span> <span class='ocrx_word' id='word_1_191' title='bbox 2028 3079 2384 3151; x_wconf 86' lang='lat' dir='ltr'><strong>inficiatus</strong></span> <span class='ocrx_word' id='word_1_192' title='bbox 2452 3100 2526 3152; x_wconf 90' lang='lat' dir='ltr'><strong>se</strong></span> <span class='ocrx_word' id='word_1_193' title='bbox 2587 3100 2711 3171; x_wconf 88' lang='lat' dir='ltr'><strong>per</strong></span> <span class='ocrx_word' id='word_1_194' title='bbox 2763 3079 3052 3183; x_wconf 85' lang='lat' dir='ltr'><strong>nuntios</strong></span> <span class='ocrx_word' id='word_1_195' title='bbox 3110 3101 3306 3167; x_wconf 89' lang='lat' dir='ltr'><strong>suos,</strong></span> <span class='ocrx_word' id='word_1_196' title='bbox 3364 3080 3476 3151; x_wconf 88' lang='lat' dir='ltr'><strong>Io·</strong></span> 
     </span>
     <span class='ocr_line' id='line_1_22' title="bbox 374 3199 3482 3290; baseline 0 -18"><span class='ocrx_word' id='word_1_197' title='bbox 374 3199 679 3273; x_wconf 78' lang='lat' dir='ltr'><strong>hannem</strong></span> <span class='ocrx_word' id='word_1_198' title='bbox 738 3200 1017 3273; x_wconf 84' lang='lat' dir='ltr'><strong>Schenk</strong></span> <span class='ocrx_word' id='word_1_199' title='bbox 1046 3199 1110 3288; x_wconf 71' lang='grc' dir='ltr'><strong>θ)</strong></span> <span class='ocrx_word' id='word_1_200' title='bbox 1166 3202 1237 3272; x_wconf 89' lang='lat' dir='ltr'><strong>et</strong></span> <span class='ocrx_word' id='word_1_201' title='bbox 1292 3199 1673 3272; x_wconf 88' lang='lat' dir='ltr'><strong>Iohannem</strong></span> <span class='ocrx_word' id='word_1_202' title='bbox 1730 3199 2300 3290; x_wconf 82' lang='lat' dir='ltr'><strong>Czesermeystcr,</strong></span> <span class='ocrx_word' id='word_1_203' title='bbox 2360 3200 2445 3272; x_wconf 93' lang='lat' dir='ltr'><strong>de</strong></span> <span class='ocrx_word' id='word_1_204' title='bbox 2483 3199 2912 3272; x_wconf 87' lang='lat' dir='ltr'><strong>emendanda</strong></span> <span class='ocrx_word' id='word_1_205' title='bbox 2967 3221 3094 3272; x_wconf 88' lang='lat' dir='ltr'><strong>sua</strong></span> <span class='ocrx_word' id='word_1_206' title='bbox 3131 3199 3482 3272; x_wconf 86' lang='lat' dir='ltr'><strong>sententia</strong></span> 
     </span>
     <span class='ocr_line' id='line_1_23' title="bbox 377 3318 3484 3412; baseline -0.001 -20"><span class='ocrx_word' id='word_1_207' title='bbox 377 3320 802 3394; x_wconf 87' lang='lat' dir='ltr'><strong>oblationem</strong></span> <span class='ocrx_word' id='word_1_208' title='bbox 856 3319 1141 3408; x_wconf 87' lang='lat' dir='ltr'><strong>fecisse,</strong></span> <span class='ocrx_word' id='word_1_209' title='bbox 1208 3318 1433 3392; x_wconf 88' lang='lat' dir='ltr'><strong>nullis</strong></span> <span class='ocrx_word' id='word_1_210' title='bbox 1502 3323 1775 3410; x_wconf 90' lang='lat' dir='ltr'><strong>poterat</strong></span> <span class='ocrx_word' id='word_1_211' title='bbox 1836 3319 2244 3392; x_wconf 86' lang='lat' dir='ltr'><strong>nuntiorum</strong></span> <span class='ocrx_word' id='word_1_212' title='bbox 2307 3319 2658 3412; x_wconf 90' lang='lat' dir='ltr'><strong>regiorum</strong></span> <span class='ocrx_word' id='word_1_213' title='bbox 2723 3319 3026 3392; x_wconf 88' lang='lat' dir='ltr'><strong>solicitis</strong></span> <span class='ocrx_word' id='word_1_214' title='bbox 3097 3319 3354 3392; x_wconf 90' lang='lat' dir='ltr'><strong>studiis</strong></span> <span class='ocrx_word' id='word_1_215' title='bbox 3413 3325 3484 3391; x_wconf 90' lang='lat' dir='ltr'><strong>et</strong></span> 
     </span>
     <span class='ocr_line' id='line_1_24' title="bbox 378 3439 3480 3532; baseline -0.001 -20"><span class='ocrx_word' id='word_1_216' title='bbox 378 3440 680 3532; x_wconf 88' lang='lat' dir='ltr'><strong>ingeniis</strong></span> <span class='ocrx_word' id='word_1_217' title='bbox 735 3440 822 3512; x_wconf 86' lang='lat' dir='ltr'><strong>ad</strong></span> <span class='ocrx_word' id='word_1_218' title='bbox 874 3439 1447 3528; x_wconf 89' lang='lat' dir='ltr'><strong>rescindendum,</strong></span> <span class='ocrx_word' id='word_1_219' title='bbox 1507 3459 1683 3530; x_wconf 87' lang='lat' dir='ltr'><strong>quae</strong></span> <span class='ocrx_word' id='word_1_220' title='bbox 1719 3459 2078 3530; x_wconf 85' lang='lat' dir='ltr'><strong>perperam</strong></span> <span class='ocrx_word' id='word_1_221' title='bbox 2133 3439 2745 3532; x_wconf 80' lang='lat' dir='ltr'><strong>pronuntiaverat,</strong></span> <span class='ocrx_word' id='word_1_222' title='bbox 2786 3439 3080 3528; x_wconf 87' lang='lat' dir='ltr'><strong>molliri,</strong></span> <span class='ocrx_word' id='word_1_223' title='bbox 3139 3459 3480 3528; x_wconf 88' lang='lat' dir='ltr'><strong>asserens,</strong></span> 
     </span>
     <span class='ocr_line' id='line_1_25' title="bbox 380 3557 3478 3651; baseline -0.001 -19"><span class='ocrx_word' id='word_1_224' title='bbox 380 3559 767 3651; x_wconf 86' lang='lat' dir='ltr'><strong>quamlibet</strong></span> <span class='ocrx_word' id='word_1_225' title='bbox 821 3559 1349 3648; x_wconf 88' lang='lat' dir='ltr'><strong>correctionem,</strong></span> <span class='ocrx_word' id='word_1_226' title='bbox 1406 3559 1729 3651; x_wconf 86' lang='lat' dir='ltr'><strong>partibus</strong></span> <span class='ocrx_word' id='word_1_227' title='bbox 1783 3578 1923 3631; x_wconf 89' lang='lat' dir='ltr'><strong>non</strong></span> <span class='ocrx_word' id='word_1_228' title='bbox 1976 3557 2612 3646; x_wconf 88' lang='lat' dir='ltr'><strong>consentientibus,</strong></span> <span class='ocrx_word' id='word_1_229' title='bbox 2671 3558 2810 3632; x_wconf 90' lang='lat' dir='ltr'><strong>sibi</strong></span> <span class='ocrx_word' id='word_1_230' title='bbox 2863 3559 2986 3650; x_wconf 90' lang='lat' dir='ltr'><strong>qui</strong></span> <span class='ocrx_word' id='word_1_231' title='bbox 3041 3557 3180 3629; x_wconf 86' lang='lat' dir='ltr'><strong>iam</strong></span> <span class='ocrx_word' id='word_1_232' title='bbox 3231 3559 3478 3630; x_wconf 86' lang='lat' dir='ltr'><strong>antho-</strong></span> 
     </span>
     <span class='ocr_line' id='line_1_26' title="bbox 378 3677 3481 3770; baseline -0.001 -18"><span class='ocrx_word' id='word_1_233' title='bbox 378 3679 585 3753; x_wconf 86' lang='lat' dir='ltr'><strong>ritate</strong></span> <span class='ocrx_word' id='word_1_234' title='bbox 642 3678 1017 3752; x_wconf 84' lang='lat' dir='ltr'><strong>arbitraria</strong></span> <span class='ocrx_word' id='word_1_235' title='bbox 1070 3680 1355 3752; x_wconf 86' lang='lat' dir='ltr'><strong>functus</strong></span> <span class='ocrx_word' id='word_1_236' title='bbox 1412 3683 1630 3766; x_wconf 88' lang='lat' dir='ltr'><strong>esset,</strong></span> <span class='ocrx_word' id='word_1_237' title='bbox 1696 3683 1768 3752; x_wconf 89' lang='lat' dir='ltr'><strong>et</strong></span> <span class='ocrx_word' id='word_1_238' title='bbox 1828 3699 1871 3750; x_wconf 91' lang='lat' dir='ltr'><strong>a</strong></span> <span class='ocrx_word' id='word_1_239' title='bbox 1925 3699 2061 3770; x_wconf 87' lang='lat' dir='ltr'><strong>quo</strong></span> <span class='ocrx_word' id='word_1_240' title='bbox 2126 3699 2290 3768; x_wconf 85' lang='lat' dir='ltr'><strong>pars</strong></span> <span class='ocrx_word' id='word_1_241' title='bbox 2355 3678 2776 3752; x_wconf 82' lang='lat' dir='ltr'><strong>Cruciferica</strong></span> <span class='ocrx_word' id='word_1_242' title='bbox 2838 3677 3481 3770; x_wconf 87' lang='lat' dir='ltr'><strong>pronuntiationem</strong></span> 
     </span>
     <span class='ocr_line' id='line_1_27' title="bbox 381 3798 3477 3891; baseline 0 -21"><span class='ocrx_word' id='word_1_243' title='bbox 381 3799 768 3874; x_wconf 84' lang='lat' dir='ltr'><strong>sententiae</strong></span> <span class='ocrx_word' id='word_1_244' title='bbox 820 3798 896 3870; x_wconf 93' lang='lat' dir='ltr'><strong>in</strong></span> <span class='ocrx_word' id='word_1_245' title='bbox 952 3799 1246 3890; x_wconf 89' lang='lat' dir='ltr'><strong>scripto,</strong></span> <span class='ocrx_word' id='word_1_246' title='bbox 1308 3798 1547 3891; x_wconf 89' lang='lat' dir='ltr'><strong>sigillo</strong></span> <span class='ocrx_word' id='word_1_247' title='bbox 1602 3819 1727 3870; x_wconf 90' lang='lat' dir='ltr'><strong>suo</strong></span> <span class='ocrx_word' id='word_1_248' title='bbox 1782 3798 2210 3887; x_wconf 86' lang='lat' dir='ltr'><strong>roboratam,</strong></span> <span class='ocrx_word' id='word_1_249' title='bbox 2269 3799 2686 3890; x_wconf 88' lang='lat' dir='ltr'><strong>accepisset,</strong></span> <span class='ocrx_word' id='word_1_250' title='bbox 2753 3799 3164 3871; x_wconf 89' lang='lat' dir='ltr'><strong>nullatenus</strong></span> <span class='ocrx_word' id='word_1_251' title='bbox 3231 3819 3477 3870; x_wconf 80' lang='lat' dir='ltr'><strong>conve·</strong></span> 
     </span>
     <span class='ocr_line' id='line_1_28' title="bbox 376 3917 3479 4011; baseline -0 -20"><span class='ocrx_word' id='word_1_252' title='bbox 376 3919 557 4008; x_wconf 90' lang='lat' dir='ltr'><strong>nire,</strong></span> <span class='ocrx_word' id='word_1_253' title='bbox 616 3919 1146 3993; x_wconf 84' lang='lat' dir='ltr'><strong>dedecorantem</strong></span> <span class='ocrx_word' id='word_1_254' title='bbox 1210 3918 1679 3992; x_wconf 90' lang='lat' dir='ltr'><strong>conditionem</strong></span> <span class='ocrx_word' id='word_1_255' title='bbox 1747 3917 1859 3990; x_wconf 90' lang='lat' dir='ltr'><strong>sui</strong></span> <span class='ocrx_word' id='word_1_256' title='bbox 1922 3917 2261 4006; x_wconf 89' lang='lat' dir='ltr'><strong>nominis,</strong></span> <span class='ocrx_word' id='word_1_257' title='bbox 2330 3939 2634 4011; x_wconf 88' lang='lat' dir='ltr'><strong>suaeque</strong></span> <span class='ocrx_word' id='word_1_258' title='bbox 2698 3939 3057 3992; x_wconf 86' lang='lat' dir='ltr'><strong>caesareae</strong></span> <span class='ocrx_word' id='word_1_259' title='bbox 3122 3923 3192 3990; x_wconf 92' lang='lat' dir='ltr'><strong>et</strong></span> <span class='ocrx_word' id='word_1_260' title='bbox 3245 3918 3479 4010; x_wconf 87' lang='lat' dir='ltr'><strong>regiae</strong></span> 
     </span>
     <span class='ocr_line' id='line_1_29' title="bbox 377 4037 3476 4133; baseline -0.001 -20"><span class='ocrx_word' id='word_1_261' title='bbox 377 4039 775 4133; x_wconf 80' lang='lat' dir='ltr'><strong>dignitatis,</strong></span> <span class='ocrx_word' id='word_1_262' title='bbox 832 4039 955 4114; x_wconf 87' lang='lat' dir='ltr'><strong>sed</strong></span> <span class='ocrx_word' id='word_1_263' title='bbox 1008 4060 1231 4130; x_wconf 90' lang='lat' dir='ltr'><strong>neque</strong></span> <span class='ocrx_word' id='word_1_264' title='bbox 1284 4038 1679 4111; x_wconf 85' lang='lat' dir='ltr'><strong>Wladislao</strong></span> <span class='ocrx_word' id='word_1_265' title='bbox 1734 4038 2069 4110; x_wconf 87' lang='lat' dir='ltr'><strong>Poloniae</strong></span> <span class='ocrx_word' id='word_1_266' title='bbox 2126 4037 2340 4131; x_wconf 85' lang='lat' dir='ltr'><strong>Regi,</strong></span> <span class='ocrx_word' id='word_1_267' title='bbox 2397 4043 2746 4130; x_wconf 85' lang='lat' dir='ltr'><strong>potestate</strong></span> <span class='ocrx_word' id='word_1_268' title='bbox 2799 4038 2992 4132; x_wconf 87' lang='lat' dir='ltr'><strong>regia</strong></span> <span class='ocrx_word' id='word_1_269' title='bbox 3047 4043 3116 4111; x_wconf 89' lang='lat' dir='ltr'><strong>et</strong></span> <span class='ocrx_word' id='word_1_270' title='bbox 3174 4037 3476 4110; x_wconf 84' lang='lat' dir='ltr'><strong>Crucife·</strong></span> 
     </span>
     <span class='ocr_line' id='line_1_30' title="bbox 374 4157 3472 4252; baseline -0.002 -19"><span class='ocrx_word' id='word_1_271' title='bbox 374 4160 521 4233; x_wconf 84' lang='lat' dir='ltr'><strong>rica</strong></span> <span class='ocrx_word' id='word_1_272' title='bbox 570 4160 973 4252; x_wconf 79' lang='lat' dir='ltr'><strong>perfunctO,</strong></span> <span class='ocrx_word' id='word_1_273' title='bbox 1038 4159 1529 4251; x_wconf 87' lang='lat' dir='ltr'><strong>profecturam.</strong></span> <span class='ocrx_word' id='word_1_274' title='bbox 1612 4158 1698 4230; x_wconf 91' lang='lat' dir='ltr'><strong>In</strong></span> <span class='ocrx_word' id='word_1_275' title='bbox 1764 4159 2087 4250; x_wconf 86' lang='lat' dir='ltr'><strong>huncque</strong></span> <span class='ocrx_word' id='word_1_276' title='bbox 2154 4158 2434 4230; x_wconf 90' lang='lat' dir='ltr'><strong>modum</strong></span> <span class='ocrx_word' id='word_1_277' title='bbox 2499 4180 2662 4232; x_wconf 88' lang='lat' dir='ltr'><strong>suas</strong></span> <span class='ocrx_word' id='word_1_278' title='bbox 2735 4161 2968 4232; x_wconf 85' lang='lat' dir='ltr'><strong>vafras</strong></span> <span class='ocrx_word' id='word_1_279' title='bbox 3042 4163 3112 4230; x_wconf 86' lang='lat' dir='ltr'><strong>et</strong></span> <span class='ocrx_word' id='word_1_280' title='bbox 3177 4157 3472 4230; x_wconf 88' lang='lat' dir='ltr'><strong>callidas</strong></span> 
     </span>
     <span class='ocr_line' id='line_1_31' title="bbox 375 4277 3480 4372; baseline -0.001 -20"><span class='ocrx_word' id='word_1_281' title='bbox 375 4279 685 4354; x_wconf 84' lang='lat' dir='ltr'><strong>actiones</strong></span> <span class='ocrx_word' id='word_1_282' title='bbox 717 4281 780 4369; x_wconf 80' lang='lat'><strong>⁷)</strong></span> <span class='ocrx_word' id='word_1_283' title='bbox 836 4280 1238 4369; x_wconf 88' lang='lat' dir='ltr'><strong>colorando,</strong></span> <span class='ocrx_word' id='word_1_284' title='bbox 1300 4279 1771 4352; x_wconf 87' lang='lat' dir='ltr'><strong>Wladislaum</strong></span> <span class='ocrx_word' id='word_1_285' title='bbox 1806 4279 2145 4352; x_wconf 90' lang='lat' dir='ltr'><strong>Poloniae</strong></span> <span class='ocrx_word' id='word_1_286' title='bbox 2184 4281 2447 4372; x_wconf 90' lang='lat' dir='ltr'><strong>Regem</strong></span> <span class='ocrx_word' id='word_1_287' title='bbox 2503 4277 2577 4350; x_wconf 88' lang='lat' dir='ltr'><strong>in</strong></span> <span class='ocrx_word' id='word_1_288' title='bbox 2616 4279 2952 4372; x_wconf 88' lang='lat' dir='ltr'><strong>singulis,</strong></span> <span class='ocrx_word' id='word_1_289' title='bbox 3011 4299 3189 4371; x_wconf 88' lang='lat' dir='ltr'><strong>quae</strong></span> <span class='ocrx_word' id='word_1_290' title='bbox 3243 4282 3312 4350; x_wconf 92' lang='lat' dir='ltr'><strong>et</strong></span> <span class='ocrx_word' id='word_1_291' title='bbox 3355 4298 3480 4369; x_wconf 90' lang='lat' dir='ltr'><strong>per</strong></span> 
     </span>
     <span class='ocr_line' id='line_1_32' title="bbox 376 4398 3173 4493; baseline -0.001 -20"><span class='ocrx_word' id='word_1_292' title='bbox 376 4421 449 4474; x_wconf 84' lang='lat' dir='ltr'><strong>se</strong></span> <span class='ocrx_word' id='word_1_293' title='bbox 508 4400 739 4492; x_wconf 86' lang='lat' dir='ltr'><strong>ipsum</strong></span> <span class='ocrx_word' id='word_1_294' title='bbox 797 4405 870 4474; x_wconf 89' lang='lat' dir='ltr'><strong>et</strong></span> <span class='ocrx_word' id='word_1_295' title='bbox 921 4421 1045 4493; x_wconf 87' lang='lat' dir='ltr'><strong>per</strong></span> <span class='ocrx_word' id='word_1_296' title='bbox 1096 4400 1384 4473; x_wconf 89' lang='lat' dir='ltr'><strong>nuntios</strong></span> <span class='ocrx_word' id='word_1_297' title='bbox 1439 4400 1781 4492; x_wconf 89' lang='lat' dir='ltr'><strong>promisso</strong></span> <span class='ocrx_word' id='word_1_298' title='bbox 1837 4399 2260 4473; x_wconf 87' lang='lat' dir='ltr'><strong>simultaneo</strong></span> <span class='ocrx_word' id='word_1_299' title='bbox 2315 4400 2700 4488; x_wconf 88' lang='lat' dir='ltr'><strong>obtulerat,</strong></span> <span class='ocrx_word' id='word_1_300' title='bbox 2757 4398 3173 4471; x_wconf 85' lang='lat' dir='ltr'><strong>ludificavit.</strong></span> 
     </span>
    </p>
   </div>
   <div class='ocr_carea' id='block_1_3' title="bbox 372 4647 3474 4875">
    <p class='ocr_par' dir='ltr' id='par_1_3' title="bbox 372 4647 3474 4875">
     <span class='ocr_line' id='line_1_33' title="bbox 504 4647 3474 4774; baseline -0.002 -20"><span class='ocrx_word' id='word_1_301' title='bbox 504 4703 509 4706; x_wconf 83' lang='lat'>&#39;</span> <span class='ocrx_word' id='word_1_302' title='bbox 588 4689 634 4772; x_wconf 83' lang='lat'><strong>¹)</strong></span> <span class='ocrx_word' id='word_1_303' title='bbox 683 4647 925 4771; x_wconf 77' lang='lat' dir='ltr'><strong>cuperet</strong></span> <span class='ocrx_word' id='word_1_304' title='bbox 980 4689 1131 4755; x_wconf 67' lang='lat' dir='ltr'><strong>eod.</strong></span> <span class='ocrx_word' id='word_1_305' title='bbox 1177 4687 1371 4754; x_wconf 78' lang='lat' dir='ltr'><strong>Rozr.</strong></span> <span class='ocrx_word' id='word_1_306' title='bbox 1442 4687 1494 4774; x_wconf 84' lang='lat'><strong>²)</strong></span> <span class='ocrx_word' id='word_1_307' title='bbox 1540 4709 1612 4752; x_wconf 87' lang='lat' dir='ltr'><strong>ac</strong></span> <span class='ocrx_word' id='word_1_308' title='bbox 1656 4691 1976 4769; x_wconf 85' lang='lat' dir='ltr'><strong>Sbigneum</strong></span> <span class='ocrx_word' id='word_1_309' title='bbox 2025 4693 2099 4752; x_wconf 84' lang='lat' dir='ltr'><strong>de</strong></span> <span class='ocrx_word' id='word_1_310' title='bbox 2142 4692 2404 4768; x_wconf 85' lang='lat' dir='ltr'><strong>Brzezye</strong></span> <span class='ocrx_word' id='word_1_311' title='bbox 2466 4685 2618 4752; x_wconf 79' lang='lat' dir='ltr'><strong>Cod.</strong></span> <span class='ocrx_word' id='word_1_312' title='bbox 2665 4688 2857 4754; x_wconf 81' lang='lat' dir='ltr'><strong>Rozr.</strong></span> <span class='ocrx_word' id='word_1_313' title='bbox 2933 4687 2984 4766; x_wconf 76' lang='lat'><strong>³)</strong></span> <span class='ocrx_word' id='word_1_314' title='bbox 3031 4689 3271 4748; x_wconf 86' lang='lat' dir='ltr'><strong>Brzezie</strong></span> <span class='ocrx_word' id='word_1_315' title='bbox 3320 4683 3474 4748; x_wconf 59' lang='lat' dir='ltr'><em>0001ss</em></span> 
     </span>
     <span class='ocr_line' id='line_1_34' title="bbox 372 4785 3466 4875; baseline -0.002 -19"><span class='ocrx_word' id='word_1_316' title='bbox 372 4793 566 4857; x_wconf 80' lang='lat' dir='ltr'><strong>Rozr.</strong></span> <span class='ocrx_word' id='word_1_317' title='bbox 612 4791 667 4874; x_wconf 83' lang='lat'><strong>⁴)</strong></span> <span class='ocrx_word' id='word_1_318' title='bbox 692 4795 871 4856; x_wconf 84' lang='lat' dir='ltr'><strong>-Izlza</strong></span> <span class='ocrx_word' id='word_1_319' title='bbox 920 4789 1071 4857; x_wconf 80' lang='lat' dir='ltr'><strong>Cod.</strong></span> <span class='ocrx_word' id='word_1_320' title='bbox 1108 4789 1285 4856; x_wconf 81' lang='lat' dir='ltr'><strong>Calv.</strong></span> <span class='ocrx_word' id='word_1_321' title='bbox 1335 4791 1392 4875; x_wconf 76' lang='lat'><strong>³)</strong></span> <span class='ocrx_word' id='word_1_322' title='bbox 1433 4796 1729 4856; x_wconf 83' lang='lat' dir='ltr'><strong>sententia</strong></span> <span class='ocrx_word' id='word_1_323' title='bbox 1773 4812 1882 4855; x_wconf 83' lang='lat' dir='ltr'><strong>sua</strong></span> <span class='ocrx_word' id='word_1_324' title='bbox 1930 4789 2081 4856; x_wconf 80' lang='lat' dir='ltr'><strong>Ood.</strong></span> <span class='ocrx_word' id='word_1_325' title='bbox 2130 4789 2323 4855; x_wconf 73' lang='lat' dir='ltr'><strong>Rozr.</strong></span> <span class='ocrx_word' id='word_1_326' title='bbox 2373 4791 2426 4872; x_wconf 78' lang='lat'><strong>⁶)</strong></span> <span class='ocrx_word' id='word_1_327' title='bbox 2473 4794 2672 4873; x_wconf 68' lang='lat' dir='ltr'><strong>Szank</strong></span> <span class='ocrx_word' id='word_1_328' title='bbox 2729 4790 2883 4854; x_wconf 74' lang='lat' dir='ltr'><strong>Ood.</strong></span> <span class='ocrx_word' id='word_1_329' title='bbox 2920 4787 3096 4854; x_wconf 82' lang='lat' dir='ltr'><strong>Calv.</strong></span> <span class='ocrx_word' id='word_1_330' title='bbox 3145 4790 3264 4851; x_wconf 84' lang='lat' dir='ltr'><strong>Sek</strong></span> <span class='ocrx_word' id='word_1_331' title='bbox 3313 4785 3466 4851; x_wconf 79' lang='lat' dir='ltr'><strong>Cod.</strong></span> 
     </span>
    </p>
   </div>
   <div class='ocr_carea' id='block_1_4' title="bbox 374 4885 2419 4975">
    <p class='ocr_par' dir='ltr' id='par_1_4' title="bbox 374 4885 2419 4975">
     <span class='ocr_line' id='line_1_35' title="bbox 374 4885 2419 4975; baseline 0 -16"><span class='ocrx_word' id='word_1_332' title='bbox 374 4885 569 4960; x_wconf 70' lang='lat' dir='ltr'><strong>Ro&#39;zr.</strong></span> <span class='ocrx_word' id='word_1_333' title='bbox 620 4896 671 4975; x_wconf 78' lang='lat'><strong>⁷)</strong></span> <span class='ocrx_word' id='word_1_334' title='bbox 714 4899 1122 4960; x_wconf 81' lang='lat' dir='ltr'><strong>accusationes</strong></span> <span class='ocrx_word' id='word_1_335' title='bbox 1170 4892 1324 4960; x_wconf 73' lang='lat' dir='ltr'><strong>Coa.</strong></span> <span class='ocrx_word' id='word_1_336' title='bbox 1372 4892 1549 4959; x_wconf 82' lang='lat' dir='ltr'><strong>Calv.</strong></span> <span class='ocrx_word' id='word_1_337' title='bbox 1596 4899 1971 4959; x_wconf 74' lang='lat' dir='ltr'><strong>causationes</strong></span> <span class='ocrx_word' id='word_1_338' title='bbox 2027 4893 2180 4960; x_wconf 71' lang='lat' dir='ltr'><strong>cod.</strong></span> <span class='ocrx_word' id='word_1_339' title='bbox 2227 4894 2419 4959; x_wconf 73' lang='lat' dir='ltr'><strong>Rozr.</strong></span> 
     </span>
    </p>
   </div>
   <div class='ocr_carea' id='block_1_5' title="bbox 436 5527 3200 5593">
    <p class='ocr_par' dir='ltr' id='par_1_5' title="bbox 436 5527 3200 5593">
     <span class='ocr_line' id='line_1_36' title="bbox 436 5527 3200 5593; baseline 0.001 -9"><span class='ocrx_word' id='word_1_340' title='bbox 436 5541 486 5584; x_wconf 73' lang='lat'><strong>³.</strong></span> <span class='ocrx_word' id='word_1_341' title='bbox 514 5543 700 5593; x_wconf 63' lang='lat' dir='ltr'><strong>ningo..</strong></span> <span class='ocrx_word' id='word_1_342' title='bbox 729 5544 901 5586; x_wconf 69' lang='lat' dir='ltr'><strong>motor.</strong></span> <span class='ocrx_word' id='word_1_343' title='bbox 930 5543 1091 5586; x_wconf 73' lang='lat' dir='ltr'><strong>Polou.</strong></span> <span class='ocrx_word' id='word_1_344' title='bbox 1118 5545 1169 5587; x_wconf 70' lang='grc' dir='ltr'><strong>τ.</strong></span> <span class='ocrx_word' id='word_1_345' title='bbox 1198 5543 1277 5588; x_wconf 78' lang='lat' dir='ltr'><strong>rv.</strong></span> <span class='ocrx_word' id='word_1_346' title='bbox 3133 5527 3200 5587; x_wconf 79' lang='lat'><strong>33</strong></span> 
     </span>
    </p>
   </div>
  </div>
 </body>
</html>
