4342 6384
369 560 504 668 (Α.
545 563 639 643 D.
679 558 908 667 1421.)
1535 584 1762 643 mann
1813 582 2276 643 monemus.
3320 562 3467 643 271

369 775 616 849 solerti
689 774 1032 849 scrutinio
1049 832 1067 865 ,
1139 776 1498 867 praefatus
1573 773 2044 868 Sandivogins
2115 772 2477 867 palatinus
2547 772 3052 849 Posnaniensis
3120 779 3351 850 mente
3402 780 3475 850 et

371 896 728 970 oblatione
779 894 1204 969 Marchionis
1257 895 1588 987 praefati,
1645 894 1966 987 singulos
2019 900 2367 968 tractatus
2430 916 2589 968 cnm
2642 895 2829 969 dicto
2896 895 3297 969 Marchione
3350 896 3473 969 ha·

370 1014 558 1089 bitos
622 1015 1010 1088 Wladislao
1065 1013 1400 1089 Poloniae
1451 1014 1631 1107 Regi
1687 1014 1762 1087 in
1807 1014 2263 1089 Lithuaniam
2300 1036 2427 1107 per
2462 1014 2837 1107 specialem
2888 1015 3219 1089 nuntium
3260 1017 3313 1105 ¹)
3368 1016 3473 1089 in-

373 1135 610 1224 timat,
667 1155 906 1227 preces
963 1138 1034 1209 et
1087 1134 1386 1207 consilia
1437 1133 1810 1222 adficiens,
1869 1138 1951 1207 ut
2004 1132 2445 1208 Wladislaus
2499 1134 2839 1208 Poloniae
2892 1136 3048 1209 Rex
3097 1156 3257 1209 cum
3292 1135 3473 1208 Mar-

372 1254 619 1329 chione
669 1256 1058 1348 praedicte,
1121 1254 1193 1327 id
1245 1252 1631 1346 plurimum
1680 1253 2129 1345 deprecante,
2186 1256 2449 1345 quanto
2486 1252 2785 1327 celerius
2822 1252 3215 1327 conveniat.
3274 1254 3473 1327 Wla-

375 1375 646 1448 dislaus
701 1379 936 1449 aut-em
989 1375 1180 1464 Rex,
1247 1394 1460 1465 super
1510 1393 1585 1446 rc
1638 1372 1770 1446 hac
1823 1394 1982 1445 cum
2037 1372 2445 1446 Alexandro
2508 1373 2906 1447 Withawdo
2972 1374 3477 1449 deliberatione

373 1496 648 1585 habita,
705 1516 932 1589 neque
985 1494 1404 1568 affinitatem
1469 1493 1814 1567 Friderici
1878 1494 2339 1581 Marchionis,
2408 1515 2633 1585 neque
2686 1494 3172 1567 commercium
3228 1494 3473 1568 abnui-

375 1620 613 1687 turum
642 1614 705 1704 2)
759 1615 1166 1706 respondet,
1227 1619 1298 1687 et
1349 1618 1512 1706 post
1568 1616 1826 1687 festum
1879 1611 2194 1687 Paschae
2246 1612 2565 1705 proxime
2602 1615 3067 1687 adventurum
3106 1614 3475 1688 cracoviae

376 1736 608 1809 locum
663 1736 750 1807 ad
803 1756 878 1809 se
932 1733 1259 1809 veniendi
1313 1732 1703 1827 consignat.

379 2087 606 2177 Legati
644 2087 1089 2172 Bohenornm,
1134 2086 1487 2160 vladislao
1528 2087 1818 2177 Regnum
1847 2086 2190 2159 Bohemiae
2218 2088 2455 2158 iterum
2482 2089 2864 2175 recusante,
2906 2087 3070 2159 illud
3110 2088 3495 2161 Alexandro·

1116 2205 1487 2279 withardo
1529 2207 1915 2279 Lithnaniae
1957 2208 2112 2278 nuci
2155 2206 2385 2297 lagno
2432 2208 2732 2279 offerunt.

586 2453 1048 2546 Carnisprivii
1120 2453 1270 2527 dies
1345 2452 1738 2527 Wladislao
1807 2454 2002 2546 Rege
2074 2453 2499 2526 Polonorum
2566 2451 2642 2525 in
2708 2452 3093 2525 Lithuania
3155 2452 3229 2525 in
3284 2451 3479 2527 curia

386 2574 672 2649 Worani
712 2594 923 2667 super
965 2572 1260 2646 fiuvium
1297 2574 1561 2647 Merecz
1595 2571 1682 2662 3),
1740 2594 1880 2645 una
1915 2594 2074 2646 cum
2111 2573 2517 2647 Alexandro
2556 2572 2952 2646 Withawdo
2990 2577 3273 2665 agente,
3330 2572 3472 2664 pri-

383 2714 606 2767 mores
662 2696 1127 2767 Bohemornm
1181 2693 1449 2783 nuntii,
1508 2693 1844 2767 videlicet
1895 2693 2133 2767 Hinek
2188 2694 2271 2766 de
2326 2693 2683 2781 waleton,
2742 2692 3052 2766 Halesch
3105 2692 3190 2765 de
3227 2691 3473 2766 Wrze-

385 2835 665 2905 szczow,
721 2816 978 2887 Petrus
1032 2814 1380 2907 Anglicus
1434 2834 1702 2887 venena
1755 2813 2150 2906 Anglicana
2186 2814 2447 2905 etipse
2502 2812 2833 2887 Bohemis
2886 2812 3301 2904 propinanS,
3358 2814 3473 2885 Io-

384 2935 647 3009 hannes
719 2934 952 3007 dictus
1025 2934 1448 3023 cardinalis,
1524 2934 1692 3007 item
1767 2933 2090 3007 consules
2163 2934 2553 3026 Pragenses
2617 2932 2891 3022 Simon,
2960 2932 3257 3005 Miklasz
3288 2933 3351 3022 ⁴)
3409 2936 3479 3006 et

387 3055 778 3127 Tkaniczka
806 3054 892 3144 5),
949 3054 1359 3143 adveniunt,
1415 3053 1798 3144 habitaque
1852 3052 2244 3141 audientia,
2302 3052 2889 3145 supplicationem
2944 3051 3245 3143 priorem
3286 3053 3471 3144 apud

387 3176 855 3249 Wladislaum
907 3173 1170 3266 Regem
1222 3176 1622 3261 resumunt,
1679 3176 1762 3246 ut
1815 3172 2141 3265 Regnum
2198 3172 2574 3245 Bohemiae
2628 3175 2987 3263 acceptare
3042 3170 3474 3264 dignaretur.

388 3296 530 3387 Quo
581 3295 1080 3386 respondente,
1135 3315 1276 3365 non
1329 3314 1404 3367 se
1458 3292 1696 3385 aliquo
1751 3295 1956 3383 pacto
2008 3312 2423 3383 responsum
2487 3291 2811 3383 superins
2884 3291 3069 3383 apud
3125 3291 3476 3384 Nyepolo-

387 3416 599 3489 micze
637 3416 911 3502 datum,
953 3412 1425 3500 variaturum,
1481 3411 1964 3485 Alexandrum
2008 3411 2480 3484 Withawdum
2518 3411 2779 3484 Ducem
2816 3411 3147 3503 Magnum
3186 3411 3481 3483 Lithua-

385 3536 538 3609 niae
591 3534 809 3607 variis
863 3534 1220 3626 precibuS,
1287 3531 1760 3605 oblationibus
1815 3536 1887 3605 et
1939 3530 2573 3623 pollicitationibus
2630 3529 2911 3603 enixius
2960 3551 3095 3622 quo
3150 3535 3477 3622 possunt,

389 3656 686 3749 fatigant
740 3660 810 3727 et
863 3653 1290 3727 conveniunt
1346 3651 1801 3740 obsecrando,
1857 3656 1940 3723 ut
1995 3652 2211 3723 fratre
2264 3671 2391 3723 suo
2448 3649 2841 3722 Wladislao
2899 3648 3235 3722 Poloniae
3288 3649 3483 3741 Rege

389 3776 706 3869 Regnum
769 3773 1148 3847 Bohemiae
1211 3772 1645 3859 fastidiente,
1711 3771 1866 3863 ipse
1928 3770 2108 3843 illud
2174 3770 2527 3861 suscipere
2581 3769 3011 3861 dignaretur.
3079 3768 3483 3841 Alexander

391 3901 618 3970 autem
673 3894 1150 3981 Withawdus,
1206 3893 1405 3965 nullo
1459 3896 1648 3965 certo
1705 3899 1874 3964 tunc
1925 3911 2259 3982 responso
2314 3889 2537 3977 edito,
2592 3909 2774 3961 anno
2830 3888 3103 3981 integro
3153 3887 3480 3961 Bohemi-

390 4036 506 4089 cos
557 4014 843 4088 nuntios
899 4013 974 4085 in
1029 4034 1152 4105 spe
1207 4012 1536 4105 ambigua
1589 4012 1996 4084 distinebat.
2063 4009 2131 4082 N
2137 4032 2175 4083 e
2230 4014 2463 4083 tamen
2525 4030 2815 4101 prorsus
2880 4008 3079 4081 visus
3134 4010 3313 4081 foret
3368 4029 3479 4082 eo-

389 4157 538 4208 rum
595 4134 1018 4208 oblationem
1071 4131 1404 4221 abiicere,
1470 4132 1602 4205 tali
1668 4151 1786 4203 eos
1853 4152 1976 4222 spe
2029 4130 2323 4203 solidat:
2390 4128 2724 4220 Quamvis
2788 4149 2915 4221 ego
2970 4128 3277 4201 dominio
3332 4150 3483 4203 meo

391 4256 666 4327 Ducatu
719 4274 967 4346 magno
1023 4252 1444 4326 Lithuaniae
1499 4256 1870 4325 contentus
1925 4250 2230 4323 existam
2284 4255 2355 4323 et
2408 4248 2639 4341 Regni
2703 4248 3083 4323 Bohemiae
3142 4248 3483 4341 potentiis

391 4379 462 4447 et
515 4374 786 4446 divitiis
841 4394 978 4445 non
1031 4372 1413 4466 indigeam,
1481 4372 1555 4444 in
1621 4371 1858 4444 odium
1921 4374 2154 4444 tamen
2221 4368 2658 4461 Sigismundi
2712 4370 3183 4443 Romanorum
3238 4368 3481 4461 Regis,

393 4494 512 4586 qui
562 4492 1000 4587 periniquam
1057 4492 1478 4565 sententiam
1533 4496 1776 4565 contra
1829 4512 1938 4563 me
1992 4491 2245 4579 latam,
2310 4490 2632 4581 quamvis
2688 4489 3083 4562 foederatus
3138 4509 3333 4561 mens
3381 4488 3481 4559 fo-

391 4620 530 4703 ret,
583 4620 809 4687 terras
863 4634 1053 4687 meas
1117 4612 1396 4685 nativas
1461 4611 1636 4685 mihi
1697 4610 2170 4699 abiudicavit,
2230 4630 2369 4681 non
2422 4629 2667 4682 recuso
2725 4606 3101 4682 Bohemiae
3155 4607 3478 4699 Regnum

393 4734 776 4827 suscipere,
833 4732 1204 4804 dummodo
1258 4714 1692 4825 promittatis
1746 4730 1931 4802 nihil
1985 4734 2243 4804 temere
2298 4734 2371 4803 et
2404 4728 2858 4821 pertinaciter
2903 4728 3239 4801 adversus
3278 4727 3481 4799 fidem

393 4853 806 4927 catholicam
879 4873 1154 4944 sapere,
1231 4852 1351 4927 sed
1429 4850 1776 4924 mandatis
1849 4856 1920 4924 et
1973 4850 2561 4923 instructionibus
2633 4849 2967 4923 ecclesiae
3030 4848 3105 4921 in
3160 4846 3483 4919 omnibus

393 4973 690 5047 obedire.
749 4972 926 5045 Mihi
981 4972 1328 5063 siquidem
1383 4972 1722 5045 articulos
1759 4992 1802 5043 a
1837 4969 2036 5043 vobis
2091 4970 2634 5063 dogmatisatos‚
2690 4969 2935 5062 Regno
2990 4967 3203 5043 etiam
3257 4966 3482 5039 Bohe-

391 5094 568 5167 miae
621 5096 981 5185 aeceptato
1005 5147 1022 5180 ,
1081 5112 1306 5184 neque
1358 5092 1756 5180 defendere,
1825 5111 2050 5182 neque
2103 5095 2338 5163 tenere
2402 5090 2476 5161 in
2532 5088 2763 5161 animo
2818 5092 2950 5162 est.
3014 5088 3108 5160 Et
3160 5085 3485 5179 quamvis

605 5366 652 5447 ι)
695 5386 805 5443 per
861 5366 1151 5445 speciales
1211 5367 1450 5427 nuntios
1513 5360 1668 5427 Cod.
1731 5360 1922 5425 Rozr.
1987 5362 2043 5443 ς3)
2087 5382 2154 5425 se
2198 5364 2576 5424 abnuitur-um
2648 5358 2799 5423 Ood.
2866 5358 3053 5423 Rozr.
3118 5358 3175 5440 ⁸)
3220 5360 3486 5421 Merzecz

399 5466 548 5533 Cod.
596 5466 772 5533 Calv.
821 5468 876 5549 ⁴)
920 5470 1148 5530 Mikoss
1199 5464 1350 5531 Cod.
1397 5466 1574 5530 Kost.
1625 5465 1676 5547 ⁵)
1723 5466 2074 5527 Thaniczka
2117 5464 2245 5528 Ed.
2302 5462 2483 5549 Lips.
