4342 6384
384 592 497 695 (Α
536 593 626 669 D.
668 593 899 693 1410.)
1558 615 1785 668 nnn-:R
1836 613 2295 666 annuemus.
3380 590 3477 660 99

386 802 938 896 contingentem,
995 802 1279 895 gerebat
1331 822 1455 894 pro
1511 799 1805 893 insigni:
1864 797 2076 870 huius
2133 798 2551 872 ferentarius
2591 802 2741 871 erat
2778 797 3125 870 Henricus
3164 797 3478 868 Francus

383 944 670 1016 genere,
728 922 804 995 in
857 923 1024 1015 fuga
1077 925 1356 1013 captae,
1422 941 1600 1012 quae
1661 940 1992 1011 processu
2045 918 2317 992 dierum
2370 918 2508 991 fuit
2562 917 2700 992 sibi
2755 939 2796 989 a
2852 915 3000 989 suis
3056 914 3468 989 contribuli-

383 1043 519 1116 bus
585 1043 1019 1136 frequentius
1085 1041 1497 1132 exprobata;
1563 1039 1850 1113 habitus
1915 1060 2192 1131 quoque
2256 1039 2507 1112 fuisset
2560 1059 2686 1130 pro
2740 1036 3018 1124 infami,
3076 1035 3216 1110 nisi
3271 1035 3477 1107 illum

386 1164 636 1237 literae
688 1161 922 1255 regiae
978 1161 1064 1234 ab
1117 1160 1521 1234 huiusmodi
1582 1164 1782 1247 nota,
1849 1181 1973 1250 pro
2029 1158 2287 1251 quibus
2350 1158 2815 1250 personaliter
2867 1157 3129 1249 Regem
3184 1155 3477 1242 adierat,

385 1283 888 1356 vindicassent.
945 1281 1211 1355 Rarum
1266 1301 1540 1372 quoque
1593 1283 1946 1352 certamen
2001 1279 2170 1351 adeo
2227 1279 2491 1351 clarum
2546 1277 2732 1351 inter
2782 1277 3177 1350 catholicos
3215 1279 3287 1349 et
3323 1276 3479 1348 bar-

383 1404 591 1476 baros
645 1407 922 1496 gestum
977 1402 1229 1490 fuisse,
1287 1399 1618 1474 memoria
1671 1403 1950 1473 nostrae
2005 1397 2259 1472 aetatis
2322 1396 2677 1489 proditum
2741 1401 2879 1471 est:
2957 1397 3030 1469 in
3087 1417 3225 1488 qua
3279 1398 3479 1467 tanta

384 1523 833 1610 fortitudine,
892 1527 1090 1594 tanta
1143 1520 1540 1594 constantia
1594 1541 1682 1593 ex
1735 1524 1935 1612 parte
1989 1523 2287 1611 utraque
2321 1522 2718 1610 pugnantes
2755 1539 2879 1610 pro
2918 1516 3217 1590 victoria
3254 1518 3480 1588 forent

384 1641 652 1715 adnixi.
729 1643 820 1714 Et
886 1641 1206 1734 quamvis
1268 1642 1626 1732 praefatus
1689 1637 2245 1712 Koronoviensis
2309 1637 2708 1729 triumphus
2772 1659 2847 1712 re
2910 1636 3189 1730 quidem
3256 1635 3483 1708 minor

386 1763 555 1853 fuit,
615 1783 823 1855 quam
861 1762 1404 1850 Grinfeldensis,
1461 1783 1702 1834 verum
1741 1759 2267 1834 existimatione
2319 1758 2651 1851 periculi,
2708 1763 2778 1832 et
2815 1758 3115 1845 fervore,
3156 1760 3477 1830 constan·

383 1883 626 1976 tiaque
681 1883 1114 1971 certaminiS,
1173 1887 1242 1956 et
1295 1882 1448 1956 illic
1501 1880 2052 1973 depugnantium
2105 1881 2342 1973 palma
2378 1880 2433 1968 ¹)
2488 1878 2701 1951 etiam
2757 1876 3231 1952 Grinfeldensi
3285 1879 3478 1949 ante-

387 2003 738 2077 ferendus.

386 2359 722 2434 wladislai
765 2357 1068 2432 roloniae
1110 2359 1306 2448 nogia
1348 2357 1724 2446 benignitas
1769 2372 1923 2446 erga
1967 2355 2270 2445 captivos
2314 2355 2385 2425 ot
2429 2353 2801 2425 humanitas
2846 2369 3001 2443 erga
3031 2369 3189 2424 suos
3216 2349 3481 2424 unitos.

596 2605 798 2697 Capti
851 2608 1084 2678 autem
1141 2605 1332 2677 fuere
1385 2603 1460 2676 in
1513 2623 1594 2676 ea
1647 2602 1842 2675 clade
1897 2606 2106 2693 atque
2160 2601 2327 2693 fuga
2382 2599 2682 2673 Michael
2718 2597 3212 2672 Kochmeister
3239 2595 3303 2689 ²)
3360 2597 3480 2670 ad·

387 2730 678 2801 vocatus
734 2725 978 2798 Novae
1029 2724 1410 2813 Marchiae,
1470 2723 1876 2816 capitaneus
1932 2720 2282 2794 exercitus
2337 2719 2742 2794 Cruciferici
2792 2718 3244 2811 principalis;
3300 2717 3481 2792 Gun-

387 2847 600 2921 radus
655 2845 1010 2938 Nyempcz
1040 2843 1102 2934 ³)
1157 2844 1242 2918 de
1297 2843 1525 2917 Slesia
1579 2847 1648 2916 et
1701 2841 1910 2914 multi
1965 2841 2402 2934 Sigismundi
2465 2839 2869 2932 Hungariae
2924 2837 3142 2932 Regis
3208 2837 3479 2911 curien-

387 2989 532 3041 ses:
572 2967 932 3040 Cunradus
968 2965 1336 3058 Elkinger,
1376 2963 1738 3037 Cunradus
1774 2963 2187 3036 Truklszesz
2210 2961 2275 3052 ⁴)
2312 2961 2387 3034 in
2422 2961 2841 3053 Magistrum
2878 2958 3121 3034 Sancti
3146 2959 3485 3032 Iohannis

387 3088 474 3160 de
526 3088 782 3179 Lagow
835 3092 1082 3178 postea
1126 3087 1519 3178 promotus,
1579 3084 1956 3156 Balthasar
1992 3083 2076 3156 de
2115 3081 2403 3156 Glowno
2436 3080 2520 3172 5),
2576 3081 2875 3154 Hannus
2913 3080 3131 3153 Lebel
3169 3083 3239 3152 et
3276 3079 3486 3151 multi

387 3206 517 3280 alii
571 3207 1004 3294 Francones,
1073 3204 1406 3292 Slesitae,
1477 3202 1768 3292 Bavari,
1825 3203 2159 3296 Duringi‚
2219 3201 2547 3288 Bohemi,
2604 3201 3001 3274 Rhinenses
3030 3199 3118 3289 θ),
3177 3199 3482 3272 Misnen-

389 3346 534 3414 seS,
604 3326 948 3415 Saxones,
1015 3325 1265 3413 Suevi3
1331 3324 1682 3397 exercitus
1751 3344 2024 3426 quoque
2085 3321 2324 3414 regius
2381 3342 2468 3394 ex
2525 3320 2758 3413 equis,
2827 3319 3073 3409 armis,
3138 3319 3482 3411 pecuniiS,

387 3445 821 3537 caeterisque
876 3444 1125 3537 spoliis
1179 3445 1622 3518 vehementer
1675 3443 1965 3515 ditatus.
2026 3442 2442 3515 Successum
2498 3445 2731 3513 autem
2787 3444 2933 3512 tam
2986 3439 3483 3530 triumphalem

387 3571 460 3640 et
515 3565 786 3639 felicem
842 3564 1210 3638 exercitus
1247 3563 1484 3656 regius
1539 3563 1932 3636 Wladislao
1987 3561 2323 3634 Poloniae
2377 3560 2558 3653 Regi
2614 3558 2972 3633 celerrime
3026 3558 3303 3630 curavit
3358 3580 3484 3650 per

393 3687 759 3759 Zaklikam
814 3685 898 3758 de
951 3684 1318 3758 Korzkiew
1351 3683 1412 3773 ⁷)
1467 3683 1765 3757 militem
1821 3682 2237 3774 significare.
2288 3680 2421 3772 Qui
2476 3680 2789 3752 novitate
2825 3683 2971 3750 tam
3008 3669 3273 3770 insigni
3327 3699 3481 3769 per-

392 3811 629 3900 cepta,
689 3806 762 3877 in
817 3805 1206 3898 singultus,
1276 3804 1579 3895 suspiria
1634 3809 1704 3876 et
1759 3802 1964 3876 fletus
2018 3823 2260 3889 ruens,
2324 3800 2591 3893 gratias
2646 3799 2719 3871 in
2774 3799 2996 3871 Deum
3052 3798 3301 3890 agebat
3355 3798 3482 3870 im-

389 3947 705 4014 mensaS,
779 3928 849 3998 et
910 3924 1341 4017 praedictum
1409 3923 1768 3995 Zaklikam
1833 3922 1918 3994 de
1983 3920 2383 4008 KorzkieW,
2451 3920 2631 3992 bona
2695 3924 2763 3992 et
2817 3918 3053 3992 felicia
3117 3918 3254 3991 sibi
3306 3940 3482 3989 nun-

389 4047 721 4134 tiantem,
762 4043 1166 4137 quingentis
1205 4044 1458 4117 marcis
1495 4047 1911 4116 remunerat.
1955 4042 2257 4115 Sabbato
2289 4039 2359 4112 in
2390 4038 2696 4112 crastino
2734 4038 3131 4126 conflictUS‚
3169 4037 3487 4111 Polonici

386 4165 656 4238 milites
710 4163 1250 4237 notabilioribus
1305 4165 1606 4256 captivis
1662 4162 2080 4254 assumptis,
2147 4161 2221 4234 in
2285 4159 2689 4234 certaminis
2752 4159 2984 4230 locum
3057 4158 3487 4232 descendunt

389 4290 464 4358 et
517 4284 956 4378 propriorum
1021 4290 1229 4377 atque
1291 4284 1604 4356 hostium
1667 4282 2071 4356 interfectos
2136 4282 2501 4367 collectoS,
2570 4278 3029 4369 curribusque
3094 4277 3485 4369 impositos,

387 4405 466 4478 in
521 4403 1049 4477 Koronoviense
1110 4403 1610 4477 monasterium
1673 4402 2061 4490 deducunt,
2129 4406 2199 4474 ot
2254 4399 2660 4473 solennibus
2716 4397 3033 4490 exequiis
3089 4399 3484 4487 celebratiS,

389 4525 715 4599 omnibus
779 4523 1079 4616 captivis
1144 4523 1628 4615 praesentibus
1695 4527 1766 4595 et
1829 4542 2110 4593 suorum
2178 4525 2247 4593 et
2312 4541 2509 4593 suam
2574 4519 2841 4592 cladem
2906 4539 3154 4610 magno
3218 4517 3487 4592 eiulatu

390 4644 843 4731 deflentibus,
899 4642 1282 4716 honorifica
1335 4643 1641 4716 condunt
1697 4642 2083 4733 sepultura.
2143 4639 2315 4712 Erat
2369 4639 2555 4711 inter
2606 4637 3037 4711 desideratos
3086 4639 3487 4712 adolescens

393 4763 734 4837 notabilis
789 4761 1079 4835 Ulricus
1133 4763 1475 4856 Elkingar
1502 4762 1566 4851 8)
1623 4761 1790 4834 adeo
1846 4761 2195 4850 locuples,
2252 4763 2334 4831 ut
2386 4779 2512 4850 pro
2566 4757 3039 4850 redemptione
3076 4778 3204 4830 sua
3240 4777 3487 4848 parum

389 4884 508 4958 illi
568 4886 743 4956 foret
799 4881 1168 4975 sexaginta
1220 4883 1448 4956 millia
1484 4884 1898 4955 florenorum
1937 4879 2359 4954 exsolvisse:
2416 4878 2619 4952 cuius
2675 4899 2860 4950 mors
2914 4898 2955 4948 a
3003 4875 3304 4968 captivis
3344 4875 3485 4947 sin-

388 5002 735 5098 gulariori
787 5002 1174 5076 deflebatur
1226 5004 1460 5092 lucta,
1518 5009 1588 5076 et
1644 5023 1846 5093 quem
1905 4999 2358 5074 obtinuerunt
2396 4998 2741 5090 singulari
2776 4997 3053 5069 humari
3091 4995 3485 5089 sepulchro.

611 5293 660 5372 ¹)
703 5297 936 5371 palmae
978 5291 1105 5355 Ed.
1153 5291 1332 5376 Lips.
1383 5291 1435 5372 2)
1479 5291 1937 5368 Kochmagister
1978 5287 2104 5351 Ed.
2150 5286 2330 5372 Lipa.
2380 5285 2431 5369 ο)
2484 5289 2717 5349 Niemtz
2778 5281 2930 5349 (lod.
2992 5283 3169 5347 Koat.
3228 5287 3491 5363 Nyemcz

391 5396 518 5462 Ed.
570 5396 750 5480 Lips.
815 5393 868 5476 ⁴)
913 5397 1173 5456 Truklcz
1222 5391 1373 5459 cod.
1421 5393 1600 5456 Koat.
1665 5391 1718 5472 ὅ)
1766 5395 1841 5454 de
1886 5394 2142 5454 Szluvno
2202 5387 2353 5455 Cod.
2414 5386 2591 5453 Calv.
2653 5386 2707 5468 ⁸)
2762 5389 3061 5450 curienses
3110 5383 3261 5451 cod.
3313 5383 3489 5450 Calv.

397 5500 450 5584 ⁷)
497 5501 794 5562 Konkow
843 5495 994 5562 cod.
1045 5494 1220 5562 Calv.
1272 5495 1324 5578 8)
1371 5499 1662 5575 Szkingar
1709 5491 1860 5559 Cod.
1911 5491 2086 5559 Calv.
2132 5495 2433 5570 Erkingar
2474 5489 2601 5554 Ed.
2645 5487 2828 5574 Lipa.
