4342 6384
403 541 538 642 (Α.
565 541 660 618 Β.
699 541 934 642 1417.)
1587 567 1816 622 unm
1865 567 2329 623 annuemus.
3350 549 3501 624 215

1135 865 1421 938 molesia
1466 867 1863 940 cathedralis
1905 869 1975 940 111
2021 868 2411 958 Samagittia
2458 869 2747 958 origitur.

608 1112 1198 1205 Archiepiscopus
1253 1115 1738 1224 Leopoliensjs
1793 1115 2142 1188 Iohannes
2199 1115 2709 1206 Rzeschowsky
2760 1116 3166 1188 mandatum
3204 1116 3504 1190 concilii

401 1233 960 1304 constantiensis
1026 1233 1162 1306 sibi
1227 1237 1296 1306 et
1359 1235 1572 1306 Petro
1637 1233 1962 1307 Vilneusi
2023 1235 2349 1327 episcopo
2418 1237 2677 1308 factum
2732 1239 3189 1324 executurus,
3249 1236 3325 1308 in
3380 1236 3499 1308 Li-

399 1352 797 1441 thuaniam,
864 1352 1259 1424 Wladislao
1320 1353 1658 1427 Poloniae
1721 1355 1915 1445 Rege
1979 1354 2132 1428 illic
2192 1354 2659 1446 personaliter
2712 1359 2995 1446 agente,
3052 1355 3373 1442 advenit,
3430 1361 3499 1428 et

277 1468 294 1480 ⁹
398 1471 600 1543 iuxta
655 1471 965 1544 eiusdem
1019 1471 1315 1545 Concilii
1368 1471 1868 1546 instructiones
1907 1479 1978 1546 et
2014 1473 2373 1562 mandata,
2430 1474 2901 1547 cathedralem
2957 1474 3324 1548 ecclesiam
3362 1475 3493 1547 sub

397 1590 610 1663 titulo
669 1591 1081 1663 Sanctorum
1135 1591 1557 1681 Alexandri,
1616 1593 1902 1666 Eventii
1956 1598 2027 1666 et
2074 1591 2418 1666 Theodori
2456 1593 2533 1682 1),
2590 1593 2665 1665 111
2700 1597 2888 1666 terra
2927 1593 3499 1686 Samagittarum,

399 1710 474 1782 in
528 1710 680 1782 loco
739 1710 1113 1802 Myedniky
1143 1711 1228 1800 ²),
1287 1733 1428 1783 una
1483 1712 1697 1785 simul
1751 1733 1908 1786 cum
1963 1714 2175 1785 Petro
2228 1711 2555 1785 Vilnensi
2610 1713 2933 1804 episcopo
2990 1712 3198 1806 erigit
3234 1718 3305 1787 et
3342 1711 3499 1786 fun-

400 1830 552 1917 dat,
617 1832 778 1902 dote
841 1829 1221 1902 sufficienti
1287 1830 1426 1903 sibi
1489 1831 1810 1923 perprius
1873 1853 2000 1923 per
2061 1831 2533 1904 Wladislaum
2596 1832 2929 1904 Poloniae
2994 1833 3259 1924 Regem
3312 1833 3493 1906 assi-

397 1953 635 2040 gnata.
701 1949 1130 2021 wladislaus
1184 1950 1476 2041 insuper
1527 1951 1862 2024 Poloniae
1916 1951 2074 2024 Rex
2131 1952 2378 2023 fundat
2433 1955 2503 2024 et
2558 1951 2753 2023 dotat
2805 1971 2931 2042 pro
2986 1971 3067 2024 ea
3118 1951 3273 2026 vice
3328 1953 3497 2024 duo·

401 2069 639 2141 decem
694 2069 1132 2159 parochiales
1187 2069 1518 2142 ecclesias
1583 2070 1658 2141 in
1715 2071 2134 2163 Samagittia
2197 2071 2401 2142 iuxta
2465 2091 2829 2142 numerum
2884 2070 3369 2160 districtuum,
3426 2076 3499 2144 et

399 2188 476 2259 in
531 2188 846 2280 quolibet
902 2188 1232 2260 districtu
1286 2210 1497 2260 unam
1553 2189 1763 2282 erigit
1807 2195 1878 2262 et
1914 2191 2241 2279 collocat,
2298 2195 2739 2282 rectoresque
2794 2210 3030 2262 earum
3084 2189 3159 2262 111
3198 2191 3495 2264 ecclesia

400 2308 788 2380 cathedrali
843 2307 1317 2398 Myednicensi
1379 2329 1618 2400 gerere
1688 2310 2160 2384 canonicalem
2214 2310 2539 2398 titulum,
2598 2310 2922 2397 stallum,
2978 2329 3218 2382 vocem
3274 2314 3347 2382 et
3390 2311 3497 2383 vi-

403 2447 550 2500 cem
607 2427 940 2518 disponit.
999 2428 1472 2519 Myednicensi
1525 2434 1760 2502 autem
1816 2430 2155 2504 ecclesiae
2220 2429 2609 2503 cathedrali
2671 2429 2940 2521 primus
3006 2428 3311 2501 Mathias
3376 2451 3497 2502 na-

398 2548 591 2618 tione
647 2548 1074 2634 AlmannuS,
1133 2547 1204 2619 in
1260 2548 1504 2620 Wilno
1560 2552 1792 2622 tamen
1846 2555 2087 2639 natuS‚
2145 2549 2269 2642 qui
2322 2549 2637 2640 linguam
2692 2548 3187 2620 Lithuanicam
3242 2553 3315 2620 et
3372 2549 3495 2622 Sa-

399 2667 834 2758 magitticam
899 2670 1132 2754 norat,
1197 2669 1592 2758 praefectus
1659 2673 1768 2742 est
1821 2674 1890 2741 et
1945 2674 2423 2755 consecratu83
2488 2667 2851 2742 duodecim
2906 2668 3197 2759 insuper
3266 2689 3493 2741 sacer-

397 2785 716 2872 dotibuS,
776 2787 1095 2858 omnibus
1151 2786 1433 2860 natione
1488 2787 1809 2877 Polonis,
1869 2790 2095 2862 zelum
2150 2809 2276 2881 pro
2332 2787 2793 2879 amplitudine
2848 2787 3008 2860 fidei
3044 2786 3491 2890 habentibus,

396 2906 772 2978 duodecem
808 2906 1140 2978 ecclesiae
1167 2907 1604 2998 parochiales
1643 2909 2138 3002 Samagitticae
2169 2906 2231 2997 ³)
2272 2908 2713 2995 commissae;
2753 2907 3009 2999 quibus
3046 2905 3491 2981 wladislaus

398 3025 736 3097 Poloniae
791 3025 948 3096 Rex
1004 3032 1074 3096 et
1128 3027 1299 3098 certi
1331 3027 1392 3115 ⁴)
1449 3028 1762 3100 Praelati
1817 3049 1904 3100 ex
1942 3029 2185 3122 Regno
2239 3028 2572 3101 Poloniae
2630 3027 2933 3120 singulis
2987 3027 3189 3100 annis
3247 3028 3320 3099 in
3373 3049 3491 3120 pe·

399 3144 662 3232 cuniis,
721 3144 924 3216 libris
980 3147 1050 3216 et
1107 3147 1424 3218 vestibus
1479 3146 1802 3220 liberalia
1854 3149 2306 3239 praestabant
2360 3148 2435 3218 in
2470 3147 2635 3219 fidei
2674 3152 2959 3220 sanctae
2996 3147 3303 3220 favorem
3346 3147 3491 3220 suf-

397 3263 644 3356 fragia.
721 3264 914 3336 Tunc
983 3264 1270 3356 insuper
1339 3266 1564 3338 omnis
1635 3267 2014 3340 residuitas
2084 3268 2317 3359 gentis
2392 3267 2891 3360 Samagitticae
2964 3267 3053 3338 ad
3123 3287 3494 3340 numerum

397 3384 916 3457 catholicorum
972 3390 1042 3456 et
1093 3385 1257 3458 fidei
1321 3386 1744 3460 christianae
1800 3386 2243 3460 identitatem
2298 3387 2629 3474 accessit,
2688 3392 2757 3459 et
2810 3407 2851 3458 a
2897 3386 3211 3459 Iohanne
3264 3386 3491 3460 archi·

399 3503 730 3595 episcopo
785 3505 1228 3594 Leopoliensi
1283 3509 1351 3577 et
1404 3506 1613 3578 Petro
1669 3507 1994 3598 episcopo
2048 3507 2373 3580 Vilnensi
2410 3506 2483 3578 in
2522 3506 2657 3578 fide
2696 3506 3086 3579 orthodoxa
3120 3506 3495 3596 instructa,

397 3627 613 3714 atque
668 3623 1116 3714 baptismatis
1169 3625 1357 3696 unda
1411 3630 1652 3697 renata
1706 3631 1836 3698 est.
1895 3627 1994 3698 De
2048 3626 2161 3698 his
2217 3631 2451 3698 autem
2507 3624 2827 3698 omnibus
2880 3625 3276 3698 Concilium
3322 3625 3497 3698 Con-

397 3743 790 3814 stantiense
845 3748 914 3816 et
967 3744 1313 3816 Martinus
1369 3745 1562 3836 Papa
1619 3744 1848 3818 literis
1901 3746 2114 3838 regiis
2170 3750 2243 3818 et
2296 3746 2640 3818 dictorum
2694 3743 3179 3836 Leopoliensis
3234 3748 3305 3818 et
3341 3743 3496 3817 Vil-

395 3863 638 3935 nensis
695 3863 1104 3954 pontificum
1159 3863 1548 3951 informati,
1620 3865 1954 3938 immenso
2009 3865 2462 3957 replebantur
2512 3864 2802 3958 gaudio,
2860 3869 2931 3937 et
2984 3870 3127 3937 tam
3172 3864 3493 3956 gratissi-

399 4005 592 4053 mum
648 4003 906 4054 novum
956 3982 1032 4054 in
1069 4005 1305 4056 omnes
1361 3985 1690 4057 catholici
1737 3985 1926 4057 orbis
1963 3987 2259 4078 angulos
2297 3985 2801 4058 diffundebant.
2862 3984 2998 4058 Sed
3035 3989 3106 4057 et
3140 3984 3491 4057 Martinus

395 4103 594 4192 Papa
657 4101 1036 4174 Wladislai
1099 4103 1431 4175 Poloniae
1495 4104 1712 4196 Regis
1777 4105 2217 4178 devotionem
2272 4109 2343 4178 et
2397 4106 2622 4177 zelum
2678 4103 3003 4193 efferenS,
3061 4103 3401 4196 speciales
3432 4102 3495 4194 ¹⁵)

395 4221 510 4294 illi
566 4221 813 4293 literas
867 4222 1285 4295 transmisit.

615 4510 659 4590 ¹)
723 4513 1080 4572 Theodorici
1139 4509 1264 4572 Ed.
1325 4507 1508 4594 Lips.
1571 4511 1622 4591 ²)
1683 4512 1970 4590 Medniky
2032 4507 2186 4574 Coa.
2247 4509 2439 4574 Rozr.
2508 4511 2561 4592 ³)
2623 4511 3025 4590 Samogithiae
3088 4507 3239 4575 Cod.
3299 4506 3492 4574 Rozr.

397 4611 452 4689 ⁴)
509 4615 728 4674 caeteri
792 4611 944 4676 Cod.
1003 4611 1194 4675 Rozr.
1269 4611 1320 4694 ὅ)
1383 4613 1787 4675 huiuscemodi
1850 4610 2002 4677 God.
2078 4610 2256 4676 Calv.
2328 4611 2589 4676 Literae
2654 4615 2841 4699 ipsae
2910 4611 3365 4677 desiderantur
3420 4615 3495 4675 in

393 4713 688 4778 omnibus
745 4709 976 4778 &2de
