4342 6384
911 514 1066 586 652
2059 530 2287 587 mnan
2338 532 2851 586 Duomscmus.
3456 507 3592 607 (Α.
3634 508 3727 582 D.
3766 506 3979 606 1440.)

912 722 1032 793 sed
1085 726 1166 792 ut
1221 721 1529 793 animum
1584 719 1899 793 Caesaris
1955 720 2369 808 Turcorum,
2427 719 2659 811 qualis
2714 740 2877 811 erga
2934 740 3010 791 se
3048 723 3264 806 esset,
3323 715 3790 809 experiretur.
3841 716 3978 788 Cum

911 862 1167 933 magna
1221 842 1460 935 itaque
1515 841 1936 913 difficultate
1992 844 2062 913 61
2115 840 2426 931 periculo
2483 843 2766 931 propter
2822 860 3090 927 eorum,
3150 838 3271 929 qui
3325 837 3797 911 observabant
3831 838 3974 923 vias,

913 962 1344 1033 barbaricam
1400 960 1875 1053 tyrannidem,
1935 960 2226 1032 nuntius
2290 960 2527 1051 regius
2594 960 2897 1032 evadens
2954 962 3023 1032 et
3076 959 3163 1030 ad
3217 959 3601 1030 Turcorum
3660 958 3975 1031 Caesarem

913 1081 1364 1174 perveniens,
1420 1082 1798 1175 legationis
1854 1081 2181 1153 mandata
2236 1080 2525 1171 exponit
2591 1084 2661 1151 61
2722 1080 3052 1171 prudenti
3105 1079 3447 1151 relatione
3502 1078 3691 1149 nihil
3745 1078 3825 1150 de
3858 1098 3975 1151 sen·

917 1202 1236 1275 sualibus
1275 1202 1330 1291 ¹)
1371 1202 1658 1274 omittit.
1718 1202 1966 1274 Caesar
2005 1201 2155 1293 ipse
2192 1200 2714 1292 responsionem
2754 1200 2982 1273 tribus
3020 1198 3381 1271 mensibus
3402 1196 3466 1288 2)
3504 1199 3675 1270 dare
3714 1197 3976 1281 distulit,

917 1321 1243 1394 nuntium
1297 1322 1515 1413 Regis
1547 1319 1608 1411 3)
1683 1322 1770 1393 ad
1825 1324 2132 1393 castrum
2206 1324 2375 1393 tunc
2441 1342 2607 1393 suae
2679 1319 2970 1392 ditionis
3047 1319 3425 1392 Smiderow
3456 1319 3519 1405 4)
3590 1318 3748 1390 illic
3798 1339 3977 1389 mora·

915 1447 1152 1514 turum
1205 1441 1660 1513 transmittit:
1739 1440 2060 1513 omnibus
2115 1441 2424 1528 viribuS,
2482 1440 2697 1529 dolis,
2756 1438 3122 1543 promissis
3178 1444 3249 1512 et
3304 1438 3611 1532 ingeniis
3681 1460 3803 1530 pro
3852 1460 3975 1509 con·

919 1561 1299 1653 quisitione
1355 1562 1571 1634 castri
1623 1560 1874 1649 utitur,
1939 1565 2137 1632 ratus
2196 1559 2333 1633 sibi
2388 1566 2666 1652 tempus
2730 1560 2834 1633 ita
2889 1564 3353 1652 opportunum
3419 1580 3543 1650 pro
3605 1559 3805 1631 illius
3853 1580 3975 1630 con-

918 1682 1298 1775 quisitione
1352 1682 1435 1753 (16
1492 1686 1762 1754 caetero
1819 1682 2245 1754 defuturum.
2305 1681 2406 1753 Ut
2444 1686 2675 1754 autem
2733 1680 3013 1754 facilius
3068 1680 3380 1773 potiatur
3418 1680 3645 1767 votiS,
3705 1700 3976 1771 magnam

916 1807 1185 1895 partem
1224 1823 1578 1873 murorum
1616 1800 2014 1874 bombardis
2053 1802 2451 1890 demolitur,
2510 1802 2743 1873 omnia
2780 1803 3045 1874 fossata
3100 1800 3314 1873 castri
3352 1800 3568 1893 lignis
3612 1798 3979 1892 complet5),

920 1922 1136 1996 castri
1192 1923 1671 1995 defensoribus
1725 1921 2130 1994 huiusmodi
2186 1922 2719 2013 completionem
2787 1921 3101 1994 studiose
3156 1920 3732 2009 admittentibuS,
3786 1921 3979 2012 plures

921 2063 1134 2115 naves
1192 2043 1265 2114 in
1304 2041 1660 2131 Danubio,
1718 2044 1839 2135 qui
1877 2048 2186 2115 castrum
2241 2044 2326 2115 ab
2364 2064 2505 2115 una
2542 2047 2742 2135 parte
2781 2042 3235 2130 circumfluit,
3292 2040 3702 2114 hominibus
3740 2038 3977 2113 armatis

929 2167 1220 2235 onustas
1275 2164 1491 2251 locat,
1568 2162 2026 2254 subsequenti
2091 2164 2204 2236 die
2270 2168 2577 2235 castrum
2640 2184 2765 2255 per
2829 2168 3084 2235 terram
3149 2168 3217 2235 et
3270 2183 3459 2235 mare
3528 2161 3975 2255 impetiturus:

921 2281 1206 2355 videbat
1243 2282 1424 2355 enim
1454 2281 2038 2373 promissionibus
2077 2288 2148 2354 et
2184 2281 2638 2375 largitionum
2678 2281 3271 2373 amplissimarum
3300 2281 3803 2369 oblationibuS,
3844 2301 3976 2372 quas

923 2402 1222 2475 iaciebat
1296 2401 1579 2494 sagittis
1644 2402 2022 2495 Bulgarica
2086 2403 2333 2497 lingua
2404 2407 2475 2474 et
2536 2402 2745 2474 litera
2773 2402 2836 2491 6)
2903 2401 3334 2493 conscriptas
3398 2401 3477 2473 in
3546 2408 3875 2489 castrum,
3928 2406 3977 2471 et

925 2543 1101 2614 quae
1166 2522 1254 2594 ad
1309 2522 1780 2594 Wladislaum
1849 2522 2114 2615 Regem
2190 2521 2627 2615 originaliter
2693 2522 2766 2594 in
2832 2521 3103 2594 Budam
3175 2522 3693 2611 deferebantur,
3761 2522 3974 2594 animos

920 2643 1461 2736 gubernatorum
1518 2641 1732 2714 castri
1787 2663 1913 2715 nec
1969 2641 2200 2736 frangi
2254 2663 2381 2715 nec
2421 2641 2725 2715 emolliri
2756 2642 2817 2731 ⁷)
2872 2662 3101 2733 posse.
3160 2642 3583 2734 Capitaneus
3644 2648 3865 2716 autem
3893 2661 3973 2713 ca·

929 2763 1062 2836 stri
1113 2764 1465 2836 Iohannes
1519 2763 1973 2853 Praepositus
2044 2763 2130 2835 de
2186 2764 2448 2836 Wrano
2479 2762 2542 2852 8)
2601 2762 2860 2852 omnia,
2932 2783 3109 2854 quae
3176 2762 3455 2836 evenire
3507 2762 3583 2835 in
3638 2763 3973 2856 pericnlum

926 2888 1154 2957 castro
1208 2887 1566 2975 poterant,
1634 2905 2068 2956 summovere
2131 2888 2202 2956 et
2265 2882 2339 2955 in
2391 2883 2706 2956 hostium
2769 2882 3144 2957 discrimen
3208 2888 3613 2958 convertere
3681 2890 3972 2975 satagens,

929 3008 1128 3077 nocte
1185 3002 1642 3093 subsequenti
1696 3003 2228 3075 bombardarum
2285 3003 2698 3095 pulveribus
2734 3004 2930 3096 ligna
2964 3003 3041 3076 in
3080 3006 3341 3077 fossata
3392 3024 3519 3096 per
3556 3005 3814 3077 Turcos
3858 3021 3973 3094 pro-

930 3124 1111 3196 iecta
1165 3122 1596 3212 commiscet,
1674 3126 1743 3195 et
1805 3125 1998 3216 largo
2062 3126 2355 3216 pulvere
2424 3125 2621 3217 ligna
2684 3124 2840 3216 ipsa
2910 3124 2985 3195 in
3050 3124 3227 3197 locis
3291 3124 3551 3198 abditis
3618 3121 3973 3198 consternit

929 3244 1100 3317 Cum
1155 3242 1376 3336 igitur
1437 3244 1659 3316 altera
1723 3242 1834 3318 die
1897 3245 2277 3318 Turcorum
2348 3246 2733 3335 exercitus,
2809 3244 3012 3337 quasi
3075 3246 3420 3333 locustae,
3495 3246 3830 3338 impetum
3886 3260 3976 3333 per

928 3369 1187 3437 terram
1243 3367 1314 3437 et
1367 3385 1620 3455 aquam
1675 3371 1915 3438 contra
1970 3370 2276 3437 castrum
2315 3367 2653 3453 facerent,
2712 3370 2782 3438 et
2818 3364 3275 3439 multitudine
3323 3366 3604 3439 vincere
3642 3364 3973 3458 sperarent,

931 3487 1194 3558 fossata
1229 3505 1586 3556 murorum
1615 3484 1702 3574 ⁰),
1745 3506 1921 3577 quae
1961 3486 2183 3557 altera
2220 3485 2331 3557 die
2369 3486 2459 3575 ¹⁰)
2500 3484 2716 3579 lignis
2753 3486 3195 3577 repleverant
3233 3486 3347 3575 ¹¹),
3406 3484 3979 3579 supergrediuntur

933 3628 1090 3678 cum
1143 3603 1509 3677 immensis
1566 3605 1968 3677 cohortibus
2025 3611 2095 3678 et
2131 3606 2464 3680 clamore:
2525 3610 2595 3679 et
2631 3607 2793 3677 dum
2834 3606 3046 3679 castri
3096 3607 3490 3679 defensores
3548 3626 3635 3679 ex
3676 3600 3976 3698 proposito

935 3724 1465 3798 dissimularent
1521 3746 1636 3797 eos
1691 3726 2061 3816 repellere,
2120 3726 2523 3817 duplicatur
2578 3748 2813 3799 eorum
2868 3747 3231 3815 numerus,
3290 3730 3359 3799 et
3415 3725 3742 3799 omnibus
3791 3742 3978 3797 accur-

932 3845 1287 3933 rentibuS,
1343 3865 1810 3937 pavoremque
1865 3846 2437 3934 castellanorum,
2504 3867 2641 3918 non
2698 3846 3332 3919 dissimulationem
3388 3844 3977 3937 praetendentibus

941 3966 1107 4037 dum
1163 3964 1386 4056 aliqui
1441 3986 1528 4037 ex
1566 3964 1716 4037 illis
1774 3966 1985 4038 scalis
2023 3987 2257 4038 muros
2314 3967 2528 4039 castri
2568 3967 3024 4039 conscendere
3078 3966 3494 4054 niterentur,
3552 3957 3982 4058 opportuniori

938 4084 1090 4157 viso
1146 4088 1459 4174 tempore
1531 4084 1865 4157 emittunt
1929 4092 2318 4159 castrenses
2384 4090 2602 4174 faceS‚
2678 4086 2966 4158 titiones
3031 4093 3100 4159 et
3164 4087 3497 4159 carbones
3562 4086 3873 4160 ardentes
3922 4081 3983 4151 de

939 4225 1168 4277 muro:
1228 4208 1297 4277 et
1352 4204 1585 4277 subito
1641 4203 1714 4276 in
1772 4206 2019 4278 multis
2077 4210 2146 4278 et
2200 4206 2417 4279 variis
2472 4208 2647 4279 locis
2695 4206 3006 4279 accensis
3061 4205 3474 4297 pulveribus
3512 4206 3724 4279 Turci
3760 4206 3981 4278 flamma

938 4330 1008 4398 et
1067 4327 1325 4397 foetore
1380 4325 1745 4416 repentino
1803 4325 2253 4415 suffocantur,
2322 4332 2391 4399 et
2452 4347 2576 4418 per
2640 4326 2833 4419 ligna
2897 4326 3035 4398 iam
3091 4327 3438 4417 ardentia,
3505 4348 3687 4419 quae
3752 4324 3981 4417 ipsimet

937 4450 1463 4537 congesserant,
1520 4450 2048 4518 consumuntur.
2107 4445 2376 4519 caeteri
2416 4467 2740 4520 successu
2780 4446 2912 4518 tali
2948 4446 3339 4539 perterriti,
3400 4468 3528 4519 nec
3564 4468 3833 4519 murum
3864 4461 3982 4515 con-

934 4565 1208 4657 tingere
1261 4566 1415 4637 ausi
1472 4572 1659 4638 sunt.
1719 4565 1813 4638 Hi
1869 4586 2064 4654 vero,
2123 4566 2247 4657 qui
2300 4588 2423 4657 per
2478 4588 2729 4657 aquam
2770 4564 2857 4655 ¹²)
2916 4566 2988 4638 in
3043 4566 3343 4640 navibus
3399 4567 3833 4659 pugnabant,
3880 4580 3981 4634 non

937 4686 1369 4759 blandiorem
1427 4686 1774 4757 fortunam
1833 4685 2105 4776 experti
2146 4689 2343 4758 sunt:
2400 4688 2638 4778 plures
2677 4686 2863 4759 enim
2902 4708 3115 4759 naves
3172 4686 3465 4759 fulmine
3504 4685 3983 4760 bombardarum

940 4827 982 4876 a
1035 4810 1263 4877 castro
1326 4826 1732 4897 percussae,
1807 4806 1893 4877 ab
1957 4804 2174 4897 aquis
2228 4807 2594 4898 absorptae
2660 4811 2859 4895 sunt,
2936 4806 3118 4880 aliae
3182 4805 3453 4899 impetu
3524 4810 3875 4879 ventorum
3918 4796 3981 4870 ad

1159 5110 1202 5193 ¹)
1249 5112 1323 5173 de
1368 5112 1784 5193 essentialibus
1843 5110 1993 5175 0001.
2040 5109 2219 5175 Kost.
2270 5112 2321 5195 Ω)
2368 5115 2576 5175 diebus
2626 5109 2776 5177 Cod.
2808 5111 2984 5176 Kost.
3034 5113 3086 5194 ³)
3133 5118 3359 5194 regium
3408 5109 3561 5177 Cod.
3594 5110 3773 5177 Kost.
3803 5110 3849 5193 ⁴)
3877 5106 3983 5170 Svi·

943 5216 1139 5277 ‹lerow
1181 5212 1309 5276 Ed.
1357 5214 1537 5298 Lips.
1589 5212 1640 5293 δ)
1690 5218 1894 5293 implet
1935 5214 2062 5279 Ed.
2096 5214 2277 5299 Lips.
2327 5214 2379 5295 ⁰)
2427 5218 2614 5279 literis
2664 5213 2815 5281 Cod.
2847 5215 3026 5279 Kost.
3079 5217 3132 5297 ⁷)
3180 5220 3447 5280 demoliri
3492 5216 3621 5281 Ed.
3646 5216 3822 5301 Lips.
3863 5212 3905 5289 ὅ)
3930 5210 3983 5267 ¹10

943 5318 1170 5379 Surano
1214 5316 1341 5379 Ed.
1385 5316 1567 5400 Lips.
1638 5316 1690 5398 ⁹)
1738 5320 2032 5396 lignorum
2074 5318 2201 5382 Ed.
2251 5318 2431 5403 Lips.
2510 5318 2587 5400 ¹⁰)
2635 5322 2826 5399 pridie
2874 5316 3025 5384 Cod.
3072 5320 3249 5385 Kost.
3326 5321 3402 5401 ¹¹)
3449 5324 3829 5401 impleverant
3869 5307 3981 5381 Cod·

945 5418 1122 5481 Kost.
1183 5417 1265 5499 ¹⁹)
1311 5439 1384 5481 ex
1427 5439 1584 5498 aqua
1631 5417 1784 5485 God.
1833 5418 2008 5485 Kost.
