4342 6384
363 584 496 687 (Α.
535 585 625 661 D.
663 579 920 685 142⁹.)
1543 610 1770 663 mnan
1821 610 2281 665 unnncnms.
3306 590 3451 663 387

361 794 786 869 solicitasse:
844 794 1074 886 ipsius
1129 799 1362 867 tamen
1417 794 1856 888 Sigismundi
1907 795 2381 873 Romanorum
2434 794 2653 888 Regis
2708 798 2781 868 et
2816 795 3327 869 Cruciferorum
3360 796 3447 870 de

359 913 650 987 Prussia
700 914 1030 1006 pertinax
1085 914 1436 988 industria
1489 918 1559 987 et
1613 914 1921 1007 vigilans
1987 935 2154 987 cura
2216 916 2385 988 adeo
2442 916 2591 987 suis
2646 915 2997 1004 consiliis,
3051 916 3453 1007 persuasio-

358 1034 568 1107 nibus
632 1040 712 1125 et,
767 1034 1052 1107 monitis
1119 1034 1336 1108 Ducis
1401 1034 1789 1107 Withawdi
1853 1034 2163 1107 animum
2228 1035 2721 1123 incendebant,
2796 1039 2878 1107 ut
2944 1036 3327 1109 modestiae
3391 1041 3461 1109 et

359 1154 772 1246 prudentiae
826 1176 994 1228 suae
1048 1159 1373 1248 cogerent
1410 1156 1464 1244 1)
1521 1176 1680 1227 eum
1736 1154 2094 1243 oblivisci,
2133 1156 2274 1227 rati
2311 1154 2783 1227 wladislaum
2822 1155 3154 1229 Poloniae
3192 1156 3456 1248 Regem

359 1279 430 1348 et
483 1276 804 1368 Regnum
859 1296 1062 1347 suum
1118 1275 1483 1363 Poloniae,
1543 1275 1606 1347 si
1658 1274 1980 1367 incoepta
2033 1276 2476 1368 perficerent,
2536 1251 2675 1348 non
2730 1296 2931 1349 secus
2971 1296 3177 1367 quam
3215 1275 3289 1347 in
3330 1274 3455 1347 tri-

359 1395 618 1486 umpho
673 1394 1028 1467 ducturos,
1086 1394 1268 1467 Nam
1323 1400 1397 1467 et
1448 1416 1572 1486 pro
1610 1394 1736 1467 illo
1775 1399 2115 1486 tempore,
2176 1415 2311 1486 quo
2368 1416 2525 1467 cum
2582 1394 2855 1467 nuntiis
2890 1393 3105 1487 regiis
3144 1394 3220 1467 in
3261 1394 3457 1467 Wol-

358 1512 668 1587 kowiska
695 1512 759 1602 2)
815 1514 1098 1607 agebat,
1157 1515 1354 1587 venit
1405 1515 1610 1587 miles
1665 1515 2000 1588 Austriae
2053 1516 2460 1591 Leonardus
2492 1512 2579 1605 3),
2639 1536 2724 1587 ex
2780 1520 2983 1606 parte
3021 1513 3459 1606 Sigismundi

357 1635 830 1707 Romanorum
885 1638 957 1707 et
1009 1634 1416 1728 Huugariae
1453 1634 1670 1727 Regis
1708 1635 2001 1724 missuS,
2059 1637 2287 1709 ferens
2345 1636 2483 1710 sibi
2522 1635 2829 1729 insignia
2867 1635 3225 1709 societatis
3266 1657 3456 1725 suae,

359 1754 569 1827 certis
623 1755 934 1847 legibus,
993 1750 1166 1845 quas
1223 1754 1523 1845 quilibet
1577 1754 1926 1847 accipiens
1982 1754 2373 1829 iuramento
2429 1755 2841 1829 intemerate
2896 1761 3345 1829 servaturum
3386 1776 3461 1829 se

359 1872 784 1966 stringebat,
841 1874 1315 1965 qualificatas,
1375 1876 1630 1967 quibus
1685 1882 1968 1949 cautum
2022 1881 2207 1963 erat,
2275 1880 2357 1948 ut
2409 1897 2594 1948 unus
2650 1876 2949 1949 alterum
3006 1876 3079 1948 in
3136 1874 3459 1948 adversis

360 1997 429 2066 et
479 1994 834 2085 prosperis
889 1999 960 2068 et
1015 2014 1451 2087 quocumque
1506 2016 1671 2069 casu
1727 2016 2084 2088 nunquam
2133 1996 2505 2069 desereret.
2564 1995 2787 2068 Draco
2828 2000 3061 2068 autem
3100 1994 3459 2069 societatis

358 2111 752 2204 praedictae
808 2119 954 2187 erat
1009 2114 1316 2207 insigne,
1383 2116 1683 2187 rotunda
1745 2118 1970 2208 figura
2027 2136 2102 2189 se
2155 2115 2450 2191 volvens
2506 2120 2577 2188 et
2631 2114 2861 2207 capite
2924 2115 3215 2187 caudam
3271 2136 3453 2188 com-

357 2233 706 2323 plectens,
765 2232 1084 2308 faucibus
1137 2234 1402 2325 apertis
1459 2238 1528 2307 et
1583 2236 1928 2308 flammam
1981 2236 2461 2325 ructantibuS‚
2519 2256 2761 2309 cruore
2798 2233 2873 2307 in
2910 2234 3117 2327 spina
3155 2234 3343 2307 dorsi
3380 2234 3457 2307 in

359 2352 638 2425 modum
691 2353 920 2425 crucis
975 2374 1421 2446 conspersus,
1491 2354 1605 2428 cui
1661 2354 1939 2448 signum
1995 2356 2224 2428 crucis
2277 2355 2509 2428 radios
2566 2355 2893 2428 emittens
2934 2358 3084 2428 erat
3122 2376 3455 2447 superpo-

360 2472 608 2561 situm,
667 2473 1087 2565 scripturam
1141 2474 1216 2545 in
1270 2474 1496 2547 medio
1551 2476 1766 2547 talem
1820 2476 2217 2549 continens:
2278 2475 2333 2547 0
2390 2496 2599 2567 quam
2652 2474 3049 2548 misericors
3096 2480 3205 2547 est
3240 2477 3455 2564 DeuS,

357 2591 590 2665 iustus
646 2598 718 2665 et
772 2592 1099 2666 clemens.
1165 2594 1488 2686 Insignia
1547 2594 1951 2669 huiusmodi
2032 2594 2106 2666 in
2176 2592 2575 2686 praesentia
2636 2594 3044 2667 nuntiorum
3110 2594 3455 2688 regalium

357 2712 626 2801 oblata,
680 2714 844 2784 Dux
898 2713 1342 2786 Withawdus
1397 2736 1523 2806 pro
1577 2714 1862 2787 vinculo
1919 2714 2282 2787 societatis
2333 2713 2710 2804 ineundae,
2764 2714 3131 2806 respondit
3184 2736 3259 2787 se
3295 2715 3453 2787 nul-

357 2832 636 2905 latenus
691 2854 814 2925 pro
871 2834 1336 2907 fraternitatis
1393 2840 1462 2907 et
1514 2834 1702 2927 ligae
1756 2834 2072 2923 vinculo,
2139 2834 2263 2908 sed
2318 2856 2441 2929 pro
2494 2833 2806 2909 muneris
2871 2834 3137 2923 officio,
3204 2854 3291 2906 ne
3346 2834 3453 2908 iu-

360 2955 753 3025 ramentum
809 2953 1202 3026 Wladislao
1259 2955 1438 3048 Regi
1489 2955 1824 3028 Poloniae
1887 2953 2309 3048 praestitum
2372 2976 2498 3046 per
2557 2956 3106 3046 praestationem
3160 2953 3454 3027 alterius

357 3072 718 3146 videretur
770 3076 1177 3163 temerasse,
1245 3078 1760 3167 suscepturum.
1829 3074 1987 3147 Tali
2055 3095 2391 3167 responso
2468 3080 2751 3166 accepto
2813 3074 3047 3147 nuntii
3120 3073 3195 3145 in
3246 3074 3453 3146 Polo-

356 3191 546 3265 niam
597 3192 895 3281 reversi,
955 3214 1132 3285 quae
1187 3216 1422 3267 secum
1477 3200 1634 3268 acta
1688 3200 1918 3284 erant,
1977 3194 2398 3289 singillatim
2456 3194 2848 3267 Wladislao
2902 3194 3237 3267 Poloniae
3276 3194 3457 3288 Regi

357 3312 776 3385 denuntiant
831 3317 904 3385 et
955 3318 1340 3405 exponunt.
1407 3316 1518 3389 Ad
1573 3314 2096 3406 illaqueandum
2135 3314 2483 3407 siquidem
2522 3314 2835 3387 animum
2873 3314 3263 3388 Alexandri
3300 3315 3453 3388 Wi-

358 3432 618 3505 thawdi
681 3434 900 3507 Ducis
961 3435 1296 3525 praefati,
1363 3435 1682 3508 draconis
1747 3435 2024 3528 insigne
2088 3434 2505 3507 mittebatur
2555 3456 2679 3526 pro
2736 3434 3106 3507 societate:
3164 3438 3245 3506 ut
3299 3434 3452 3507 Wi-

357 3552 676 3625 thawdus
733 3554 884 3645 ipse
939 3554 1204 3627 amicus
1260 3557 1458 3629 fieret
1511 3555 1800 3647 Imperii
1855 3560 1927 3628 et
1981 3555 2237 3628 socius,
2305 3554 2498 3627 Tunc
2550 3556 2862 3645 profecto
2920 3554 3273 3645 scriptura
3325 3553 3455 3625 illa

357 3671 784 3765 implebatur
833 3675 1302 3765 prophetalis:
1359 3676 1583 3747 Draco
1621 3675 1744 3748 ille
1783 3695 1988 3766 quem
2035 3674 2353 3746 formasti
2392 3674 2479 3745 ad
2515 3674 2952 3746 illudendum
2992 3674 3057 3746 ei
3084 3674 3171 3763 ⁴).
3229 3674 3454 3747 Draco

357 3791 700 3883 siquidem
756 3792 914 3881 ille,
971 3800 1042 3867 et
1097 3798 1454 3868 tortuosus
1509 3800 1582 3868 et
1635 3796 1975 3888 sanguine
2027 3816 2423 3887 respersus,
2484 3815 2639 3867 cum
2697 3793 2897 3886 signo
2936 3794 3161 3867 crucis
3201 3794 3451 3865 forma-

357 3915 474 3985 tus
529 3912 886 4005 apparuit,
945 3913 1350 4007 significans
1402 3937 1528 4007 per
1583 3938 1788 3988 suum
1852 3916 2219 3988 authorem
2274 3919 2344 3987 et
2398 3914 2599 3987 illius
2666 3912 3221 4006 suggestionem,
3292 3933 3449 3985 san-

352 4035 638 4123 guinem
691 4031 1250 4107 Christianorum
1305 4056 1428 4128 per
1477 4036 1668 4109 bella
1724 4034 1924 4107 fundi
1979 4040 2319 4127 oportere.

461 4390 774 4461 latinus
818 4388 1088 4478 quintus
1128 4388 1300 4476 rapa
1345 4388 1828 4460 coronationem
1872 4387 2221 4459 Withawdi
2266 4388 2477 4474 Ducis,
2522 4388 2702 4460 datis
2747 4388 2833 4459 ad
2876 4387 3345 4478 Sigismundum

1224 4507 1645 4579 Romanorum
1688 4507 1926 4597 Regem
1969 4508 2181 4579 literis
2200 4562 2217 4593 ‚
2263 4507 2581 4597 prohibet.

564 4756 674 4827 Ex
729 4754 1169 4829 Sandomiria
1226 4754 1661 4827 Wladislaus
1716 4755 2050 4827 Poloniae
2105 4755 2261 4828 Rex
2318 4754 2395 4827 in
2448 4758 2703 4827 terram
2756 4754 3254 4829 Lublinensem
3294 4776 3449 4847 pro-

347 4896 666 4969 gressam,
741 4874 996 4949 exinde
1058 4896 1182 4967 pro
1250 4876 1426 4947 festo
1491 4875 1731 4948 Sancti
1798 4874 2088 4947 Martini
2150 4874 2225 4947 in
2290 4874 2829 4967 Nyepolomicze
2890 4876 3135 4963 rediit,
3211 4874 3451 4966 ireque

344 5016 474 5087 pro
536 4994 764 5069 hieme
827 4994 899 5066 in
964 4994 1453 5082 Lithuaniam,
1527 5000 1814 5087 propter
1876 4994 2251 5068 dissidium
2316 4996 2680 5069 subortum
2742 4994 3092 5087 neglexit,
3168 4996 3288 5068 sed
3362 5016 3451 5069 ex

349 5114 892 5206 Nyepolomicze
947 5112 1022 5185 in
1076 5121 1298 5186 terras
1357 5114 1656 5187 Russiae
1719 5136 1845 5205 per
1899 5114 2148 5188 solitas
2206 5115 2546 5187 stationes
2600 5114 2985 5187 descendit.
3064 5112 3162 5187 Ut
3216 5119 3451 5189 autem

355 5484 416 5555 C
568 5386 616 5465 ¹)
657 5388 950 5464 cogebant
975 5384 1103 5450 Ed.
1135 5385 1316 5471 Lips.
1353 5386 1402 5467 ²)
1431 5388 1803 5449 Volkoniska
1844 5386 1995 5451 eod.
2027 5384 2220 5451 Rozr.
2256 5387 2308 5469 ³)
2338 5390 2676 5451 Bernardus
2718 5383 2870 5451 Cod.
2908 5382 3085 5451 Calv.
3120 5385 3175 5468 ⁴)
3205 5386 3449 5450 Psalm.

407 5486 537 5552 ΙΙΙ.
583 5510 638 5553 υ.
686 5488 790 5553 26.
