4342 6384
444 531 581 636 (Aa
620 535 711 613 D.
756 529 1011 635 1423.)
1604 553 1829 610 LIBER
1879 552 2336 610 muamus·
3375 531 3523 610 313

542 854 959 927 uenditionos
1001 854 1183 944 pacis
1227 855 1579 948 perpetuae
1623 853 1793 946 apud
1835 853 2044 934 laeum
2086 853 2296 927 {elno
2341 871 2481 927 oum
2523 852 2696 942 Rogo
2738 852 3035 924 Poloniae
3083 829 3431 924 wladislao

1194 973 1412 1044 factae
1425 1027 1441 1059 ,
1488 971 1785 1043 (incisori
1831 971 2223 1060 promittunt
2265 988 2341 1041 so
2387 969 2783 1060 expleturos.

653 1215 1029 1290 Concordia
1079 1215 1265 1288 inter
1325 1216 1553 1307 Reges
1628 1214 1947 1287 stabilita
2009 1219 2219 1306 atque
2274 1215 2638 1304 innovata,
2703 1215 3140 1289 Wladislaus
3193 1216 3528 1289 Poloniae

446 1337 601 1409 Rex
630 1335 1119 1426 compositioni
1144 1334 1497 1426 praefatae
1523 1332 1915 1424 pariturae,
1948 1330 2210 1406 Ducem
2239 1333 2768 1425 sigismundum
2797 1333 3152 1406 Koributh
3181 1354 3270 1406 ex
3298 1335 3524 1407 Bohe-

446 1455 588 1526 mia
659 1457 730 1525 et
780 1473 905 1545 per
956 1452 1243 1524 nuntios
1310 1457 1380 1524 et
1430 1473 1555 1544 per
1615 1452 1861 1524 literas
1922 1455 2236 1541 revocat,
2302 1473 2440 1522 non
2503 1451 2806 1543 amplius
2871 1452 3316 1544 Sigismundo
3381 1453 3520 1524 Ro-

444 1592 805 1644 manorum
858 1571 1038 1663 Regi
1093 1576 1162 1643 et
1215 1570 1364 1642 suis
1418 1570 1815 1643 Bohemicis
1869 1570 2077 1643 rebus
2131 1570 2551 1642 nociturum.
2615 1569 2952 1663 Magister
3005 1592 3168 1643 vero
3221 1575 3292 1644 et
3345 1569 3524 1642 Ordo

446 1689 953 1762 cruciferorum
1007 1688 1091 1760 de
1144 1689 1465 1776 Prussia,
1522 1689 1646 1780 qui
1702 1688 1879 1761 alias
1932 1693 2218 1780 propter
2267 1673 2668 1780 Regnorum
2713 1688 3224 1780 praedictorum
3261 1688 3520 1761 discor-

447 1807 667 1895 diam,
728 1828 969 1899 pacem
1027 1811 1434 1899 perpetuam
1497 1807 1681 1900 apud
1741 1809 1971 1880 lacum
2034 1808 2263 1885 Melno
2328 1809 2702 1896 firmatam,
2768 1806 3100 1898 languide
3165 1811 3234 1878 et
3289 1805 3523 1897 tepide

446 1926 587 1998 visi
624 1929 791 1998 sunt
842 1925 1187 2012 tenuisse,
1243 1927 1575 2018 pacisque
1612 1926 2043 1998 conditiones
2080 1925 2155 1998 in
2191 1925 2771 2016 inscriptionibus
2809 1929 3170 1998 contentas
3209 1923 3524 2016 implere,

448 2044 809 2136 signanter
870 2044 945 2115 in
999 2043 1213 2117 castri
1264 2043 1333 2115 N
1336 2045 1697 2135 yeschowa
1765 2043 2211 2115 demolitione
2285 2043 2826 2130 cunctabantur,
2901 2043 3182 2136 cognita
3252 2043 3526 2134 Regum

444 2161 808 2235 concordia
845 2165 916 2234 et
952 2162 1298 2235 foederum
1334 2162 1814 2248 renovatione,
1854 2166 2161 2234 castrum
2199 2162 2628 2252 Nyeschowa
2664 2162 3136 2235 demoliuntur
3172 2165 3242 2233 et
3281 2181 3520 2233 omnes

443 2280 639 2372 pacis
694 2282 983 2372 explent
1036 2281 1491 2354 conditiones.
1547 2282 1657 2353 Ex
1712 2281 2097 2352 Keszmark
2149 2280 2584 2352 Wladislaus
2637 2279 2970 2352 Poloniae
3005 2280 3194 2368 Rex,
3249 2299 3377 2371 per
3414 2279 3522 2352 Si-

444 2399 893 2491 gismundum
946 2400 1415 2474 Romanorum
1470 2405 1541 2471 et
1592 2398 1997 2492 Hungariae
2028 2405 2033 2409 ’
2059 2399 2326 2490 Regem
2387 2403 2708 2490 rogatus,
2774 2398 2850 2469 iu
2913 2397 3350 2487 Lyuboczam
3405 2397 3522 2469 de-

448 2519 721 2590 scendit
786 2524 855 2591 et
925 2518 1079 2591 illic
1148 2519 1419 2591 Pascha
1492 2517 1773 2590 Domini
1844 2517 2254 2604 celebravit,
2322 2537 2362 2587 a
2418 2515 2865 2608 Sigismundo
2939 2516 3131 2607 Rege
3203 2514 3524 2586 omnibus

448 2637 863 2710 necessariis
927 2657 1083 2708 cum
1120 2636 1336 2708 ‘omni
1389 2636 1582 2708 curia
1653 2657 1781 2707 sua
1840 2639 2278 2727 procuratuS.
2345 2635 2488 2707 Ubi
2543 2633 3047 2706 cruciferorum
3102 2633 3186 2706 de
3237 2632 3528 2704 Prussia

448 2759 791 2828 venerunt
846 2756 1164 2828 solennes
1219 2753 1485 2842 nuntii,
1540 2753 2027 2845 promittentes
2082 2773 2324 2844 pacem
2381 2753 2564 2843 apud
2603 2750 2656 2841 ¹)
2711 2752 2942 2823 lacum
2969 2751 3208 2824 Melno
3247 2750 3524 2822 conclu-

448 2895 597 2946 sam
652 2874 1049 2960 observare,
1108 2877 1177 2948 et
1229 2876 1581 2964 petentes„
1648 2874 1728 2943 ut
1780 2872 1870 2943 ad
1923 2871 2494 2945 satisfaciendum
2557 2869 2752 2959 pacis
2807 2869 3322 2942 conditionibus
3377 2868 3525 2940 dies

446 2996 654 3083 aptus
709 2992 1235 3084 consignaretur
1287 2995 1356 3063 et
1409 2990 1628 3063 locus,
1684 2992 1787 3063 De
1841 2990 2147 3081 partium
2201 2991 2442 3081 itaque
2478 3008 2851 3076 consensu,
2908 2989 3104 3060 locus
3150 2987 3526 3078 Wyelunia

448 3111 525 3182 in
578 3110 960 3182 Lithuania
1006 3131 1219 3201 supra
1251 3109 1544 3182 fiuvium
1598 3109 1667 3182 N
1670 3130 1990 3201 yemyeu,
2049 3115 2121 3182 et
2156 3109 2306 3182 dies
2345 3106 2798 3181 Ascensionis
2835 3105 3117 3180 Domini
3145 3103 3207 3196 ²)
3263 3107 3524 3192 futura,

447 3229 640 3301 fuere
694 3227 1122 3322 consignata.

582 3577 856 3648 lucilio
901 3577 1519 3667 nrnnuoburgonsis,
1565 3576 1734 3665 quod
1776 3575 2113 3665 promissis
2157 3593 2290 3648 non
2335 3575 2672 3661 stetisset,
2716 3591 2791 3645 so
2834 3573 3184 3645 wladislao
3231 3573 3389 3662 nugi

1667 3694 1967 3765 Poloniae
2014 3695 2308 3764 excusat.

653 3938 887 4012 Tertia
939 3938 1052 4010 die
1107 3937 1273 4010 festi
1324 3938 1633 4011 Paschae
1687 3937 1884 4010 venit
1919 3936 2005 4009 ad
2042 3935 2515 4010 wladislaum
2550 3934 2883 4007 Poloniae
2926 3933 3187 4026 Regem
3222 3933 3297 4005 in
3333 3934 3519 4026 Lyu-

444 4058 655 4130 bocza
708 4062 877 4130 tunc
912 4061 1260 4148 agentem,
1316 4056 1715 4128 Fridericus
1752 4055 1984 4127 senior
2019 4054 2327 4127 Marchio
2368 4053 3043 4144 BrandeburgensiS,
3101 4055 3346 4143 petens
3384 4053 3521 4124 sibi

443 4175 746 4268 ignosci,
812 4175 994 4268 quod
1056 4175 1527 4248 Wladislaum
1590 4174 1922 4247 Poloniae
1995 4175 2252 4265 Regem
2331 4177 2573 4244 contra
2643 4171 3028 4244 Cruciferos
3100 4171 3517 4262 belligeran-

444 4300 585 4367 tem
614 4293 701 4384 ³)‚
758 4297 1042 4386 rogatus
1098 4297 1168 4364 et
1220 4293 1639 4384 requisituS,
1714 4293 1915 4366 iuxta
1986 4313 2184 4363 suam
2248 4290 2742 4382 obligationem
2805 4294 2876 4361 et
2935 4288 3520 4381 pollicitationem

448 4435 583 4484 non
634 4413 941 4485 iuverat:
998 4431 1314 4485 asserens
1364 4431 1437 4483 se
1474 4416 1642 4484 tunc
1678 4410 1897 4483 fuisse
1943 4409 2164 4482 altera
2212 4409 2657 4499 expeditione
2695 4413 2937 4481 contra
2974 4408 3318 4480 Bohemos
3353 4408 3517 4480 hae-

432 4533 699 4604 reticos
762 4535 1196 4623 occupatum.
1270 4531 1529 4603 Verum
1591 4529 2027 4602 Wladislaus
2090 4529 2247 4601 Rex
2327 4527 2847 4602 excusationem
2910 4525 3315 4598 huiusmodi
3378 4543 3518 4596 non

444 4651 745 4723 referens
798 4650 874 4722 in
926 4654 1320 4740 acceptum,
1386 4650 1676 4722 moleste
1730 4647 1931 4735 tulit,
1996 4651 2159 4739 post
2210 4651 2556 4720 recentem
2608 4645 2823 4737 ligam
2877 4649 2948 4717 et
3002 4643 3276 4733 foedus,
3333 4645 3513 4716 Mar-

446 4769 760 4841 chionem
812 4768 1243 4860 praedictum
1300 4767 1529 4841 verbis
1586 4770 1655 4840 et
1708 4765 2071 4858 promissis
2126 4765 2464 4837 virtutem
2516 4785 2656 4835 non
2710 4762 3004 4836 dedisse.

656 5021 701 5101 ¹)
746 5023 825 5082 ad
867 5017 993 5086 Ed.
1039 5019 1219 5104 Lips.
1269 5019 1321 5100 ²)
1364 5021 1604 5082 Domini
1647 5016 1817 5082 deest
1858 5017 1932 5080 in
1979 5011 2130 5081 eod.
2183 5012 2359 5079 Calv.
2407 5014 2461 5093 ³)
2504 5017 2662 5078 bella
2702 5019 3004 5093 gerentem
3053 5005 3206 5077 Ood.
3252 5010 3444 5076 Rozr.

493 5525 541 5568 J.
564 5525 751 5575 Diagon.
777 5523 951 5565 Hister.
977 5523 1137 5566 Polou.
1161 5521 1217 5561 'l'-
1242 5521 1323 5564 tv.
3099 5499 3172 5554 40
