4342 6384
891 558 1038 635 322
2069 580 2297 637 mann
2348 580 2805 637 annuemus.
3264 522 3271 529 ’
3408 558 3543 661 (Α.
3578 560 3675 635 D.
3716 558 3961 659 1424.)

881 766 1105 840 tetius
1158 767 1262 840 rei
1314 767 1669 859 negotium
1725 766 1800 839 in
1855 768 2335 841 Alexandrum
2374 768 2847 842 Withawdum
2882 767 3223 857 refundit,
3278 788 3597 841 asserens
3654 788 3763 855 se,
3822 767 3963 839 sine

883 886 1084 977 illius
1140 886 1432 959 consilio
1469 891 1541 958 et
1577 906 1950 974 censensu,
1991 886 2062 958 in
2099 887 2309 959 rebus
2347 908 2637 979 magnae
2675 887 3195 979 importantiae,
3254 889 3532 978 qualem
3569 887 3773 959 illam
3812 907 3959 958 con-

883 1006 1148 1092 stabat,
1205 1026 1342 1077 nen
1407 1006 1696 1077 solitum
1763 1006 2134 1097 quicquam
2200 1011 2531 1079 statuere.
2602 1008 2999 1098 Suadetque
3062 1010 3445 1099 pestremo,
3520 1010 3601 1077 ut
3663 1010 3965 1077 >oratores

885 1146 1048 1196 sues
1104 1125 1332 1216 Reges
1387 1124 1472 1197 ad
1527 1124 1735 1197 illum
1791 1126 2109 1213 mittant,
2179 1127 2525 1217 spendens
2592 1148 2667 1199 se
2718 1126 2793 1199 in
2848 1126 3046 1199 illius
3110 1125 3545 1197 ordinatione
3596 1129 3669 1197 et
3722 1124 3963 1195 velun-

881 1247 1029 1315 tate
1082 1244 1418 1316 futurum.
1476 1244 1676 1317 Laeti
1733 1245 1933 1317 ambo
1987 1246 2216 1337 Reges
2272 1266 2350 1318 eo
2404 1266 2765 1337 response,
2834 1245 3184 1336 extemplo
3248 1244 3331 1317 de
3385 1244 3721 1317 Cracevia
3776 1248 3963 1315 nota-

882 1360 1097 1433 bilem
1153 1362 1610 1435 ambasiatam
1651 1365 1704 1452 ι)
1759 1363 1848 1435 ad
1901 1364 2383 1437 Alexandrum
2436 1365 2511 1437 in
2564 1365 3015 1436 Lithuaniam
3056 1364 3578 1453 transmittunt,
3634 1363 3778 1436 rati
3816 1383 3964 1454 prc-

884 1480 1082 1553 cibus
1147 1482 1352 1553 illum
1413 1504 1539 1573 pre
1605 1504 1730 1554 sue
1793 1488 1955 1554 vete
2021 1482 2503 1555 inclinatureS.
2584 1483 2719 1555 Sed
2784 1490 2855 1555 et
2906 1483 3342 1556 Wladislaus
3406 1482 3741 1555 Poloniae
3818 1482 3965 1553 Rex

885 1621 927 1671 a
983 1600 1293 1692 Regibus
1347 1600 1725 1692 praedictis
1777 1606 2096 1694 regatus,
2153 1622 2319 1673 sues
2374 1607 2443 1674 et
2498 1602 2649 1693 ipse
2686 1602 3030 1675 notabiles
3076 1604 3397 1689 nuntioS‚
3449 1602 3783 1673 videlicet
3820 1599 3968 1672 Sbi-

891 1739 1148 1811 gneum
1222 1719 1746 1793 Craceviensem
1807 1720 2244 1813 episcopum,
2310 1696 2687 1795 Iohannem
2752 1721 3273 1813 Schaffranyecz
3348 1722 3575 1813 Regni
3644 1720 3971 1792 Poloniae

886 1837 1416 1925 cancellarium,
1484 1845 1552 1911 et
1607 1840 1985 1931 Sbigneum
2022 1840 2106 1913 de
2145 1842 2441 1913 Brzesze
2469 1839 2531 1929 2)
2586 1841 2814 1933 Regni
2863 1842 3195 1914 Poloniae
3244 1841 3696 1927 marsalcum,
3744 1839 3821 1909 in
3858 1837 3967 1907 Li-

889 1956 1256 2029 thuaniam
1313 1958 1567 2046 mittit,
1625 1979 1822 2030 suam
1879 1964 1948 2031 et
1994 1958 2551 2033 consiliariorum
2601 1959 2827 2052 Regni
2864 1960 3194 2032 Poloniae
3242 1958 3772 2051 dispositionem
3811 1958 3969 2029 Ale·

891 2077 1156 2149 xandre
1212 2077 1612 2150 Withawdo
1667 2079 2163 2171 explicaturos,
2224 2079 2555 2170 Quamvis
2610 2084 2842 2151 autem
2898 2079 3143 2151 maiori
3180 2083 3249 2152 et
3288 2078 3547 2151 saniori
3592 2076 3779 2169 parti
3817 2096 3971 2147 cen-

889 2195 1317 2269 siliarierum
1372 2198 1704 2272 Poloniae
1736 2197 1798 2287 3)
1854 2199 2157 2271 accessio
2215 2202 2438 2271 terrae
2494 2199 2921 2289 StolpensiS,
2978 2197 3313 2270 Poloniae
3364 2200 3683 2290 Regnum
3721 2195 3975 2269 reinte-

888 2335 1133 2406 granS,
1189 2316 1536 2407 urbesque
1588 2318 1788 2389 illius
1835 2337 2124 2409 magnae
2163 2322 2234 2389 et
2270 2318 2675 2409 opulentae,
2732 2318 3176 2409 episcopatus
3212 2318 3501 2407 insuper
3534 2316 3973 2406 Kamyenen·

892 2436 991 2506 sis
1023 2436 1086 2525 4)
1159 2436 1247 2508 ad
1319 2436 1789 2509 Gnesnensem
1862 2436 2333 2527 metropolim,
2408 2458 2451 2507 a
2522 2458 2661 2527 qua
2730 2437 3125 2509 abstractus
3198 2438 3455 2523 fuerat,
3528 2434 3975 2519 reunienduS,

891 2555 1124 2646 magni
1177 2576 1289 2627 res
1345 2555 1716 2643 commodi,
1775 2560 2016 2627 secuta
2068 2556 2411 2627 affinitate
2468 2576 2625 2627 cum
2680 2557 2873 2631 Duce
2908 2555 3303 2649 Stelpensi‚
3362 2552 3816 2641 videbantur,
3876 2558 3977 2623 ta·

891 2694 1048 2745 men
1103 2676 1303 2745 tanta
1356 2672 1772 2747 necessitate
1825 2674 2279 2765 utilitateque
2331 2674 2502 2746 fides
2558 2674 3049 2747 attendebatur
3101 2672 3588 2765 praestantior.

898 3024 1287 3095 vladislaus
1345 3022 1642 3096 Poloniae
1700 3025 1868 3111 Rex,
1927 3026 2349 3097 Romanorum
2396 3028 2466 3096 et
2508 3024 2739 3099 Daciae
2797 3025 3076 3115 Regibus
3119 3041 3261 3096 cum
3304 3023 3568 3095 summis
3616 3023 3984 3095 munoribus

900 3159 940 3213 a
984 3159 1059 3212 se
1103 3142 1388 3214 dimissis
1401 3198 1418 3228 ‚
1465 3143 1746 3232 quinque
1793 3144 1990 3215 etiam
2031 3144 2233 3215 millia
2278 3146 2663 3215 armatorum
2708 3147 2935 3215 centra
2977 3144 3289 3215 Relicuos
3320 3142 3732 3232 sigismunde·
3751 3142 3983 3213 mittit.

1109 3386 1544 3477 Quindecim.
1571 3386 1818 3460 diebus
1871 3388 2098 3479 Reges
2154 3388 2338 3478 apud
2393 3387 2792 3459 cracoviam
2846 3386 3282 3475 commorati,
3340 3388 3613 3459 firmata
3666 3387 3852 3459 inter
3910 3408 3985 3458 se

901 3505 1213 3577 amicitia
1275 3506 1506 3579 verbis
1563 3512 1632 3578 et
1685 3504 2317 3598 pollicitationibus
2380 3506 2871 3596 amplissimiS‚
2929 3505 3477 3597 disgrediuntur.
3548 3506 3987 3578 wladislaus

903 3624 1248 3715 siquidem
1304 3626 1636 3697 Poloniae
1691 3626 1846 3697 Rex
1909 3646 1952 3695 a
2005 3624 2454 3715 Sigismunde
2508 3625 2978 3697 Romanorum
3033 3631 3103 3697 et
3158 3625 3562 3716 Hungariae
3622 3624 3813 3717 Rege
3874 3646 3985 3696 ro·

903 3748 1143 3835 gama,
1201 3744 1611 3835 suffragium
1667 3764 1742 3815 se
1796 3749 2036 3817 centra
2090 3744 2435 3815 Behemes
2492 3743 2825 3815 Hussitas
2879 3743 2955 3815 in
3008 3748 3275 3817 aestate
3314 3746 3549 3815 Futura
3584 3764 3741 3815 cum
3782 3744 3987 3834 quin-

907 3884 1040 3953 que
1093 3863 1410 3935 millibus
1467 3864 1898 3954 equestrium
1943 3862 2343 3953 repromisit
2387 3863 2719 3933 laturum.
2778 3862 3171 3953 Utrumque
3210 3862 3456 3935 deinde
3492 3864 3757 3954 Regem
3797 3864 3989 3934 vasis

909 3988 978 4053 et
1032 3982 1369 4055 clenodiis
1424 3982 1654 4055 aureis
1712 3987 1780 4054 et
1834 3981 2217 4073 mgentem,
2286 3981 2515 4071 equis,
2583 3981 2933 4069 vestibu8‚
2992 3982 3299 4072 pellibus
3352 3981 3719 4073 magnifice
3775 3982 3988 4052 hono-

907 4106 1170 4189 ratum,
1227 4122 1448 4192 usque
1503 4102 1576 4172 in
1630 4100 1902 4173 Novam
1959 4100 2264 4173 Sandecz
2320 4106 2427 4172 est
2479 4101 2883 4172 comitatus:
2941 4100 3179 4190 111115),
3237 4101 3421 4172 inter
3474 4120 3549 4171 se
3604 4101 3875 4171 dextris
3924 4106 3989 4171 et

910 4220 1170 4291 esculis
1246 4219 1535 4309 iunctiS‚
1610 4220 1998 4292 discessum
2055 4225 2163 4291 est
2192 4220 2279 4307 fl).
2348 4220 2437 4291 Et
2502 4219 2993 4312 Sigismundus
3060 4220 3337 4310 quidem
3390 4219 3867 4291 Romanorum
3923 4224 3993 4289 et

911 4323 1312 4430 Hungariae
1376 4341 1529 4413 Rex
1597 4340 1809 4412 simul
1873 4361 2013 4410 una
2067 4359 2224 4411 cum
2288 4338 2490 4411 Erice
2554 4338 2807 4410 Daciae
2838 4340 2900 4427 ⁷)
2963 4340 3155 4430 Rege
3210 4338 3281 4410 in
3337 4338 3773 4430 Hungariam
3836 4358 3990 4429 pro-

911 4457 1076 4530 fecti
1131 4464 1326 4545 sunt;
1383 4479 1471 4531 ex
1526 4481 1664 4551 qua
1717 4459 1972 4532 Daciae
1998 4458 2066 4548 ⁸)
2121 4460 2277 4531 Rex
2332 4459 2483 4531 vice
2536 4459 2759 4529 altera
2812 4457 3368 4548 Hierosolymam
3422 4457 3623 4528 adiit.
3678 4456 3991 4530 Wladis-

911 4578 1066 4648 laus
1122 4598 1284 4649 vere
1337 4578 1670 4650 Poloniae
1727 4579 1883 4649 Rex
1939 4578 2339 4650 cracoviam
2392 4578 2700 4664 rediens,
2760 4576 3141 4649 exercitum
3180 4575 3253 4647 in
3291 4576 3620 4648 solatium
3650 4576 3713 4663 ⁹)
3772 4575 3991 4667 Sigis-

911 4696 1154 4766 mundi
1211 4696 1426 4787 Regis
1482 4696 1555 4767 in
1611 4696 2018 4768 Behemiam
2089 4696 2505 4768 mittendum
2578 4701 2979 4787 congregat,
3056 4701 3124 4768 et
3195 4696 3612 4786 comparatis
3688 4694 3995 4786 quinque

911 4814 1228 4885 millibus
1267 4815 1644 4886 electarum
1679 4816 1994 4906 gentium
2033 4834 2120 4888 ex
2157 4815 2477 4902 Pelenis,
2535 4816 2746 4887 Petro
2802 4815 3383 4905 Myedzwyeczski
3422 4815 3511 4903 ¹⁰)
3568 4813 3717 4887 illis
3768 4814 3841 4886 in
3880 4834 3989 4886 ca·

1133 5102 1179 5181 ¹)
1229 5104 1580 5180 legationem
1630 5098 1782 5165 Cod.
1827 5100 2018 5165 Rozr.
2083 5102 2135 5182 2)
2180 5104 2419 5165 Brzezie
2469 5100 2620 5165 Cod.
2668 5100 2859 5165 Rozr.
2924 5101 2977 5176 ³)
3022 5102 3213 5178 Regni
3264 5102 3547 5162 Poloniae
3611 5096 3762 5163 Cod.
3808 5098 3997 5161 Rozr.

921 5199 973 5279 ⁴)
1021 5204 1388 5265 Caminensis
1437 5200 1588 5266 Cod.
1633 5202 1809 5265 Kost.
1861 5203 1911 5285 ὅ)
1961 5206 2116 5265 1111ᾱο
2165 5201 2318 5267 Cod.
2364 5203 2555 5266 Rozr.
2605 5203 2661 5283 ⁶)
2705 5206 3035 5265 discedunt.
3084 5200 3235 5265 Cod.
3282 5200 3473 5265 Rozr.
3524 5200 3574 5281 ⁷)
3608 5204 3837 5262 Daniae
3870 5199 3994 5261 Ed.

921 5302 1098 5389 Lips.
1148 5304 1199 5384 a)
1247 5307 1478 5367 Daniae
1521 5304 1648 5367 Ed.
1693 5304 1876 5389 Lips.
1925 5305 1978 5385 ⁹)
2023 5308 2305 5367 auxilium
2362 5304 2513 5369 cod.
2564 5304 2752 5367 Rozr.
2808 5304 2887 5386 ¹⁰)
2932 5306 3392 5381 Myedzwiedzki
3438 5302 3565 5365 Ed.
3615 5302 3798 5387 Lips.
