4342 6384
137 59 144 360 Ἦ--ῌ-

945 587 993 660 4
1009 589 1044 661 1
1058 589 1106 660 2
2148 607 2375 660 mmm
2424 605 2884 659 6116666166.
3478 575 3615 679 (Α.
3652 576 3749 652 D.
3788 573 4033 675 1⁴³⁰.)

947 796 1208 868 honore
1262 798 1334 867 et
1386 792 1763 866 ambitione
1817 813 1944 864 sua
2000 789 2212 865 fuerit
2264 792 2706 883 perfunctus,
2764 789 2959 864 illico
3016 809 3091 862 66
3146 809 3235 862 ex
3288 792 3473 862 testa
3524 783 3783 878 capitis
3812 783 3873 871 ¹)
3924 785 4031 858 de·

948 914 1343 1007 positurum
1397 917 1468 985 et
1520 912 1701 1005 Regi
1753 913 2227 985 Romanorum
2282 911 2730 1004 sigismundo
2793 909 3261 996 redditurum,
3316 905 3771 1000 repromittit.
3848 903 4034 996 Quod

949 1033 1011 1106 si
1070 1033 1142 1104 iu
1195 1053 1486 1124 aequam
1541 1033 1720 1116 hanc
1775 1031 2243 1105 conditionem
2298 1050 2602 1104 annuere
2656 1031 2909 1118 nollet,
2968 1051 3043 1102 66
3080 1028 3288 1101 1116111
3339 1048 3465 1120 pro
3501 1027 3707 1099 116616
3760 1024 4033 1098 habitu-

943 1173 1131 1240 rum,
1187 1155 1729 1242 curaturumque
1785 1150 1974 1222 omni
2027 1149 2401 1223 adnixione
2430 1147 2492 1239 2)
2549 1149 2736 1241 apud
2788 1151 3082 1242 Regem,
3141 1155 3212 1222 et
3264 1148 3411 1236 his,
3471 1167 3649 1240 quae
3702 1144 3848 1238 ipsi
3886 1145 4033 1218 Sbi-

945 1291 1121 1364 gneo
1177 1270 1500 1362 episcopo
1555 1269 2000 1343 Cracoviensi
2052 1274 2466 1360 praeparata
2520 1275 2749 1358 erant,
2804 1268 3211 1342 muneribus
3252 1267 3709 1355 effecturum,
3766 1269 3851 1337 ut
3886 1265 4039 1338 sede

949 1409 1078 1462 sua
1130 1390 1381 1481 pulsus
1418 1389 1842 1481 privaretur,
1899 1410 2058 1462 cum
2113 1394 2184 1462 et
2220 1393 2621 1463 antecessor
2654 1399 2827 1461 suus
2864 1389 3121 1462 Petrus
3158 1387 3406 1461 Wisch
3462 1386 3767 1460 similem
3806 1405 3849 1457 a
3886 1384 4038 1457 sede

951 1530 1081 1582 sua
1144 1509 1654 1597 exclusionem,
1728 1509 2156 1583 authoritate
2228 1514 2298 1582 et
2372 1508 2905 1600 interpositione
2977 1530 3105 1581 sua
3176 1507 3722 1594 interveniente,
3793 1525 4039 1597 passus

951 1631 1158 1702 esset.
1217 1627 1672 1701 Denuntiatio
1729 1632 1961 1700 autem
2014 1629 2187 1701 haec
2240 1633 2387 1699 tam
2442 1627 2837 1718 periculosa
2890 1633 2960 1700 et
2996 1627 3369 1716 terribilis,
3426 1631 3630 1699 atrox
3684 1624 4043 1718 ingenium

946 1748 1232 1842 Sbiguei
1287 1747 1596 1839 episcopi
1627 1745 1687 1837 ³)
1743 1747 2058 1820 accendit
2111 1746 2335 1840 magis
2390 1767 2599 1838 quam
2651 1746 3053 1838 perterruit.
3128 1748 3421 1839 Propter
3476 1746 3663 1838 quod
3716 1745 3807 1817 ad
3859 1745 4029 1818 11666

953 1868 1300 1961 Sbigneus
1355 1866 1833 1940 Gracoviensis
1899 1867 2301 1959 episcopus,
2368 1870 2597 1940 mente
2660 1866 3163 1958 imperterrita,
3228 1866 3506 1938 nullum
3560 1865 3840 1958 fugiens
3904 1863 4042 1936 dis·

954 1987 1248 2075 crimen,
1304 1988 1582 2060 nullum
1644 1988 1932 2059 horrens
1995 1986 2389 2078 periculum
2454 1990 2526 2058 et
2590 1986 2862 2058 nullam
2924 1985 3070 2058 vim
3126 1987 3628 2074 extimescens,
3696 1983 4047 2058 constanti

956 2113 1026 2182 et
1079 2106 1426 2198 intrepido
1482 2107 1722 2196 vultu,
1779 2105 2022 2197 paucis
2076 2105 2469 2198 respondit:
2526 2103 2674 2178 Nec
2711 2126 2985 2194 verum,
3042 2126 3171 2179 nec
3222 2108 3463 2179 fictum
3514 2125 3723 2197 posse
3778 2125 3855 2177 se
3889 2104 4047 2176 dare

959 2227 1049 2300 ad
1103 2225 1568 2300 coronandum
1623 2247 2068 2315 consensum,
2125 2247 2285 2300 cum
2340 2227 2547 2298 fictus
2600 2221 2839 2317 posset
2892 2225 2967 2298 111
3021 2246 3263 2298 verum
3318 2224 3655 2299 converti.
3715 2222 4043 2297 Adversi-

963 2346 1234 2419 tatibus
1289 2345 1506 2418 Ducis
1561 2367 1637 2419 se
1683 2367 1822 2418 non
1884 2345 2164 2434 terreri,
2222 2365 2299 2418 66
2344 2355 2414 2418 61
2450 2345 2526 2417 111
2562 2344 2947 2437 tranquillo
3004 2348 3073 2417 et
3124 2345 3199 2417 111
3236 2345 3527 2418 adverso
3582 2345 3895 2418 eiusdem
3948 2347 4043 2414 te-

955 2465 1148 2539 noris
1202 2464 1434 2538 virum
1491 2485 1664 2538 6666.
1739 2465 2266 2558 Depositionem
2328 2465 2529 2539 Petri
2583 2465 2831 2538 Wisch
2884 2464 2997 2537 sui
3051 2464 3603 2556 praedecessoris
3664 2485 3891 2556 neque
3944 2483 4045 2535 re·

955 2586 1144 2680 giae,
1201 2605 1428 2677 neque
1491 2584 1725 2658 ducali
1788 2585 2146 2658 maiestati
2210 2605 2587 2678 congruere
2614 2586 2704 2673 ⁴),
2778 2606 3005 2677 neque
3068 2585 3577 2677 depositionem
3641 2585 3841 2657 illam
3900 2581 4047 2654 ulla

954 2704 1478 2780 reminiscentia
1529 2709 1653 2777 aut
1704 2706 2046 2779 relatione
2099 2706 2381 2798 dignam
2420 2706 2595 2794 fore,
2649 2705 2993 2778 rationem
3031 2726 3305 2797 quoque
3344 2710 3734 2797 temporum
3788 2709 3859 2776 61
3894 2723 4043 2794 per·

961 2846 1290 2898 sonarum
1343 2824 1732 2898 habendam
1788 2847 1963 2898 6666.
2039 2825 2477 2899 Successisse
2532 2825 2713 2899 enim
2768 2830 3112 2918 tempora,
3170 2827 3337 2898 dum
3392 2825 3651 2899 similis
3706 2823 4045 2917 depositio

961 2944 1206 3018 confici
1258 2944 1612 3036 nequiret3
1677 2965 1835 3017 cum
1898 2949 1970 3017 et
2021 2944 2287 3017 Christi
2338 2944 2646 3018 vicarius
2709 2946 2933 3037 Papa,
2998 2945 3317 3019 Ecclesia
3368 2945 3503 3018 Dei
3572 2944 3807 3033 unita,
3872 2961 4045 3035 quae

967 3070 1138 3136 tunc
1193 3065 1414 3136 scissa
1468 3069 1649 3153 erat,
1705 3062 2024 3137 diversus
2079 3065 2303 3137 multo
2358 3067 2545 3137 esset
2598 3086 2641 3137 a
2691 3064 2887 3138 Petri
2939 3064 3364 3156 depositore,
3420 3067 3492 3137 et
3544 3063 3697 3156 ipse
3748 3061 3887 3136 tali
3938 3062 4049 3134 de·

964 3183 1345 3275 positione,
1403 3182 1566 3256 dum
1603 3183 1940 3258 demerita
1969 3183 2030 3273 5)
2087 3205 2225 3256 non
2260 3184 2837 3275 praecessissent,
2876 3184 3315 3258 existimaret
3352 3205 3426 3258 se
3462 3184 3853 3277 indignum.
3900 3181 4048 3254 Hu-

966 3302 1350 3377 iuscemodi
1401 3303 1619 3375 allato
1656 3323 2020 3395 responso,
2077 3302 2240 3376 Dux
2279 3303 2719 3377 Withawdus
2774 3325 3043 3378 omnem
3080 3324 3274 3398 spem
3312 3302 3641 3396 exigendi
3674 3321 4051 3375 consensus

967 3423 1314 3497 decidisse
1363 3427 1595 3511 ratus,
1661 3423 1995 3497 virtutem
2061 3444 2338 3517 quoque
2402 3423 2689 3517 Sbignei
2743 3423 3053 3517 episcopi
3116 3424 3534 3512 admiratus,
3590 3420 3779 3515 quod
3828 3440 4053 3513 1161166

967 3543 1451 3636 magnitudine
1505 3543 1824 3616 datorum
1875 3565 2100 3636 neque
2136 3544 2518 3617 dandorum
2571 3543 2873 3617 emolliri
2925 3543 3189 3634 potuit,
3244 3548 3329 3615 ut
3362 3541 3779 3616 submissior
3829 3545 3903 3614 et
3938 3561 4053 3614 cu·

966 3661 1194 3757 pidini
1249 3683 1416 3735 suae
1452 3663 1859 3757 morigerior
1894 3664 2251 3737 existeret.
2310 3663 2597 3736 Beatior
2630 3663 2994 3754 aliquanto
3034 3662 3383 3756 Sbigneus
3420 3662 3789 3755 episcopus
3826 3660 4054 3733 animo

969 3805 1178 3876 quam
1232 3784 1672 3857 Withawdus
1688 3840 1705 3874 ,
1763 3784 1828 3856 si
1882 3785 2062 3857 illud
2115 3784 2411 3875 adeptus
2466 3783 2717 3856 fuisset
2769 3784 3115 3875 Regnum.
3172 3783 3259 3855 In
3296 3781 3766 3856 secretissimo
3794 3781 3860 3870 θ)
3898 3801 4055 3853 con·

971 3903 1132 3976 silio
1189 3924 1473 3976 suorum
1527 3905 1751 3977 fertur
1812 3904 2112 3978 dixisse:
2188 3903 2475 3992 Omnes,
2530 3902 2764 3995 inquit
2786 3903 2873 3993 ⁷),
2931 3903 3110 3975 alios
3174 3905 3299 3975 aut
3349 3901 3883 3996 161811166111116,
3938 3904 4060 3972 aut

969 4021 1368 4113 promissiS,
1425 4027 1550 4094 aut
1602 4045 1837 4115 prece,
1896 4030 2019 4096 aut
2072 4023 2331 4115 pretio,
2388 4022 2602 4113 6618)
2657 4023 3119 4114 perviceram,
3178 4027 3301 4095 aut
3329 4023 3393 4112 ⁹)
3445 4020 3851 4114 pervincere
3908 4040 4059 4112 spe-

970 4141 1243 4214 rabam:
1322 4164 1539 4215 unum
1600 4145 1788 4216 116116
1861 4143 2261 4234 pontificem
2325 4164 2549 4234 neque
2612 4143 2846 4232 1161116,
2921 4164 3145 4235 neque
3209 4142 3626 4230 terroribus,
3700 4142 4060 4215 deflectere

973 4260 1174 4353 potui
1227 4260 1302 4332 in
1355 4263 1534 4336 hanc
1585 4263 1768 4336 diem
1822 4285 1864 4335 a
1914 4268 2107 4336 recta
2159 4263 2540 4351 sententia,
2597 4261 2719 4354 qui
2774 4284 3009 4335 omnes
3066 4265 3357 4336 conatus
3410 4282 3631 4350 meos,
3689 4261 3893 4335 velut
3942 4282 4059 4353 pa·

971 4379 1114 4453 ries
1167 4385 1490 4473 petrosus
1545 4381 1771 4456 allisit
1825 4388 1894 4456 et
1931 4384 2169 4456 elusit.
2227 4383 2629 4456 Constantis
2684 4403 2765 4456 ac
2816 4383 3205 4474 praevalidi
3258 4381 3525 4476 ingenii
3566 4381 3680 4454 vir
3716 4381 4063 4474 Sbigneus

975 4499 1378 4593 episcopus,
1433 4500 1747 4575 bonitate
1783 4503 2233 4595 conspicuus,
2292 4503 2689 4576 constantia
2720 4502 3103 4595 gloriosus,
3160 4507 3495 4595 perpetuo
3541 4501 3727 4594 apud
3762 4501 4065 4573 Polonos

958 4607 1462 4695 'inscribendus
1518 4622 1866 4715 66161686·
1940 4623 2064 4714 qni
2117 4645 2343 4715 neque
2407 4622 2729 4696 horrifico
2782 4622 3130 4695 minarum
3184 4622 3454 4711 6611116,
3518 4641 3745 4713 1161166
3798 4619 4061 4714 11168111·

975 4740 1222 4814 16111116
1285 4741 1740 4834 largitionum
1803 4743 2075 4834 impelli
2139 4743 2405 4836 potuit,
2480 4764 2616 4834 quo
2682 4763 2755 4815 se
2818 4743 2894 4815 in
2956 4742 3427 4816 diminuendis
3499 4741 3775 4815 iuribus
3838 4739 4067 4833 Regni

974 4860 1312 4933 Poloniae
1364 4865 1635 4954 gereret
1687 4862 2140 4937 blandiorem.
2218 4863 2365 4954 Quo
2424 4863 2658 4935 fructu
2721 4861 3155 4955 integritatis
3210 4861 3394 4949 61116,
3464 4860 3633 4954 quid
3688 4861 4065 4948 6116616166,

977 4979 1150 5071 116111
1200 4979 1612 5070 1666611166,
1671 4981 1840 5074 quid
1895 4983 2205 5073 felicius,
2264 4983 2433 5075 quid
2486 4983 2857 5055 venustius
2914 4982 3300 5074 excogitari
3336 4982 3596 5075 possit,
3654 5002 3797 5054 11611
3832 4980 4063 5054 video:

1197 5269 1242 5346 ¹)
1288 5291 1362 5333 ex
1407 5274 1600 5349 capite
1645 5291 1753 5335 suo
1783 5268 1951 5336 vad.
1999 5269 2195 5336 Rozr.
2244 5270 2296 5352 Ω)
2344 5269 2617 5333 enixione
2659 5267 2787 5333 Ed.
2819 5267 3001 5355 Lipe.
3050 5267 3101 5349 ²)
3150 5271 3413 5348 episcopi
3458 5271 3875 5333 cracoviensis
3922 5264 4072 5333 cod.

981 5371 1178 5436 Rozr.
1225 5370 1277 5453 ⁴)
1323 5376 1638 5436 convenire
1680 5372 1808 5438 Ed.
1839 5372 2020 5460 Lipe.
2071 5372 2126 5460 ⁸)
2171 5377 2385 5436 merita
2430 5369 2583 5437 Cod.
2614 5371 2806 5436 Rozr.
2857 5371 2911 5452 ο)
2954 5375 3025 5433 111
3056 5375 3450 5436 secretissimo
3480 5374 3637 5435 enim
3686 5368 3843 5436 cod.
3882 5373 4073 5436 Roar.

987 5473 1036 5560 ¹)
1081 5477 1354 5554 inquiens
1401 5473 1553 5542 cod.
1599 5475 1790 5542 Rozr.
1839 5476 1892 5559 ⁸)
1947 5481 2045 5540 vel
2093 5473 2247 5542 cod.
2290 5475 2483 5542 Rozr.
2531 5477 2584 5556 ⁹)
2628 5479 2725 5540 vel
2774 5472 2926 5540 Cod.
2966 5473 3158 5539 Rozr.
