4342 6384
959 587 1006 660 4
1027 583 1124 662 to
2161 605 2391 660 mm
2442 606 2900 661 omnemne.
3499 585 3635 686 (Α.
3671 582 3767 660 D.
3804 583 4056 686 143⁰.)

971 849 1004 884 ,‚
1021 791 1672 882 wladislaviensis,
1731 797 1802 865 et
1853 793 2279 866 venerabilis
2306 791 2687 866 Wladislai
2740 794 2825 867 de
2878 791 3171 886 Oporow
3222 795 3672 868 Decretornm
3708 793 4054 884 Doctoris,

969 911 1258 1004 „Sancti
1311 911 1629 985 Floriani
1683 917 1846 985 aute
1899 912 2300 986 cracoviam
2361 913 2788 1005 Praepositi,
2856 913 3319 1005 Gnesnensis,
3386 913 3867 988 cracoviensis
3934 913 4053 986 Ca-

969 1033 1245 1123 „nonici
1263 1089 1280 1123 ,
1337 1032 1570 1125 Regni
1623 1031 1936 1106 eiusdem
1992 1032 2583 1122 vicecancellarii,
2640 1033 2907 1105 sincere
2960 1033 3165 1106 nobis
3220 1033 3713 1107 dilectornm“.

1117 1385 1469 1460 wladislao
1511 1385 1672 1476 Regi
1713 1387 2090 1460 Polonomn
2131 1387 2413 1460 retertur
2452 1383 2774 1460 iactanti·
2818 1385 3207 1476 Sigimndi
3249 1385 3672 1458 Romam
3712 1386 3929 1476 Regis.

1175 1632 1513 1706 Miserant
1566 1637 1638 1706 et
1672 1633 1911 1724 plures
1951 1633 2221 1706 Slesiae
2256 1631 2623 1724 Principes
2680 1633 3055 1725 specialem
3090 1632 3417 1705 nuntium
3472 1633 3560 1705 ad
3588 1631 4061 1706 wladislaum

967 1754 1230 1846 Regem
1269 1753 1350 1843 ¹),
1403 1752 1949 1843 repromittendo
1979 1750 2042 1841 ²)
2099 1773 2369 1824 omnem
2408 1751 2473 1825 ei
2528 1756 2599 1824 et
2636 1751 2876 1845 Regno
2916 1773 3041 1825 suo
3078 1757 3319 1826 contra
3354 1774 3830 1845 quoscumque
3863 1773 4059 1844 prae-

969 1879 1203 1945 sentes
1275 1876 1346 1944 et
1409 1873 1682 1944 futuros
1713 1873 1986 1975 ‘hostes
2017 1870 2079 1961 ³)
2152 1872 2665 1960 assistentiam,
2740 1873 3155 1945 declarando
3186 1873 3249 1962 ⁴)
3324 1872 3645 1964 insuper:
3722 1872 4061 1964 quomedo

969 1991 1464 2085 sigismundus
1500 1993 1971 2064 Romanorum
2007 1993 2163 2065 Rex
2216 1991 2562 2084 gloriatur
2596 2012 2672 2064 se
2726 2012 2954 2064 coram
3002 1991 3325 2084 pluribus
3376 1991 3821 2080 nationibus,
3858 2005 4093 2084 guer-·
4156 1995 4165 2002 ‘

967 2132 1120 2184 ram
1151 2110 1212 2200 ὅ.)
1267 2111 1454 2184 inter
1505 2111 1680 2184 duos
1733 2112 1984 2184 fratres
2040 2112 2411 2184 concordes
2468 2111 2912 2199 conflavisse,
2970 2116 3041 2184 et
3078 2112 3281 2203 quasi
3334 2112 3520 2184 inter
3556 2111 3732 2183 duos
3784 2111 4060 2202 aliquos

969 2249 1176 2304 canes
1230 2236 1526 2319 costam,
1583 2231 1672 2302 ad
1723 2230 2012 2303 ultimos
2067 2230 2257 2304 vitae
2310 2231 2459 2304 dies
2524 2251 2649 2322 pro
2704 2252 2784 2304 ea
2838 2235 3259 2320 certaturos,
3329 2231 3607 2320 iecisse,
3670 2251 3815 2303 non
3867 2230 4060 2322 prius

971 2351 1366 2444 quieturas,
1423 2350 1639 2423 donec
1693 2371 1768 2423 se
1821 2350 2195 2423 mordendo
2248 2351 2336 2423 ab
2390 2351 2690 2423 invicem
2746 2351 3335 2442 consumpserint,
3390 2350 3943 2424 demonstrando
3998 2356 4064 2424 et

971 2473 1202 2562 amplo
1257 2491 1569 2544 sermone
1631 2474 1703 2543 et
1762 2470 2070 2561 pictura,
2135 2471 2471 2544 Poloniae
2524 2492 2599 2544 se
2660 2471 2923 2564 Regem
2977 2471 3449 2544 wladislaum
3504 2471 3578 2543 iu
3630 2491 3883 2564 gyrum
3936 2471 4055 2544 ho·

969 2591 1260 2664 stilibus
1312 2591 1750 2683 regionibus,
1809 2589 2013 2682 qnasi
2067 2591 2283 2663 feram
2338 2591 2654 2663 cassibus
2708 2589 3115 2680 inclusisse,
3171 2591 3369 2663 nullo
3419 2590 3709 2683 ingenio
3761 2591 4061 2663 humano

967 2729 1214 2784 manus
1255 2731 1420 2784 suas
1475 2731 1872 2784 evasurum.

975 3071 1340 3144 Alexander
1360 3071 1502 3142 llnx
1523 3071 1790 3160 laguna
1815 3069 2199 3142 lithuaniae
2226 3069 2795 3160 inexpugnabilem
2815 3069 3159 3159 Sbignoun
3184 3071 3548 3160 episcopum
3574 3069 4064 3142 cracoviensem

1234 3208 1506 3263 cernens
1550 3195 1621 3262 et
1659 3191 1847 3280 gravi
1891 3193 2183 3263 vexatus
2221 3191 2458 3276 morbo,
2502 3189 2769 3262 tandem
2814 3190 3092 3261 animm
3132 3189 3451 3280 mandi
3491 3191 3790 3280 deponit.

1187 3427 1627 3521 Corripuerat
1679 3429 1818 3500 iam
1875 3429 2132 3502 Ducem
2171 3427 2647 3502 Withawdum
2701 3428 2999 3519 languor
3050 3427 3306 3516 morbi,
3364 3427 3485 3519 qui
3520 3429 3825 3500 anthrax
3880 3428 4059 3503 alias

978 3548 1223 3621 fistula
1275 3549 1664 3641 appelatur,
1724 3547 1846 3639 qui
1900 3548 2044 3637 illi,
2103 3547 2253 3620 sive
2306 3553 2388 3619 ut
2440 3546 2981 3636 haereditariuS,
3040 3546 3189 3619 sive
3246 3566 3335 3618 ex
3372 3547 3609 3619 dolore
3664 3553 3734 3618 et
3790 3547 4067 3620 cholera

977 3673 1260 3762 propter
1311 3689 1450 3740 non
1507 3673 1816 3742 secutam
1869 3667 2415 3748 coronationem,
2472 3666 2815 3739 incertum
2868 3670 3009 3754 est,
3074 3666 3261 3739 inter
3314 3665 3637 3756 scapulas
3692 3665 4061 3740 acciderat.

977 3789 1366 3878 Fiebatque
1418 3789 1582 3859 Dux
1638 3787 2078 3859 Withawdus
2133 3787 2208 3858 in
2262 3786 2413 3858 dies
2466 3785 2792 3872 debilior;
2858 3806 2995 3857 non
3048 3786 3369 3858 cessabat
3422 3791 3657 3858 tamen
3712 3785 4067 3859 solicitus

981 3907 1450 3979 wladislaum
1503 3905 1838 3978 Poloniae
1889 3907 2184 3997 Regem,
2240 3910 2322 3978 ut
2374 3905 2573 3977 daret
2626 3905 2935 3978 ordinem
2988 3906 3074 3978 de
3128 3905 3513 3978 coronando
3570 3925 3683 3994 eo,
3754 3910 3823 3979 et
3876 3927 4067 3978 snm-

981 4031 1292 4098 moveret
1361 4026 1846 4098 Praelatorum
1909 4030 1980 4097 et
2043 4027 2381 4097 baronum
2442 4021 2817 4110 Poloniae,
2884 4026 3005 4116 qui
3071 4024 3471 4113 obstabant,
3546 4025 4067 4116 impedimenta.

985 4145 1143 4216 Rex
1195 4143 1586 4235 respondit:
1643 4145 1930 4218 Placere
1993 4145 2132 4217 sibi
2196 4149 2265 4217 et
2316 4144 2509 4217 cordi
2576 4165 2728 4218 esse
2782 4145 3294 4217 coronationem
3356 4164 3589 4232 snam,
3656 4148 3727 4217 et
3782 4145 4067 4232 Favisse,

983 4265 1354 4355 favereque
1407 4269 1489 4334 ut
1523 4265 1679 4348 fiat3
1735 4263 2060 4336 strictum
2113 4270 2353 4336 tamen
2384 4284 2540 4337 esse
2576 4263 3048 4356 prohibitione
3098 4263 3581 4337 Praelatorum
3634 4268 3708 4336 et
3742 4264 4069 4336 herorum

983 4383 1351 4471 Poloniae‚
1408 4403 1494 4455 ne
1545 4382 1908 4474 publicum
1962 4384 2079 4457 det
2132 4402 2578 4472 eonsensum,
2646 4382 2729 4455 ob
2786 4403 3076 4474 eamque
3126 4403 3303 4472 rem,
3362 4383 3746 4475 Sbignemn
3800 4384 4067 4474 episco-

983 4524 1151 4596 pum
1206 4501 1727 4576 cracoviensem
1781 4503 2072 4575 missum
2127 4523 2364 4577 secum
2418 4503 2494 4575 in
2546 4502 3003 4575 Lithnaniam
3056 4523 3240 4592 esse,
3304 4507 3386 4574 ut
3438 4503 3638 4576 velut
3700 4501 3889 4594 lapis
3942 4501 4069 4574 im-

981 4621 1270 4695 mobilis
1332 4622 1564 4714 ipsum
1639 4626 1985 4694 averteret
2054 4643 2096 4692 a
2157 4641 2523 4694 consensu.
2604 4621 2707 4693 Eo
2773 4621 3259 4710 dissentiente,
3332 4621 3517 4693 nihil
3572 4642 3655 4694 se
3723 4627 4069 4693 actuum.

985 4741 1402 4814 Adhibenda
1456 4742 1762 4813 fomenta
1813 4761 1988 4828 esse,
2046 4761 2225 4832 quae
2280 4740 2660 4832 Sbigneum
2716 4739 3116 4832 episcopum
3152 4739 3677 4813 cracoviensem
3728 4739 4073 4812 inclinent

987 4867 1058 4934 et
1112 4862 1435 4952 frangant
1489 4865 1560 4932 et
1614 4859 1977 4932 emolliant
2032 4860 2118 4931 ad
2174 4880 2609 4932 consensum.
2666 4860 2895 4932 Mittit
2948 4861 3185 4951 itaque
3218 4861 3404 4938 ,Dux
3448 4857 3897 4932 Withawdus
3950 4880 4071 4932 ex-

985 4981 1246 5071 templo
1301 4979 1586 5052 nuntios
1638 4979 1816 5051 duos
1869 4979 2172 5051 Polonos
2228 4979 2315 5052 ad
2370 4979 2751 5071 Sbigneum
2805 4979 3206 5071 episcopum
3260 4979 3821 5068 (laconensem,
3880 4977 4071 5052 vide-

1203 5249 1250 5329 ¹)
1295 5251 1578 5312 Poloniae
1617 5253 1842 5328 Regem
1889 5245 2039 5314 cod.
2083 5247 2277 5314 Rozr.
2347 5249 2399 5331 2)
2442 5253 2913 5329 repromittentes
2962 5245 3113 5314 cod.
3158 5247 3352 5314 Rozr.
3423 5249 3477 5328 ³)
3512 5251 3725 5314 hom
3776 5247 3957 5313 deest
4000 5249 4069 5312 ia

997 5343 1148 5424 God.
1197 5346 1372 5414 Calv.
1422 5351 1474 5432 ⁴)
1521 5353 1891 5416 declarantes
1939 5349 2091 5416 Cod.
2139 5351 2331 5416 Rozr.
2383 5351 2434 5434 ⁵)
2483 5355 2702 5416 bellum
2750 5349 2901 5417 God.
2946 5351 3140 5416 Rozr.
3210 5419 3218 5424 ,
