<?xml version="1.0" encoding="UTF-8"?>
<!DOCTYPE html PUBLIC "-//W3C//DTD XHTML 1.0 Transitional//EN"
    "http://www.w3.org/TR/xhtml1/DTD/xhtml1-transitional.dtd">
<html xmlns="http://www.w3.org/1999/xhtml" xml:lang="en" lang="en">
 <head>
  <title>
</title>
<meta http-equiv="Content-Type" content="text/html;charset=utf-8" />
  <meta name='ocr-system' content='tesseract 3.04.00' />
  <meta name='ocr-capabilities' content='ocr_page ocr_carea ocr_par ocr_line ocrx_word'/>
</head>
<body>
  <div class='ocr_page' id='page_1' title='image "./dzieawszystkie00unkngoog_0029.png"; bbox 0 0 4342 6384; ppageno 0'>
   <div class='ocr_carea' id='block_1_1' title="bbox 786 590 3879 692">
    <p class='ocr_par' dir='ltr' id='par_1_1' title="bbox 786 590 3879 692">
     <span class='ocr_line' id='line_1_1' title="bbox 786 590 3879 692; baseline -0.003 -20"><span class='ocrx_word' id='word_1_1' title='bbox 786 602 883 672; x_wconf 89' lang='lat'>18</span> <span class='ocrx_word' id='word_1_2' title='bbox 1954 617 2182 670; x_wconf 58' lang='lat'>121131-:13</span> <span class='ocrx_word' id='word_1_3' title='bbox 2235 615 2694 668; x_wconf 65' lang='lat' dir='ltr'>mosomus.</span> <span class='ocrx_word' id='word_1_4' title='bbox 3345 592 3478 692; x_wconf 88' lang='grc' dir='ltr'>(Α.</span> <span class='ocrx_word' id='word_1_5' title='bbox 3518 591 3608 666; x_wconf 85' lang='lat' dir='ltr'>D.</span> <span class='ocrx_word' id='word_1_6' title='bbox 3651 590 3879 690; x_wconf 82' lang='grc'>1410.)</span> 
     </span>
    </p>
   </div>
   <div class='ocr_carea' id='block_1_2' title="bbox 720 797 3881 1137">
    <p class='ocr_par' dir='ltr' id='par_1_2' title="bbox 720 797 3881 1137">
     <span class='ocr_line' id='line_1_2' title="bbox 720 797 3879 916; baseline -0.002 -41"><span class='ocrx_word' id='word_1_7' title='bbox 720 909 729 916; x_wconf 29' lang='grc'><em>·</em></span> <span class='ocrx_word' id='word_1_8' title='bbox 784 825 947 879; x_wconf 81' lang='lat' dir='ltr'>vero</span> <span class='ocrx_word' id='word_1_9' title='bbox 1001 803 1368 896; x_wconf 84' lang='lat' dir='ltr'>Magister:</span> <span class='ocrx_word' id='word_1_10' title='bbox 1428 802 1587 875; x_wconf 90' lang='lat' dir='ltr'>Non</span> <span class='ocrx_word' id='word_1_11' title='bbox 1642 807 1781 890; x_wconf 89' lang='lat' dir='ltr'>est,</span> <span class='ocrx_word' id='word_1_12' title='bbox 1847 803 2112 894; x_wconf 89' lang='lat' dir='ltr'>inquit,</span> <span class='ocrx_word' id='word_1_13' title='bbox 2180 823 2495 888; x_wconf 86' lang='lat' dir='ltr'>necesse;</span> <span class='ocrx_word' id='word_1_14' title='bbox 2569 821 2728 872; x_wconf 89' lang='lat' dir='ltr'>nam</span> <span class='ocrx_word' id='word_1_15' title='bbox 2793 803 3087 873; x_wconf 86' lang='lat' dir='ltr'>eventus</span> <span class='ocrx_word' id='word_1_16' title='bbox 3149 804 3220 872; x_wconf 90' lang='lat' dir='ltr'>et</span> <span class='ocrx_word' id='word_1_17' title='bbox 3275 797 3710 890; x_wconf 78' lang='lat' dir='ltr'>experientia</span> <span class='ocrx_word' id='word_1_18' title='bbox 3762 798 3879 870; x_wconf 92' lang='lat' dir='ltr'>de-</span> 
     </span>
     <span class='ocr_line' id='line_1_3' title="bbox 786 917 3881 1013; baseline -0.003 -17"><span class='ocrx_word' id='word_1_19' title='bbox 786 924 1084 996; x_wconf 79' lang='lat' dir='ltr'>clarabit</span> <span class='ocrx_word' id='word_1_20' title='bbox 1138 923 1537 996; x_wconf 83' lang='lat' dir='ltr'>veritatem:</span> <span class='ocrx_word' id='word_1_21' title='bbox 1616 927 1697 993; x_wconf 90' lang='lat' dir='ltr'>tu</span> <span class='ocrx_word' id='word_1_22' title='bbox 1752 922 1936 995; x_wconf 88' lang='lat' dir='ltr'>enim</span> <span class='ocrx_word' id='word_1_23' title='bbox 1994 922 2300 1013; x_wconf 90' lang='lat' dir='ltr'>loqueris</span> <span class='ocrx_word' id='word_1_24' title='bbox 2355 926 2435 993; x_wconf 91' lang='lat' dir='ltr'>ut</span> <span class='ocrx_word' id='word_1_25' title='bbox 2487 923 2829 1007; x_wconf 80' lang='lat' dir='ltr'>PolonuS,</span> <span class='ocrx_word' id='word_1_26' title='bbox 2897 925 2968 992; x_wconf 90' lang='lat' dir='ltr'>et</span> <span class='ocrx_word' id='word_1_27' title='bbox 3023 919 3405 1010; x_wconf 86' lang='lat' dir='ltr'>potentiam</span> <span class='ocrx_word' id='word_1_28' title='bbox 3464 939 3544 990; x_wconf 88' lang='lat' dir='ltr'>ac</span> <span class='ocrx_word' id='word_1_29' title='bbox 3595 939 3708 990; x_wconf 92' lang='lat' dir='ltr'>res</span> <span class='ocrx_word' id='word_1_30' title='bbox 3771 917 3881 988; x_wconf 88' lang='lat' dir='ltr'>tui</span> 
     </span>
     <span class='ocr_line' id='line_1_4' title="bbox 785 1041 2040 1137; baseline -0.001 -22"><span class='ocrx_word' id='word_1_31' title='bbox 785 1044 1005 1137; x_wconf 88' lang='lat' dir='ltr'>Regis</span> <span class='ocrx_word' id='word_1_32' title='bbox 1045 1045 1099 1133; x_wconf 82' lang='grc'>1)</span> <span class='ocrx_word' id='word_1_33' title='bbox 1154 1045 1345 1116; x_wconf 86' lang='lat' dir='ltr'>ultra</span> <span class='ocrx_word' id='word_1_34' title='bbox 1398 1043 1664 1116; x_wconf 87' lang='lat' dir='ltr'>iustum</span> <span class='ocrx_word' id='word_1_35' title='bbox 1722 1041 1921 1116; x_wconf 85' lang='lat' dir='ltr'>effers</span> <span class='ocrx_word' id='word_1_36' title='bbox 1952 1041 2040 1130; x_wconf 78' lang='grc'>2).</span> 
     </span>
    </p>
   </div>
   <div class='ocr_carea' id='block_1_3' title="bbox 828 1403 3797 1616">
    <p class='ocr_par' dir='ltr' id='par_1_3' title="bbox 828 1403 3797 1616">
     <span class='ocr_line' id='line_1_5' title="bbox 828 1403 3797 1504; baseline -0 -28"><span class='ocrx_word' id='word_1_37' title='bbox 828 1497 835 1504; x_wconf 16' lang='grc' dir='ltr'><strong><em>ο</em></strong></span> <span class='ocrx_word' id='word_1_38' title='bbox 869 1405 1220 1476; x_wconf 65' lang='lat' dir='ltr'>wladislao</span> <span class='ocrx_word' id='word_1_39' title='bbox 1261 1403 1435 1493; x_wconf 73' lang='lat' dir='ltr'>nego</span> <span class='ocrx_word' id='word_1_40' title='bbox 1492 1405 1563 1475; x_wconf 83' lang='lat' dir='ltr'>in</span> <span class='ocrx_word' id='word_1_41' title='bbox 1608 1404 1885 1475; x_wconf 73' lang='lat' dir='ltr'>zochov</span> <span class='ocrx_word' id='word_1_42' title='bbox 1929 1405 2187 1484; x_wconf 71' lang='lat' dir='ltr'>stativa</span> <span class='ocrx_word' id='word_1_43' title='bbox 2231 1406 2474 1493; x_wconf 72' lang='lat' dir='ltr'>agente</span> <span class='ocrx_word' id='word_1_44' title='bbox 2491 1459 2507 1490; x_wconf 89' lang='lat'>,</span> <span class='ocrx_word' id='word_1_45' title='bbox 2569 1406 3046 1492; x_wconf 71' lang='lat' dir='ltr'>stratagemate</span> <span class='ocrx_word' id='word_1_46' title='bbox 3091 1403 3368 1474; x_wconf 72' lang='lat' dir='ltr'>lanuuii</span> <span class='ocrx_word' id='word_1_47' title='bbox 3413 1403 3797 1493; x_wconf 65' lang='lat' dir='ltr'>nrzoglovy</span> 
     </span>
     <span class='ocr_line' id='line_1_6' title="bbox 1060 1523 3598 1616; baseline -0.001 -19"><span class='ocrx_word' id='word_1_48' title='bbox 1060 1525 1451 1616; x_wconf 75' lang='lat' dir='ltr'>praesidium</span> <span class='ocrx_word' id='word_1_49' title='bbox 1496 1525 1927 1613; x_wconf 66' lang='lat' dir='ltr'>swoczonso</span> <span class='ocrx_word' id='word_1_50' title='bbox 1974 1524 2291 1610; x_wconf 77' lang='lat' dir='ltr'>caeditur,</span> <span class='ocrx_word' id='word_1_51' title='bbox 2339 1527 2409 1596; x_wconf 80' lang='lat' dir='ltr'>ot</span> <span class='ocrx_word' id='word_1_52' title='bbox 2453 1524 2732 1614; x_wconf 75' lang='lat' dir='ltr'>praedae</span> <span class='ocrx_word' id='word_1_53' title='bbox 2779 1542 2866 1595; x_wconf 77' lang='lat' dir='ltr'>ox</span> <span class='ocrx_word' id='word_1_54' title='bbox 2907 1523 3166 1595; x_wconf 74' lang='lat' dir='ltr'>Prusia</span> <span class='ocrx_word' id='word_1_55' title='bbox 3210 1524 3598 1596; x_wconf 73' lang='lat' dir='ltr'>referuntur.</span> 
     </span>
    </p>
   </div>
   <div class='ocr_carea' id='block_1_4' title="bbox 994 1760 3894 1854">
    <p class='ocr_par' dir='ltr' id='par_1_4' title="bbox 994 1760 3894 1854">
     <span class='ocr_line' id='line_1_7' title="bbox 994 1760 3894 1854; baseline -0.001 -18"><span class='ocrx_word' id='word_1_56' title='bbox 994 1762 1203 1836; x_wconf 84' lang='lat' dir='ltr'>Feria</span> <span class='ocrx_word' id='word_1_57' title='bbox 1258 1763 1504 1854; x_wconf 88' lang='lat' dir='ltr'>quinta</span> <span class='ocrx_word' id='word_1_58' title='bbox 1558 1762 1631 1834; x_wconf 90' lang='lat' dir='ltr'>in</span> <span class='ocrx_word' id='word_1_59' title='bbox 1668 1761 1974 1834; x_wconf 86' lang='lat' dir='ltr'>crastino</span> <span class='ocrx_word' id='word_1_60' title='bbox 2013 1760 2464 1834; x_wconf 85' lang='lat' dir='ltr'>Visitationis</span> <span class='ocrx_word' id='word_1_61' title='bbox 2503 1763 2799 1836; x_wconf 75' lang='lat' dir='ltr'>Sanctae</span> <span class='ocrx_word' id='word_1_62' title='bbox 2837 1763 3133 1850; x_wconf 87' lang='lat' dir='ltr'>Mariae,</span> <span class='ocrx_word' id='word_1_63' title='bbox 3190 1763 3412 1835; x_wconf 84' lang='lat' dir='ltr'>movit</span> <span class='ocrx_word' id='word_1_64' title='bbox 3448 1762 3894 1836; x_wconf 74' lang='lat' dir='ltr'><strong>wladislaus</strong></span> 
     </span>
    </p>
   </div>
   <div class='ocr_carea' id='block_1_5' title="bbox 786 1881 3959 1973">
    <p class='ocr_par' dir='ltr' id='par_1_5' title="bbox 786 1881 3959 1973">
     <span class='ocr_line' id='line_1_8' title="bbox 786 1881 3959 1973; baseline -0.001 -16"><span class='ocrx_word' id='word_1_65' title='bbox 786 1884 1121 1957; x_wconf 89' lang='lat' dir='ltr'>Poloniae</span> <span class='ocrx_word' id='word_1_66' title='bbox 1175 1884 1332 1954; x_wconf 87' lang='lat' dir='ltr'>Rex</span> <span class='ocrx_word' id='word_1_67' title='bbox 1390 1903 1553 1954; x_wconf 90' lang='lat' dir='ltr'>suos</span> <span class='ocrx_word' id='word_1_68' title='bbox 1608 1887 1679 1954; x_wconf 90' lang='lat' dir='ltr'>et</span> <span class='ocrx_word' id='word_1_69' title='bbox 1732 1882 1949 1955; x_wconf 89' lang='lat' dir='ltr'>Ducis</span> <span class='ocrx_word' id='word_1_70' title='bbox 2016 1881 2253 1973; x_wconf 82' lang='lat' dir='ltr'>Magni</span> <span class='ocrx_word' id='word_1_71' title='bbox 2307 1881 2728 1955; x_wconf 87' lang='lat' dir='ltr'>Lithuaniae</span> <span class='ocrx_word' id='word_1_72' title='bbox 2783 1882 3172 1956; x_wconf 88' lang='lat' dir='ltr'>Alexandri</span> <span class='ocrx_word' id='word_1_73' title='bbox 3235 1882 3586 1956; x_wconf 88' lang='lat' dir='ltr'>exercitus</span> <span class='ocrx_word' id='word_1_74' title='bbox 3641 1903 3682 1953; x_wconf 90' lang='lat' dir='ltr'>a</span> <span class='ocrx_word' id='word_1_75' title='bbox 3733 1883 3894 1954; x_wconf 85' lang='lat' dir='ltr'>loco</span> <span class='ocrx_word' id='word_1_76' title='bbox 3953 1885 3959 1890; x_wconf 82' lang='grc'><strong>’</strong></span> 
     </span>
    </p>
   </div>
   <div class='ocr_carea' id='block_1_6' title="bbox 786 2001 3912 4979">
    <p class='ocr_par' dir='ltr' id='par_1_6' title="bbox 786 2001 3912 4979">
     <span class='ocr_line' id='line_1_9' title="bbox 786 2001 3895 2094; baseline -0.001 -18"><span class='ocrx_word' id='word_1_77' title='bbox 786 2005 1060 2077; x_wconf 88' lang='lat' dir='ltr'>Wislae</span> <span class='ocrx_word' id='word_1_78' title='bbox 1116 2008 1187 2076; x_wconf 90' lang='lat' dir='ltr'>et</span> <span class='ocrx_word' id='word_1_79' title='bbox 1241 2001 1661 2076; x_wconf 89' lang='lat' dir='ltr'>monasterio</span> <span class='ocrx_word' id='word_1_80' title='bbox 1701 2002 2236 2093; x_wconf 77' lang='lat' dir='ltr'>czyrwyenskO,</span> <span class='ocrx_word' id='word_1_81' title='bbox 2294 2006 2364 2072; x_wconf 91' lang='lat' dir='ltr'>et</span> <span class='ocrx_word' id='word_1_82' title='bbox 2419 2023 2663 2074; x_wconf 82' lang='lat' dir='ltr'>versus</span> <span class='ocrx_word' id='word_1_83' title='bbox 2719 2007 2942 2074; x_wconf 87' lang='lat' dir='ltr'>terras</span> <span class='ocrx_word' id='word_1_84' title='bbox 2999 2004 3294 2076; x_wconf 81' lang='lat' dir='ltr'>hostiles</span> <span class='ocrx_word' id='word_1_85' title='bbox 3331 2023 3661 2094; x_wconf 83' lang='lat' dir='ltr'>pergenS,</span> <span class='ocrx_word' id='word_1_86' title='bbox 3703 2003 3895 2093; x_wconf 88' lang='lat' dir='ltr'>apud</span> 
     </span>
     <span class='ocr_line' id='line_1_10' title="bbox 790 2121 3898 2210; baseline 0 -15"><span class='ocrx_word' id='word_1_87' title='bbox 790 2124 1034 2196; x_wconf 84' lang='lat' dir='ltr'>villam</span> <span class='ocrx_word' id='word_1_88' title='bbox 1094 2125 1381 2197; x_wconf 88' lang='lat' dir='ltr'>Zochow</span> <span class='ocrx_word' id='word_1_89' title='bbox 1448 2123 1709 2195; x_wconf 77' lang='lat' dir='ltr'>stativa</span> <span class='ocrx_word' id='word_1_90' title='bbox 1772 2123 2024 2195; x_wconf 90' lang='lat' dir='ltr'>tenuit.</span> <span class='ocrx_word' id='word_1_91' title='bbox 2100 2121 2231 2194; x_wconf 88' lang='lat' dir='ltr'>cui</span> <span class='ocrx_word' id='word_1_92' title='bbox 2294 2121 2368 2193; x_wconf 92' lang='lat' dir='ltr'>in</span> <span class='ocrx_word' id='word_1_93' title='bbox 2432 2121 2684 2194; x_wconf 89' lang='lat' dir='ltr'>itinere</span> <span class='ocrx_word' id='word_1_94' title='bbox 2749 2122 3163 2210; x_wconf 89' lang='lat' dir='ltr'>constituto,</span> <span class='ocrx_word' id='word_1_95' title='bbox 3230 2125 3603 2197; x_wconf 89' lang='lat' dir='ltr'>nuntiatur</span> <span class='ocrx_word' id='word_1_96' title='bbox 3655 2124 3898 2197; x_wconf 80' lang='lat' dir='ltr'>clades</span> 
     </span>
     <span class='ocr_line' id='line_1_11' title="bbox 790 2239 3894 2336; baseline 0 -20"><span class='ocrx_word' id='word_1_97' title='bbox 790 2244 1070 2336; x_wconf 78' lang='lat' dir='ltr'>ingena,</span> <span class='ocrx_word' id='word_1_98' title='bbox 1129 2265 1337 2335; x_wconf 87' lang='lat' dir='ltr'>quam</span> <span class='ocrx_word' id='word_1_99' title='bbox 1392 2242 1762 2314; x_wconf 88' lang='lat' dir='ltr'>Ianussius</span> <span class='ocrx_word' id='word_1_100' title='bbox 1819 2242 2226 2335; x_wconf 75' lang='lat' dir='ltr'>Brzoglowy</span> <span class='ocrx_word' id='word_1_101' title='bbox 2259 2239 2321 2332; x_wconf 80' lang='lat'>³)</span> <span class='ocrx_word' id='word_1_102' title='bbox 2377 2242 2785 2333; x_wconf 84' lang='lat' dir='ltr'>capitaneus</span> <span class='ocrx_word' id='word_1_103' title='bbox 2833 2241 3346 2334; x_wconf 88' lang='lat' dir='ltr'>Bidgostiensis</span> <span class='ocrx_word' id='word_1_104' title='bbox 3403 2245 3474 2316; x_wconf 90' lang='lat' dir='ltr'>in</span> <span class='ocrx_word' id='word_1_105' title='bbox 3511 2244 3894 2318; x_wconf 74' lang='lat' dir='ltr'>cruciferis</span> 
     </span>
     <span class='ocr_line' id='line_1_12' title="bbox 790 2361 3898 2455; baseline 0 -19"><span class='ocrx_word' id='word_1_106' title='bbox 790 2368 859 2436; x_wconf 91' lang='lat' dir='ltr'>et</span> <span class='ocrx_word' id='word_1_107' title='bbox 915 2385 1151 2436; x_wconf 90' lang='lat' dir='ltr'>eorum</span> <span class='ocrx_word' id='word_1_108' title='bbox 1205 2362 1535 2455; x_wconf 89' lang='lat' dir='ltr'>gentibus</span> <span class='ocrx_word' id='word_1_109' title='bbox 1567 2364 1630 2452; x_wconf 90' lang='lat'>⁴)</span> <span class='ocrx_word' id='word_1_110' title='bbox 1694 2366 2119 2453; x_wconf 86' lang='lat' dir='ltr'>patraverat.</span> <span class='ocrx_word' id='word_1_111' title='bbox 2196 2362 2272 2434; x_wconf 91' lang='lat' dir='ltr'>Is</span> <span class='ocrx_word' id='word_1_112' title='bbox 2329 2362 2670 2453; x_wconf 86' lang='lat' dir='ltr'>siquidem</span> <span class='ocrx_word' id='word_1_113' title='bbox 2691 2417 2707 2450; x_wconf 93' lang='lat'>‚</span> <span class='ocrx_word' id='word_1_114' title='bbox 2775 2361 3264 2452; x_wconf 85' lang='lat' dir='ltr'>expirantibus</span> <span class='ocrx_word' id='word_1_115' title='bbox 3330 2364 3565 2437; x_wconf 91' lang='lat' dir='ltr'>decem</span> <span class='ocrx_word' id='word_1_116' title='bbox 3619 2365 3898 2436; x_wconf 89' lang='lat' dir='ltr'>dierum</span> 
     </span>
     <span class='ocr_line' id='line_1_13' title="bbox 788 2481 3892 2577; baseline -0.001 -21"><span class='ocrx_word' id='word_1_117' title='bbox 788 2485 1094 2577; x_wconf 78' lang='lat' dir='ltr'>treugiS‚</span> <span class='ocrx_word' id='word_1_118' title='bbox 1152 2483 1238 2554; x_wconf 93' lang='lat' dir='ltr'>ad</span> <span class='ocrx_word' id='word_1_119' title='bbox 1294 2483 1776 2556; x_wconf 88' lang='lat' dir='ltr'>offendendum</span> <span class='ocrx_word' id='word_1_120' title='bbox 1830 2484 2069 2554; x_wconf 90' lang='lat' dir='ltr'>hostes</span> <span class='ocrx_word' id='word_1_121' title='bbox 2125 2501 2397 2573; x_wconf 86' lang='lat' dir='ltr'>semper</span> <span class='ocrx_word' id='word_1_122' title='bbox 2451 2481 2798 2569; x_wconf 86' lang='lat' dir='ltr'>intentus,</span> <span class='ocrx_word' id='word_1_123' title='bbox 2867 2481 3162 2554; x_wconf 88' lang='lat' dir='ltr'>collecta</span> <span class='ocrx_word' id='word_1_124' title='bbox 3215 2505 3353 2554; x_wconf 90' lang='lat' dir='ltr'>non</span> <span class='ocrx_word' id='word_1_125' title='bbox 3407 2484 3664 2576; x_wconf 89' lang='lat' dir='ltr'>exigua</span> <span class='ocrx_word' id='word_1_126' title='bbox 3716 2505 3892 2576; x_wconf 88' lang='lat' dir='ltr'>gen-</span> 
     </span>
     <span class='ocr_line' id='line_1_14' title="bbox 792 2601 3891 2693; baseline -0 -17"><span class='ocrx_word' id='word_1_127' title='bbox 792 2603 971 2676; x_wconf 89' lang='lat' dir='ltr'>tium</span> <span class='ocrx_word' id='word_1_128' title='bbox 1025 2625 1267 2692; x_wconf 89' lang='lat' dir='ltr'>manu,</span> <span class='ocrx_word' id='word_1_129' title='bbox 1324 2602 1411 2674; x_wconf 87' lang='lat' dir='ltr'>ad</span> <span class='ocrx_word' id='word_1_130' title='bbox 1466 2608 1773 2676; x_wconf 87' lang='lat' dir='ltr'>castrum</span> <span class='ocrx_word' id='word_1_131' title='bbox 1831 2605 1899 2675; x_wconf 91' lang='lat' dir='ltr'>et</span> <span class='ocrx_word' id='word_1_132' title='bbox 1936 2602 2296 2675; x_wconf 84' lang='lat' dir='ltr'>civitatem</span> <span class='ocrx_word' id='word_1_133' title='bbox 2349 2602 2680 2674; x_wconf 85' lang='lat' dir='ltr'>hostilem</span> <span class='ocrx_word' id='word_1_134' title='bbox 2721 2603 3085 2693; x_wconf 76' lang='lat' dir='ltr'>Swyeczye</span> <span class='ocrx_word' id='word_1_135' title='bbox 3115 2601 3176 2690; x_wconf 79' lang='lat'>⁵)</span> <span class='ocrx_word' id='word_1_136' title='bbox 3232 2607 3445 2674; x_wconf 90' lang='lat' dir='ltr'>noctu</span> <span class='ocrx_word' id='word_1_137' title='bbox 3500 2604 3891 2692; x_wconf 82' lang='lat' dir='ltr'>contendit,</span> 
     </span>
     <span class='ocr_line' id='line_1_15' title="bbox 790 2720 3898 2816; baseline 0 -20"><span class='ocrx_word' id='word_1_138' title='bbox 790 2729 860 2796; x_wconf 91' lang='lat' dir='ltr'>et</span> <span class='ocrx_word' id='word_1_139' title='bbox 922 2724 1177 2816; x_wconf 89' lang='lat' dir='ltr'>positis</span> <span class='ocrx_word' id='word_1_140' title='bbox 1249 2723 1322 2796; x_wconf 88' lang='lat' dir='ltr'>in</span> <span class='ocrx_word' id='word_1_141' title='bbox 1398 2724 1548 2796; x_wconf 89' lang='lat' dir='ltr'>loco</span> <span class='ocrx_word' id='word_1_142' title='bbox 1622 2727 1784 2814; x_wconf 90' lang='lat' dir='ltr'>apto</span> <span class='ocrx_word' id='word_1_143' title='bbox 1848 2722 2163 2810; x_wconf 81' lang='lat' dir='ltr'>insidiis,</span> <span class='ocrx_word' id='word_1_144' title='bbox 2241 2722 2466 2814; x_wconf 88' lang='lat' dir='ltr'>spolia</span> <span class='ocrx_word' id='word_1_145' title='bbox 2537 2720 2688 2814; x_wconf 88' lang='lat' dir='ltr'>ipse</span> <span class='ocrx_word' id='word_1_146' title='bbox 2765 2727 2834 2794; x_wconf 88' lang='lat' dir='ltr'>et</span> <span class='ocrx_word' id='word_1_147' title='bbox 2906 2721 3228 2794; x_wconf 88' lang='lat' dir='ltr'>incendia</span> <span class='ocrx_word' id='word_1_148' title='bbox 3299 2727 3462 2794; x_wconf 87' lang='lat' dir='ltr'>ante</span> <span class='ocrx_word' id='word_1_149' title='bbox 3525 2723 3898 2815; x_wconf 73' lang='lat' dir='ltr'>Swyeczye</span> 
     </span>
     <span class='ocr_line' id='line_1_16' title="bbox 790 2841 3898 2936; baseline -0.001 -20"><span class='ocrx_word' id='word_1_150' title='bbox 790 2843 1212 2936; x_wconf 87' lang='lat' dir='ltr'>incastigato</span> <span class='ocrx_word' id='word_1_151' title='bbox 1270 2864 1554 2916; x_wconf 89' lang='lat' dir='ltr'>suorum</span> <span class='ocrx_word' id='word_1_152' title='bbox 1610 2863 1895 2916; x_wconf 90' lang='lat' dir='ltr'>numero</span> <span class='ocrx_word' id='word_1_153' title='bbox 1952 2843 2121 2936; x_wconf 85' lang='lat' dir='ltr'>agit.</span> <span class='ocrx_word' id='word_1_154' title='bbox 2199 2841 2347 2932; x_wconf 79' lang='lat' dir='ltr'>Quo</span> <span class='ocrx_word' id='word_1_155' title='bbox 2403 2842 2556 2914; x_wconf 87' lang='lat' dir='ltr'>viso</span> <span class='ocrx_word' id='word_1_156' title='bbox 2613 2842 2980 2930; x_wconf 74' lang='lat' dir='ltr'>cruciferi,</span> <span class='ocrx_word' id='word_1_157' title='bbox 3049 2842 3171 2934; x_wconf 88' lang='lat' dir='ltr'>qui</span> <span class='ocrx_word' id='word_1_158' title='bbox 3228 2842 3594 2934; x_wconf 81' lang='lat' dir='ltr'>Swyeczye</span> <span class='ocrx_word' id='word_1_159' title='bbox 3659 2843 3898 2914; x_wconf 84' lang='lat' dir='ltr'>obser-</span> 
     </span>
     <span class='ocr_line' id='line_1_17' title="bbox 792 2962 3898 3056; baseline 0 -24"><span class='ocrx_word' id='word_1_160' title='bbox 792 2964 1084 3051; x_wconf 82' lang='lat' dir='ltr'>vabant,</span> <span class='ocrx_word' id='word_1_161' title='bbox 1142 2963 1507 3036; x_wconf 84' lang='lat' dir='ltr'>confestim</span> <span class='ocrx_word' id='word_1_162' title='bbox 1573 2963 1773 3055; x_wconf 86' lang='lat' dir='ltr'>equis</span> <span class='ocrx_word' id='word_1_163' title='bbox 1838 2963 2179 3050; x_wconf 79' lang='lat' dir='ltr'>ascensiS‚</span> <span class='ocrx_word' id='word_1_164' title='bbox 2247 2962 2653 3034; x_wconf 88' lang='lat' dir='ltr'>Ianussium</span> <span class='ocrx_word' id='word_1_165' title='bbox 2718 2963 3127 3056; x_wconf 84' lang='lat' dir='ltr'>Brzoglowy</span> <span class='ocrx_word' id='word_1_166' title='bbox 3159 2963 3224 3051; x_wconf 69' lang='grc' dir='ltr'>θ)</span> <span class='ocrx_word' id='word_1_167' title='bbox 3288 2962 3672 3056; x_wconf 87' lang='lat' dir='ltr'>fugientem</span> <span class='ocrx_word' id='word_1_168' title='bbox 3736 2983 3898 3052; x_wconf 84' lang='lat' dir='ltr'>per-</span> 
     </span>
     <span class='ocr_line' id='line_1_18' title="bbox 794 3082 3899 3174; baseline 0 -20"><span class='ocrx_word' id='word_1_169' title='bbox 794 3084 1286 3174; x_wconf 87' lang='lat' dir='ltr'>sequebantur,</span> <span class='ocrx_word' id='word_1_170' title='bbox 1353 3083 1840 3156; x_wconf 88' lang='lat' dir='ltr'>existimantes</span> <span class='ocrx_word' id='word_1_171' title='bbox 1906 3104 2060 3156; x_wconf 88' lang='lat' dir='ltr'>enm</span> <span class='ocrx_word' id='word_1_172' title='bbox 2124 3082 2199 3154; x_wconf 89' lang='lat' dir='ltr'>in</span> <span class='ocrx_word' id='word_1_173' title='bbox 2265 3087 2406 3154; x_wconf 87' lang='lat' dir='ltr'>tam</span> <span class='ocrx_word' id='word_1_174' title='bbox 2470 3103 2688 3174; x_wconf 86' lang='lat' dir='ltr'>parva</span> <span class='ocrx_word' id='word_1_175' title='bbox 2749 3082 3065 3174; x_wconf 90' lang='lat' dir='ltr'>gentium</span> <span class='ocrx_word' id='word_1_176' title='bbox 3139 3087 3418 3156; x_wconf 84' lang='lat' dir='ltr'>caterva</span> <span class='ocrx_word' id='word_1_177' title='bbox 3481 3083 3899 3156; x_wconf 80' lang='lat' dir='ltr'>advenisse:</span> 
     </span>
     <span class='ocr_line' id='line_1_19' title="bbox 794 3202 3902 3295; baseline -0.001 -20"><span class='ocrx_word' id='word_1_178' title='bbox 794 3204 916 3294; x_wconf 90' lang='lat' dir='ltr'>qui</span> <span class='ocrx_word' id='word_1_179' title='bbox 972 3204 1057 3276; x_wconf 89' lang='lat' dir='ltr'>ab</span> <span class='ocrx_word' id='word_1_180' title='bbox 1113 3225 1349 3277; x_wconf 87' lang='lat' dir='ltr'>eorum</span> <span class='ocrx_word' id='word_1_181' title='bbox 1404 3209 1781 3294; x_wconf 86' lang='lat' dir='ltr'>conspectu</span> <span class='ocrx_word' id='word_1_182' title='bbox 1846 3203 2159 3275; x_wconf 88' lang='lat' dir='ltr'>studiose</span> <span class='ocrx_word' id='word_1_183' title='bbox 2213 3203 2522 3295; x_wconf 86' lang='lat' dir='ltr'>fugiens,</span> <span class='ocrx_word' id='word_1_184' title='bbox 2587 3204 2827 3276; x_wconf 90' lang='lat' dir='ltr'>hostes</span> <span class='ocrx_word' id='word_1_185' title='bbox 2882 3224 3106 3295; x_wconf 89' lang='lat' dir='ltr'>usque</span> <span class='ocrx_word' id='word_1_186' title='bbox 3171 3205 3259 3276; x_wconf 89' lang='lat' dir='ltr'>ad</span> <span class='ocrx_word' id='word_1_187' title='bbox 3321 3203 3734 3276; x_wconf 88' lang='lat' dir='ltr'>insidiarum</span> <span class='ocrx_word' id='word_1_188' title='bbox 3793 3202 3902 3274; x_wconf 90' lang='lat' dir='ltr'>lo·</span> 
     </span>
     <span class='ocr_line' id='line_1_20' title="bbox 794 3322 3902 3416; baseline -0.001 -21"><span class='ocrx_word' id='word_1_189' title='bbox 794 3344 950 3395; x_wconf 89' lang='lat' dir='ltr'>cnm</span> <span class='ocrx_word' id='word_1_190' title='bbox 1004 3322 1359 3415; x_wconf 89' lang='lat' dir='ltr'>perduxit.</span> <span class='ocrx_word' id='word_1_191' title='bbox 1434 3323 1784 3395; x_wconf 86' lang='lat' dir='ltr'>Militibus</span> <span class='ocrx_word' id='word_1_192' title='bbox 1850 3327 2115 3413; x_wconf 88' lang='lat' dir='ltr'>autem,</span> <span class='ocrx_word' id='word_1_193' title='bbox 2187 3323 2308 3415; x_wconf 88' lang='lat' dir='ltr'>qui</span> <span class='ocrx_word' id='word_1_194' title='bbox 2373 3323 2446 3394; x_wconf 89' lang='lat' dir='ltr'>in</span> <span class='ocrx_word' id='word_1_195' title='bbox 2513 3323 2793 3396; x_wconf 87' lang='lat' dir='ltr'>insidiis</span> <span class='ocrx_word' id='word_1_196' title='bbox 2859 3323 3205 3413; x_wconf 88' lang='lat' dir='ltr'>latebant,</span> <span class='ocrx_word' id='word_1_197' title='bbox 3282 3323 3902 3416; x_wconf 85' lang='lat' dir='ltr'>consurgentibus,</span> 
     </span>
     <span class='ocr_line' id='line_1_21' title="bbox 792 3444 3908 3536; baseline 0 -22"><span class='ocrx_word' id='word_1_198' title='bbox 792 3444 1031 3516; x_wconf 88' lang='lat' dir='ltr'>hostes</span> <span class='ocrx_word' id='word_1_199' title='bbox 1086 3447 1157 3516; x_wconf 89' lang='lat' dir='ltr'>et</span> <span class='ocrx_word' id='word_1_200' title='bbox 1218 3466 1260 3515; x_wconf 89' lang='lat' dir='ltr'>a</span> <span class='ocrx_word' id='word_1_201' title='bbox 1312 3449 1508 3536; x_wconf 90' lang='lat' dir='ltr'>tergo</span> <span class='ocrx_word' id='word_1_202' title='bbox 1576 3449 1643 3516; x_wconf 88' lang='lat' dir='ltr'>et</span> <span class='ocrx_word' id='word_1_203' title='bbox 1706 3465 1747 3516; x_wconf 90' lang='lat' dir='ltr'>a</span> <span class='ocrx_word' id='word_1_204' title='bbox 1802 3445 2027 3517; x_wconf 89' lang='lat' dir='ltr'>fronte</span> <span class='ocrx_word' id='word_1_205' title='bbox 2090 3444 2583 3533; x_wconf 83' lang='lat' dir='ltr'>circumventi,</span> <span class='ocrx_word' id='word_1_206' title='bbox 2660 3466 2816 3516; x_wconf 89' lang='lat' dir='ltr'>cum</span> <span class='ocrx_word' id='word_1_207' title='bbox 2881 3444 3222 3517; x_wconf 85' lang='lat' dir='ltr'>evadendi</span> <span class='ocrx_word' id='word_1_208' title='bbox 3285 3445 3484 3516; x_wconf 90' lang='lat' dir='ltr'>nulla</span> <span class='ocrx_word' id='word_1_209' title='bbox 3549 3464 3709 3536; x_wconf 88' lang='lat' dir='ltr'>spes</span> <span class='ocrx_word' id='word_1_210' title='bbox 3773 3449 3908 3514; x_wconf 87' lang='lat' dir='ltr'>ant</span> 
     </span>
     <span class='ocr_line' id='line_1_22' title="bbox 794 3563 3908 3656; baseline -0 -20"><span class='ocrx_word' id='word_1_211' title='bbox 794 3564 1063 3637; x_wconf 86' lang='lat' dir='ltr'>occasio</span> <span class='ocrx_word' id='word_1_212' title='bbox 1126 3565 1483 3652; x_wconf 86' lang='lat' dir='ltr'>subesset,</span> <span class='ocrx_word' id='word_1_213' title='bbox 1558 3565 1634 3636; x_wconf 89' lang='lat' dir='ltr'>in</span> <span class='ocrx_word' id='word_1_214' title='bbox 1695 3570 2044 3637; x_wconf 87' lang='lat' dir='ltr'>certamen</span> <span class='ocrx_word' id='word_1_215' title='bbox 2117 3585 2206 3637; x_wconf 87' lang='lat' dir='ltr'>ex</span> <span class='ocrx_word' id='word_1_216' title='bbox 2275 3565 2758 3655; x_wconf 88' lang='lat' dir='ltr'>desperatione</span> <span class='ocrx_word' id='word_1_217' title='bbox 2831 3564 3337 3652; x_wconf 87' lang='lat' dir='ltr'>accenduntur,</span> <span class='ocrx_word' id='word_1_218' title='bbox 3413 3563 3908 3656; x_wconf 85' lang='lat' dir='ltr'>praeliumque</span> 
     </span>
     <span class='ocr_line' id='line_1_23' title="bbox 792 3683 3905 3776; baseline -0.001 -18"><span class='ocrx_word' id='word_1_219' title='bbox 792 3685 1098 3758; x_wconf 89' lang='lat' dir='ltr'>atrocius</span> <span class='ocrx_word' id='word_1_220' title='bbox 1154 3705 1361 3776; x_wconf 90' lang='lat' dir='ltr'>quam</span> <span class='ocrx_word' id='word_1_221' title='bbox 1417 3706 1542 3775; x_wconf 89' lang='lat' dir='ltr'>pro</span> <span class='ocrx_word' id='word_1_222' title='bbox 1596 3706 1879 3757; x_wconf 90' lang='lat' dir='ltr'>numero</span> <span class='ocrx_word' id='word_1_223' title='bbox 1937 3683 2176 3758; x_wconf 88' lang='lat' dir='ltr'>edunt.</span> <span class='ocrx_word' id='word_1_224' title='bbox 2233 3684 2345 3754; x_wconf 83' lang='lat' dir='ltr'>Ad</span> <span class='ocrx_word' id='word_1_225' title='bbox 2403 3687 2793 3757; x_wconf 89' lang='lat' dir='ltr'>extremum</span> <span class='ocrx_word' id='word_1_226' title='bbox 2849 3690 3081 3756; x_wconf 90' lang='lat' dir='ltr'>tamen</span> <span class='ocrx_word' id='word_1_227' title='bbox 3135 3683 3450 3756; x_wconf 84' lang='lat' dir='ltr'>universi</span> <span class='ocrx_word' id='word_1_228' title='bbox 3505 3688 3627 3755; x_wconf 90' lang='lat' dir='ltr'>aut</span> <span class='ocrx_word' id='word_1_229' title='bbox 3679 3683 3905 3774; x_wconf 84' lang='lat' dir='ltr'>capti,</span> 
     </span>
     <span class='ocr_line' id='line_1_24' title="bbox 794 3803 3904 3896; baseline -0 -20"><span class='ocrx_word' id='word_1_230' title='bbox 794 3811 919 3876; x_wconf 89' lang='lat' dir='ltr'>aut</span> <span class='ocrx_word' id='word_1_231' title='bbox 956 3805 1201 3893; x_wconf 86' lang='lat' dir='ltr'>occisi;</span> <span class='ocrx_word' id='word_1_232' title='bbox 1259 3805 1569 3896; x_wconf 88' lang='lat' dir='ltr'>quinque</span> <span class='ocrx_word' id='word_1_233' title='bbox 1622 3826 1711 3877; x_wconf 89' lang='lat' dir='ltr'>ex</span> <span class='ocrx_word' id='word_1_234' title='bbox 1751 3803 2007 3877; x_wconf 87' lang='lat' dir='ltr'>Ordine</span> <span class='ocrx_word' id='word_1_235' title='bbox 2042 3805 2364 3892; x_wconf 76' lang='lat' dir='ltr'>FratreS‚</span> <span class='ocrx_word' id='word_1_236' title='bbox 2402 3808 2680 3895; x_wconf 86' lang='lat' dir='ltr'>praeter</span> <span class='ocrx_word' id='word_1_237' title='bbox 2715 3803 3178 3892; x_wconf 81' lang='lat' dir='ltr'>desideratoS,</span> <span class='ocrx_word' id='word_1_238' title='bbox 3236 3803 3310 3875; x_wconf 92' lang='lat' dir='ltr'>in</span> <span class='ocrx_word' id='word_1_239' title='bbox 3347 3823 3634 3875; x_wconf 90' lang='lat' dir='ltr'>numero</span> <span class='ocrx_word' id='word_1_240' title='bbox 3673 3803 3904 3894; x_wconf 87' lang='lat' dir='ltr'>capti-</span> 
     </span>
     <span class='ocr_line' id='line_1_25' title="bbox 794 3923 3906 4016; baseline -0.001 -20"><span class='ocrx_word' id='word_1_241' title='bbox 794 3946 1037 3996; x_wconf 79' lang='lat' dir='ltr'>vorum</span> <span class='ocrx_word' id='word_1_242' title='bbox 1094 3925 1549 3997; x_wconf 87' lang='lat' dir='ltr'>habebantur.</span> <span class='ocrx_word' id='word_1_243' title='bbox 1608 3925 1761 3996; x_wconf 90' lang='lat' dir='ltr'>Hoc</span> <span class='ocrx_word' id='word_1_244' title='bbox 1798 3923 2255 4015; x_wconf 84' lang='lat' dir='ltr'>primordium</span> <span class='ocrx_word' id='word_1_245' title='bbox 2311 3923 2662 4016; x_wconf 89' lang='lat' dir='ltr'>simulque</span> <span class='ocrx_word' id='word_1_246' title='bbox 2718 3945 2917 3996; x_wconf 89' lang='lat' dir='ltr'>omen</span> <span class='ocrx_word' id='word_1_247' title='bbox 2954 3924 3159 4013; x_wconf 88' lang='lat' dir='ltr'>belli,</span> <span class='ocrx_word' id='word_1_248' title='bbox 3217 3924 3302 3997; x_wconf 88' lang='lat' dir='ltr'>de</span> <span class='ocrx_word' id='word_1_249' title='bbox 3357 3944 3628 3995; x_wconf 90' lang='lat' dir='ltr'>summa</span> <span class='ocrx_word' id='word_1_250' title='bbox 3661 3944 3906 3995; x_wconf 88' lang='lat' dir='ltr'>rerum</span> 
     </span>
     <span class='ocr_line' id='line_1_26' title="bbox 793 4043 3908 4136; baseline -0 -21"><span class='ocrx_word' id='word_1_251' title='bbox 793 4043 1328 4136; x_wconf 70' lang='lat' dir='ltr'>praenuntiam,</span> <span class='ocrx_word' id='word_1_252' title='bbox 1388 4044 1956 4135; x_wconf 85' lang='lat' dir='ltr'>quemadmodum</span> <span class='ocrx_word' id='word_1_253' title='bbox 2002 4044 2304 4116; x_wconf 90' lang='lat' dir='ltr'>Polonos</span> <span class='ocrx_word' id='word_1_254' title='bbox 2359 4045 2894 4135; x_wconf 86' lang='lat' dir='ltr'>prosperitatem</span> <span class='ocrx_word' id='word_1_255' title='bbox 2949 4044 3308 4133; x_wconf 87' lang='lat' dir='ltr'>bellicam,</span> <span class='ocrx_word' id='word_1_256' title='bbox 3367 4043 3468 4116; x_wconf 90' lang='lat' dir='ltr'>ita</span> <span class='ocrx_word' id='word_1_257' title='bbox 3505 4043 3908 4116; x_wconf 74' lang='lat' dir='ltr'>cruciferos</span> 
     </span>
     <span class='ocr_line' id='line_1_27' title="bbox 796 4161 3906 4257; baseline 0 -23"><span class='ocrx_word' id='word_1_258' title='bbox 796 4163 1065 4236; x_wconf 88' lang='lat' dir='ltr'>cladem</span> <span class='ocrx_word' id='word_1_259' title='bbox 1119 4163 1481 4236; x_wconf 87' lang='lat' dir='ltr'>habituros</span> <span class='ocrx_word' id='word_1_260' title='bbox 1533 4163 1993 4255; x_wconf 89' lang='lat' dir='ltr'>portendebat</span> <span class='ocrx_word' id='word_1_261' title='bbox 2028 4165 2087 4253; x_wconf 81' lang='lat'>⁷)</span> <span class='ocrx_word' id='word_1_262' title='bbox 2148 4163 2501 4237; x_wconf 87' lang='lat' dir='ltr'>infestam.</span> <span class='ocrx_word' id='word_1_263' title='bbox 2559 4165 2930 4257; x_wconf 86' lang='lat' dir='ltr'>Ingenium</span> <span class='ocrx_word' id='word_1_264' title='bbox 2984 4164 3224 4255; x_wconf 88' lang='lat' dir='ltr'>itaque</span> <span class='ocrx_word' id='word_1_265' title='bbox 3280 4163 3690 4255; x_wconf 83' lang='lat' dir='ltr'>Brzoglowy</span> <span class='ocrx_word' id='word_1_266' title='bbox 3722 4161 3786 4248; x_wconf 82' lang='grc'>8)</span> <span class='ocrx_word' id='word_1_267' title='bbox 3831 4167 3906 4234; x_wconf 87' lang='lat' dir='ltr'>et</span> 
     </span>
     <span class='ocr_line' id='line_1_28' title="bbox 797 4283 3912 4376; baseline -0.001 -20"><span class='ocrx_word' id='word_1_268' title='bbox 797 4283 1015 4356; x_wconf 87' lang='lat' dir='ltr'>animi</span> <span class='ocrx_word' id='word_1_269' title='bbox 1072 4283 1467 4370; x_wconf 87' lang='lat' dir='ltr'>audaciam,</span> <span class='ocrx_word' id='word_1_270' title='bbox 1525 4305 1733 4376; x_wconf 88' lang='lat' dir='ltr'>quam</span> <span class='ocrx_word' id='word_1_271' title='bbox 1788 4284 1861 4355; x_wconf 88' lang='lat' dir='ltr'>in</span> <span class='ocrx_word' id='word_1_272' title='bbox 1918 4283 2367 4357; x_wconf 87' lang='lat' dir='ltr'>conficiendis</span> <span class='ocrx_word' id='word_1_273' title='bbox 2405 4285 2611 4358; x_wconf 88' lang='lat' dir='ltr'>rebus</span> <span class='ocrx_word' id='word_1_274' title='bbox 2669 4285 2938 4358; x_wconf 88' lang='lat' dir='ltr'>solebat</span> <span class='ocrx_word' id='word_1_275' title='bbox 2994 4285 3387 4370; x_wconf 87' lang='lat' dir='ltr'>ostendere,</span> <span class='ocrx_word' id='word_1_276' title='bbox 3447 4283 3784 4375; x_wconf 86' lang='lat' dir='ltr'>Magister</span> <span class='ocrx_word' id='word_1_277' title='bbox 3835 4289 3912 4356; x_wconf 89' lang='lat' dir='ltr'>et</span> 
     </span>
     <span class='ocr_line' id='line_1_29' title="bbox 797 4402 3910 4498; baseline 0 -24"><span class='ocrx_word' id='word_1_278' title='bbox 797 4403 1133 4476; x_wconf 88' lang='lat' dir='ltr'>cruciferi</span> <span class='ocrx_word' id='word_1_279' title='bbox 1188 4403 1430 4491; x_wconf 76' lang='lat' dir='ltr'>veriti,</span> <span class='ocrx_word' id='word_1_280' title='bbox 1489 4403 1574 4476; x_wconf 91' lang='lat' dir='ltr'>ad</span> <span class='ocrx_word' id='word_1_281' title='bbox 1613 4405 1997 4476; x_wconf 84' lang='lat' dir='ltr'>cavendum</span> <span class='ocrx_word' id='word_1_282' title='bbox 2053 4410 2122 4476; x_wconf 89' lang='lat' dir='ltr'>et</span> <span class='ocrx_word' id='word_1_283' title='bbox 2158 4405 2639 4495; x_wconf 91' lang='lat' dir='ltr'>repellendum</span> <span class='ocrx_word' id='word_1_284' title='bbox 2693 4405 3107 4498; x_wconf 89' lang='lat' dir='ltr'>diligentius</span> <span class='ocrx_word' id='word_1_285' title='bbox 3145 4405 3296 4477; x_wconf 92' lang='lat' dir='ltr'>eius</span> <span class='ocrx_word' id='word_1_286' title='bbox 3334 4402 3663 4490; x_wconf 80' lang='lat' dir='ltr'>insidiaS,</span> <span class='ocrx_word' id='word_1_287' title='bbox 3707 4403 3910 4474; x_wconf 82' lang='lat' dir='ltr'>Hen-</span> 
     </span>
     <span class='ocr_line' id='line_1_30' title="bbox 796 4523 3910 4617; baseline -0 -23"><span class='ocrx_word' id='word_1_288' title='bbox 796 4524 1017 4596; x_wconf 89' lang='lat' dir='ltr'>ricum</span> <span class='ocrx_word' id='word_1_289' title='bbox 1075 4523 1513 4615; x_wconf 82' lang='lat' dir='ltr'>Plawyenski</span> <span class='ocrx_word' id='word_1_290' title='bbox 1546 4525 1607 4614; x_wconf 79' lang='grc'>9)</span> <span class='ocrx_word' id='word_1_291' title='bbox 1664 4525 2302 4598; x_wconf 88' lang='lat' dir='ltr'>commendatorem</span> <span class='ocrx_word' id='word_1_292' title='bbox 2359 4526 2872 4617; x_wconf 75' lang='lat' dir='ltr'>Swyeczensem</span> <span class='ocrx_word' id='word_1_293' title='bbox 2940 4546 3096 4597; x_wconf 88' lang='lat' dir='ltr'>cum</span> <span class='ocrx_word' id='word_1_294' title='bbox 3153 4525 3474 4597; x_wconf 88' lang='lat' dir='ltr'>omnibus</span> <span class='ocrx_word' id='word_1_295' title='bbox 3527 4523 3910 4596; x_wconf 86' lang='lat' dir='ltr'>districtus</span> 
     </span>
     <span class='ocr_line' id='line_1_31' title="bbox 800 4643 3906 4738; baseline -0.001 -22"><span class='ocrx_word' id='word_1_296' title='bbox 800 4643 1269 4734; x_wconf 75' lang='lat' dir='ltr'>Swyeczensis</span> <span class='ocrx_word' id='word_1_297' title='bbox 1323 4643 1675 4716; x_wconf 88' lang='lat' dir='ltr'>militibus</span> <span class='ocrx_word' id='word_1_298' title='bbox 1730 4646 1915 4735; x_wconf 88' lang='lat' dir='ltr'>apud</span> <span class='ocrx_word' id='word_1_299' title='bbox 1973 4645 2337 4738; x_wconf 79' lang='lat' dir='ltr'>Swyeczye</span> <span class='ocrx_word' id='word_1_300' title='bbox 2390 4646 2832 4738; x_wconf 86' lang='lat' dir='ltr'>relinquunt,</span> <span class='ocrx_word' id='word_1_301' title='bbox 2891 4644 3244 4718; x_wconf 89' lang='lat' dir='ltr'>adiunctis</span> <span class='ocrx_word' id='word_1_302' title='bbox 3291 4645 3500 4716; x_wconf 89' lang='lat' dir='ltr'>otiam</span> <span class='ocrx_word' id='word_1_303' title='bbox 3559 4643 3670 4715; x_wconf 90' lang='lat' dir='ltr'>illi</span> <span class='ocrx_word' id='word_1_304' title='bbox 3725 4663 3906 4714; x_wconf 90' lang='lat' dir='ltr'>non-</span> 
     </span>
     <span class='ocr_line' id='line_1_32' title="bbox 796 4763 3908 4858; baseline -0 -23"><span class='ocrx_word' id='word_1_305' title='bbox 796 4764 1017 4836; x_wconf 87' lang='lat' dir='ltr'>nullis</span> <span class='ocrx_word' id='word_1_306' title='bbox 1074 4763 1520 4837; x_wconf 88' lang='lat' dir='ltr'>mercenariis</span> <span class='ocrx_word' id='word_1_307' title='bbox 1576 4765 1957 4854; x_wconf 88' lang='lat' dir='ltr'>militibus,</span> <span class='ocrx_word' id='word_1_308' title='bbox 2015 4766 2445 4854; x_wconf 77' lang='lat' dir='ltr'>invasioneS,</span> <span class='ocrx_word' id='word_1_309' title='bbox 2504 4767 3127 4858; x_wconf 85' lang='lat' dir='ltr'>praedationesque</span> <span class='ocrx_word' id='word_1_310' title='bbox 3168 4764 3573 4856; x_wconf 78' lang='lat' dir='ltr'>Brzoglowy</span> <span class='ocrx_word' id='word_1_311' title='bbox 3611 4763 3702 4852; x_wconf 83' lang='lat'>¹⁰)</span> <span class='ocrx_word' id='word_1_312' title='bbox 3739 4784 3908 4854; x_wconf 93' lang='lat' dir='ltr'>pro-</span> 
     </span>
     <span class='ocr_line' id='line_1_33' title="bbox 796 4883 3906 4979; baseline -0 -23"><span class='ocrx_word' id='word_1_313' title='bbox 796 4885 1161 4970; x_wconf 70' lang='lat' dir='ltr'>bibituris,</span> <span class='ocrx_word' id='word_1_314' title='bbox 1222 4883 1550 4977; x_wconf 88' lang='lat' dir='ltr'>qnoniam</span> <span class='ocrx_word' id='word_1_315' title='bbox 1588 4891 1829 4976; x_wconf 86' lang='lat' dir='ltr'>aperta</span> <span class='ocrx_word' id='word_1_316' title='bbox 1867 4887 1939 4958; x_wconf 86' lang='lat' dir='ltr'>vi</span> <span class='ocrx_word' id='word_1_317' title='bbox 1988 4887 2171 4959; x_wconf 89' lang='lat' dir='ltr'>nihil</span> <span class='ocrx_word' id='word_1_318' title='bbox 2211 4887 2584 4979; x_wconf 89' lang='lat' dir='ltr'>quicquam</span> <span class='ocrx_word' id='word_1_319' title='bbox 2625 4909 2959 4960; x_wconf 86' lang='lat' dir='ltr'>ausurum</span> <span class='ocrx_word' id='word_1_320' title='bbox 2995 4884 3362 4978; x_wconf 88' lang='lat' dir='ltr'>putabant.</span> <span class='ocrx_word' id='word_1_321' title='bbox 3421 4883 3631 4955; x_wconf 84' lang='lat' dir='ltr'>Feria</span> <span class='ocrx_word' id='word_1_322' title='bbox 3667 4887 3906 4970; x_wconf 80' lang='lat' dir='ltr'>sexta,</span> 
     </span>
    </p>
   </div>
   <div class='ocr_carea' id='block_1_7' title="bbox 800 5189 3912 5584">
    <p class='ocr_par' dir='ltr' id='par_1_7' title="bbox 800 5189 3912 5584">
     <span class='ocr_line' id='line_1_34' title="bbox 1014 5189 3908 5274; baseline -0.001 -20"><span class='ocrx_word' id='word_1_323' title='bbox 1014 5193 1057 5274; x_wconf 89' lang='lat'>¹)</span> <span class='ocrx_word' id='word_1_324' title='bbox 1106 5195 1266 5255; x_wconf 84' lang='lat' dir='ltr'>heris</span> <span class='ocrx_word' id='word_1_325' title='bbox 1315 5191 1467 5259; x_wconf 81' lang='lat' dir='ltr'>Cod.</span> <span class='ocrx_word' id='word_1_326' title='bbox 1518 5190 1695 5258; x_wconf 82' lang='lat' dir='ltr'>Calv.</span> <span class='ocrx_word' id='word_1_327' title='bbox 1745 5192 1796 5272; x_wconf 83' lang='lat'>²)</span> <span class='ocrx_word' id='word_1_328' title='bbox 1842 5195 2045 5254; x_wconf 84' lang='lat' dir='ltr'>refers.</span> <span class='ocrx_word' id='word_1_329' title='bbox 2097 5190 2250 5256; x_wconf 75' lang='lat' dir='ltr'>God.</span> <span class='ocrx_word' id='word_1_330' title='bbox 2297 5191 2488 5255; x_wconf 80' lang='lat' dir='ltr'>Rozr.</span> <span class='ocrx_word' id='word_1_331' title='bbox 2558 5192 2609 5273; x_wconf 84' lang='lat'>³)</span> <span class='ocrx_word' id='word_1_332' title='bbox 2654 5195 3057 5270; x_wconf 84' lang='lat' dir='ltr'>Brzozoglowi</span> <span class='ocrx_word' id='word_1_333' title='bbox 3109 5189 3260 5258; x_wconf 79' lang='lat' dir='ltr'><strong><em>God.</em></strong></span> <span class='ocrx_word' id='word_1_334' title='bbox 3305 5191 3498 5254; x_wconf 78' lang='lat' dir='ltr'>Rozr.</span> <span class='ocrx_word' id='word_1_335' title='bbox 3548 5190 3602 5262; x_wconf 77' lang='lat'>⁴)</span> <span class='ocrx_word' id='word_1_336' title='bbox 3649 5193 3711 5251; x_wconf 87' lang='lat' dir='ltr'>in</span> <span class='ocrx_word' id='word_1_337' title='bbox 3759 5192 3908 5252; x_wconf 84' lang='lat' dir='ltr'>cru-</span> 
     </span>
     <span class='ocr_line' id='line_1_35' title="bbox 800 5291 3910 5379; baseline -0 -22"><span class='ocrx_word' id='word_1_338' title='bbox 800 5297 1012 5357; x_wconf 85' lang='lat' dir='ltr'>ciferos</span> <span class='ocrx_word' id='word_1_339' title='bbox 1056 5303 1117 5358; x_wconf 86' lang='lat' dir='ltr'>et</span> <span class='ocrx_word' id='word_1_340' title='bbox 1162 5317 1361 5356; x_wconf 86' lang='lat' dir='ltr'>eorum</span> <span class='ocrx_word' id='word_1_341' title='bbox 1419 5303 1629 5374; x_wconf 85' lang='lat' dir='ltr'>gentes</span> <span class='ocrx_word' id='word_1_342' title='bbox 1688 5294 1813 5357; x_wconf 80' lang='lat' dir='ltr'>Ed.</span> <span class='ocrx_word' id='word_1_343' title='bbox 1860 5295 2041 5379; x_wconf 77' lang='lat' dir='ltr'>Lips.</span> <span class='ocrx_word' id='word_1_344' title='bbox 2114 5297 2165 5376; x_wconf 82' lang='lat'>⁵)</span> <span class='ocrx_word' id='word_1_345' title='bbox 2214 5299 2492 5357; x_wconf 81' lang='lat' dir='ltr'>Swieczie</span> <span class='ocrx_word' id='word_1_346' title='bbox 2557 5291 2706 5356; x_wconf 81' lang='lat' dir='ltr'><em>Cod.</em></span> <span class='ocrx_word' id='word_1_347' title='bbox 2755 5295 2929 5356; x_wconf 78' lang='lat' dir='ltr'>Kost.</span> <span class='ocrx_word' id='word_1_348' title='bbox 3001 5295 3058 5377; x_wconf 83' lang='lat'>⁶)</span> <span class='ocrx_word' id='word_1_349' title='bbox 3102 5297 3488 5372; x_wconf 72' lang='lat' dir='ltr'>Brzozglowy</span> <span class='ocrx_word' id='word_1_350' title='bbox 3547 5292 3671 5355; x_wconf 74' lang='lat' dir='ltr'>Ed.</span> <span class='ocrx_word' id='word_1_351' title='bbox 3720 5293 3910 5377; x_wconf 79' lang='lat' dir='ltr'>Lips.</span> 
     </span>
     <span class='ocr_line' id='line_1_36' title="bbox 804 5395 3912 5480; baseline -0.001 -20"><span class='ocrx_word' id='word_1_352' title='bbox 804 5399 853 5478; x_wconf 79' lang='lat'>⁷)</span> <span class='ocrx_word' id='word_1_353' title='bbox 885 5402 1185 5476; x_wconf 84' lang='lat' dir='ltr'>portendit</span> <span class='ocrx_word' id='word_1_354' title='bbox 1232 5396 1381 5460; x_wconf 66' lang='lat' dir='ltr'>(lod.</span> <span class='ocrx_word' id='word_1_355' title='bbox 1416 5399 1591 5462; x_wconf 79' lang='lat' dir='ltr'>Kost.</span> <span class='ocrx_word' id='word_1_356' title='bbox 1642 5399 1695 5479; x_wconf 78' lang='grc'>8)</span> <span class='ocrx_word' id='word_1_357' title='bbox 1726 5401 2126 5476; x_wconf 81' lang='lat' dir='ltr'>Brzozoglowi</span> <span class='ocrx_word' id='word_1_358' title='bbox 2170 5396 2320 5460; x_wconf 79' lang='lat' dir='ltr'>Cod.</span> <span class='ocrx_word' id='word_1_359' title='bbox 2355 5397 2544 5460; x_wconf 81' lang='lat' dir='ltr'>Rozr.</span> <span class='ocrx_word' id='word_1_360' title='bbox 2595 5398 2649 5480; x_wconf 77' lang='lat'>⁹)</span> <span class='ocrx_word' id='word_1_361' title='bbox 2681 5400 3038 5459; x_wconf 77' lang='lat' dir='ltr'>Plawienski</span> <span class='ocrx_word' id='word_1_362' title='bbox 3075 5395 3226 5459; x_wconf 77' lang='lat' dir='ltr'>Cod.</span> <span class='ocrx_word' id='word_1_363' title='bbox 3259 5395 3434 5459; x_wconf 81' lang='lat' dir='ltr'>Kost.</span> <span class='ocrx_word' id='word_1_364' title='bbox 3467 5399 3608 5476; x_wconf 74' lang='lat' dir='ltr'>(von</span> <span class='ocrx_word' id='word_1_365' title='bbox 3653 5399 3912 5476; x_wconf 80' lang='lat' dir='ltr'>Planen)</span> 
     </span>
     <span class='ocr_line' id='line_1_37' title="bbox 809 5499 1773 5584; baseline 0.002 -22"><span class='ocrx_word' id='word_1_366' title='bbox 809 5503 883 5584; x_wconf 86' lang='lat'>¹⁰)</span> <span class='ocrx_word' id='word_1_367' title='bbox 933 5505 1333 5579; x_wconf 82' lang='lat' dir='ltr'>Brzozoglowi</span> <span class='ocrx_word' id='word_1_368' title='bbox 1385 5499 1535 5564; x_wconf 79' lang='lat' dir='ltr'>Cod.</span> <span class='ocrx_word' id='word_1_369' title='bbox 1583 5500 1773 5564; x_wconf 77' lang='lat' dir='ltr'>Rozr.</span> 
     </span>
    </p>
   </div>
  </div>
 </body>
</html>
