4342 6384
899 565 1045 637 726
2047 588 2276 641 numu
2327 587 2839 641 Duonncmus.
3408 563 3543 664 (Α.
3583 563 3678 637 D.
3743 562 4006 663 1444.)

890 772 1225 864 proditiS,
1294 778 1365 847 et
1427 774 1512 845 de
1565 774 2034 864 protrahenda
2098 772 2248 845 vita
2309 794 2435 865 per
2489 774 2727 866 fugam
2790 772 3326 865 ignominiosam
3381 771 3726 864 cogitare,
3789 771 3998 845 cuius

892 914 1099 965 usum
1164 893 1352 965 omni
1415 897 1635 966 morte
1705 898 1868 985 post
1932 894 2166 985 fugam
2233 892 2444 966 sciret
2507 893 2955 982 amariorem;
3028 893 3544 984 inexploratum
3583 893 3641 982 ¹)
3695 892 3998 979 habens,

895 1032 986 1084 an
1038 1004 1252 1086 etiam
1305 1034 1429 1104 per
1462 1014 1701 1105 fugam
1758 1034 2095 1086 evasurus
2142 1012 2238 1084 sit
2293 1017 2362 1085 et
2415 1016 2576 1104 po'st
2613 1013 3008 1087 evasionem
3063 1012 3152 1084 ad
3187 1012 3568 1085 crastinum
3626 1011 3998 1098 victurus3

892 1152 1019 1223 pro
1075 1137 1425 1223 comperto
1480 1135 1769 1221 habene,
1827 1138 2365 1225 quantacunque
2421 1133 2811 1205 animorum
2863 1131 3257 1205 accessione
3311 1132 3538 1204 labem
3591 1130 4000 1223 praesentis

896 1252 1100 1343 fugae
1160 1273 1300 1324 non
1354 1273 1559 1344 posse
1622 1252 1893 1347 detergi
1922 1252 2019 1343 2);
2093 1272 2219 1325 nec
2282 1274 2435 1327 esse
2489 1252 2878 1326 honestatis
2941 1252 3174 1345 regiae
3228 1256 3296 1326 et
3349 1250 3630 1325 vincere
3683 1253 3878 1324 velle
3931 1258 4004 1323 et

897 1372 1169 1462 fugere,
1230 1375 1300 1444 et
1356 1372 1678 1464 quamvis
1734 1376 1999 1446 certum
2055 1372 2433 1447 discrimen
2485 1373 2730 1445 adesse
2767 1372 3035 1460 videat,
3093 1393 3492 1444 mansurum
3524 1369 3586 1459 ³)
3643 1370 3894 1463 potius
3929 1378 4002 1444 et

896 1489 1273 1582 gloriosam
1328 1492 1805 1584 oppetiturum
1834 1494 1897 1583 ⁴)
1952 1496 2280 1581 mortem,
2339 1512 2550 1584 quam
2603 1491 2953 1566 militibus
3010 1491 3158 1564 suis
3212 1492 3544 1584 proditis,
3601 1491 3680 1562 in
3719 1496 4004 1585 turpem

898 1610 1131 1700 fugam
1188 1608 1652 1703 dilapsurum.

983 2093 1372 2165 wladislaus
1417 2092 1557 2166 λοι
1600 2094 1954 2165 fortissime
1998 2098 2231 2168 centn
2274 2095 2508 2167 'l'urcos
2552 2097 2898 2185 pugnando
2916 2151 2933 2182 ,
2980 2112 3122 2168 cum
3165 2095 3486 2185 plerisque
3529 2094 3918 2167 Polouonn

1575 2215 1877 2287 heroibus
1922 2215 2241 2303 occubuit,
2290 2214 2607 2304 nungaris
2647 2216 2717 2287 in
2763 2215 2982 2304 fugam
3025 2214 3318 2304 dilapsis.

1109 2454 1267 2526 Rex
1320 2453 1653 2545 denique,
1714 2474 1918 2545 quem
1972 2454 2225 2528 Poloni
2281 2454 2393 2527 sui
2446 2454 2816 2527 fortissimi
2870 2456 3152 2547 quidem
3215 2476 3296 2527 ac
3346 2453 3668 2528 bellicosi
3727 2454 4006 2527 milites

902 2593 1208 2665 unquam
1263 2572 1752 2662 deseruerunt,
1809 2594 2031 2666 usque
2068 2574 2156 2645 ad
2193 2575 2679 2665 crepusculum
2717 2576 2942 2647 noctis
2980 2597 3138 2648 cum
3175 2574 3494 2647 hostibus
3531 2574 3886 2647 militavit
3915 2574 4004 2663 5),

902 2714 1076 2785 quos
1132 2692 1411 2766 circiter
1438 2694 1500 2782 θ)
1564 2693 1799 2767 decem
1864 2693 2093 2766 millia
2153 2715 2488 2787 passuum
2553 2715 2594 2766 a
2647 2696 2938 2768 castello
2994 2694 3287 2781 Warna,
3353 2693 3535 2766 unde
3601 2692 4002 2767 discessum

904 2812 1071 2901 fuit,
1130 2817 1237 2886 est
1290 2813 1651 2885 insecutus
1677 2867 1694 2901 ‚
1752 2813 2137 2905 Teucrique
2168 2814 2230 2904 ⁷)
2293 2814 2434 2905 ipsi
2497 2836 2538 2886 a
2591 2813 2782 2907 Rege
2847 2814 2923 2888 in
2977 2816 3215 2908 fugam
3275 2812 3594 2916 conversi
3657 2818 3868 2901 sunt,
3937 2820 4008 2887 et

904 2931 1200 3025 triginta
1252 2932 1571 3005 millibus
1623 2954 1962 3025 passuum
2014 2936 2586 3007 retrocesserunt.
2664 2934 2862 3006 Situs
2915 2937 3150 3005 autem
3211 2932 3366 3005 Rex
3427 2931 3876 3006 Wladislaus
3933 2934 4006 3005 in

906 3052 1393 3126 dimicantium
1428 3052 1678 3143 medio,
1720 3054 2081 3126 orantibus
2116 3053 2507 3146 plerisque,
2547 3074 2634 3127 ne
2672 3075 2746 3127 se
2783 3052 3226 3127 evidentibus
3263 3051 3586 3125 misceret
3629 3052 4004 3144 pericuIiS,

906 3176 1117 3264 atque
1172 3172 1485 3245 exercitu
1539 3173 1877 3265 disperSO,
1938 3194 2279 3245 summam
2333 3172 2630 3265 periculi
2685 3173 2879 3245 solus
2936 3171 3234 3261 subiret,
3291 3192 3417 3244 suo
3461 3172 3779 3265 periculo
3839 3194 4002 3263 per·

906 3291 1159 3365 niciem
1214 3292 1569 3366 universis
1625 3293 2050 3367 orthodoxae
2094 3292 2262 3365 fidei
2315 3294 2706 3367 cultoribus
2761 3293 3095 3365 illaturus
3125 3292 3214 3382 8),
3271 3312 3410 3364 non
3447 3291 3836 3383 acquievit,
3883 3293 4007 3365 sed

907 3412 1207 3487 militiae
1260 3414 1469 3488 decus
1525 3434 1957 3505 praeponens
2014 3413 2232 3486 saluti
2296 3418 2366 3485 et
2418 3413 2795 3506 gloriosam
2861 3417 3153 3485 mortem
3215 3411 3403 3484 vitae
3459 3412 3866 3503 opprobrio,
3929 3412 4002 3484 in

906 3533 1465 3607 consertissimos
1519 3535 1759 3607 hostes
1814 3555 1973 3606 cum
2010 3534 2285 3626 agmine
2321 3533 2629 3606 militum
2685 3554 2758 3606 se
2795 3532 3227 3620 immiscens,
3284 3531 3642 3623 aliquanto
3679 3538 4002 3624 tempore

906 3654 1289 3727 fortissime
1341 3653 1715 3748 pugnavit,
1784 3654 1999 3726 donec
2054 3652 2277 3745 magis
2342 3674 2422 3725 ac
2485 3652 2708 3746 magis
2773 3652 3304 3725 infundentibus
3368 3672 3444 3723 se
3497 3651 3781 3737 Turci8‚
3839 3672 4000 3724 cum

911 3773 1059 3847 suis
1117 3776 1489 3847 conclusus
1522 3774 1609 3864 ⁹),
1666 3773 2106 3865 magnificam
2162 3778 2454 3845 mortem
2509 3772 2836 3865 oppetiit,
2895 3772 3142 3844 damno
3181 3772 3294 3844 sui
3347 3770 3652 3862 corporis
3707 3774 3780 3844 et
3815 3772 3997 3846 chri-

909 3893 1179 3967 stianae
1234 3893 1696 3985 reipublicae
1752 3902 1821 3967 et
1874 3894 2115 3986 Regno
2172 3893 2502 3967 Polonico
2543 3894 2632 3984 ¹⁰)
2687 3893 2958 3986 ingenti
2995 3893 3266 3965 iactura
3318 3896 3389 3965 et
3424 3892 3744 3979 vulnere,
3785 3913 3996 3963 manu

908 4013 1061 4105 ipse
1114 4013 1361 4085 hostili
1436 4034 1809 4105 oppressus
1883 4017 1951 4085 et
2006 4013 2504 4105 interemptuS,
2579 4013 2789 4086 victis
2843 4013 3014 4101 iam,
3079 4011 3590 4102 debellatisque
3641 4010 3992 4099 hostibus,

907 4154 1131 4224 neque
1193 4132 1331 4205 sibi
1392 4134 1614 4205 ullam
1687 4134 1997 4205 futuram
2075 4135 2377 4205 salutem
2451 4134 2928 4225 sperantibus,
3003 4133 3428 4225 insperatam
3501 4136 3572 4203 et
3643 4131 3994 4203 illustrem

906 4252 1273 4326 victoriam
1346 4253 1691 4344 praebuit.
1777 4252 2107 4326 Hostium
2183 4252 2529 4344 siquidem
2598 4252 3054 4325 multitudine
3125 4251 3434 4344 undique
3503 4251 3991 4337 circumactus,

906 4374 1147 4446 cedere
1200 4371 1450 4464 pudori
1502 4373 1795 4461 ducenS,
1854 4372 2366 4467 refugientibus
2421 4378 2490 4446 et
2546 4394 2619 4446 se
2673 4372 3152 4445 deserentibus
3207 4372 3518 4444 Iohanne
3572 4370 3658 4443 de
3713 4370 3996 4442 Huniad

908 4497 979 4565 et
1031 4492 1422 4584 HungariS,
1478 4492 1821 4584 praelium
1877 4499 2140 4585 quanta
2195 4493 2269 4565 vi
2321 4498 2596 4584 poterat
2648 4512 3039 4581 resumens,
3105 4491 3354 4563 multis
3409 4489 3663 4578 caesis,
3725 4496 3794 4562 et
3845 4490 3996 4581 ipse

908 4611 1190 4683 tandem
1246 4632 1401 4685 cum
1459 4612 1779 4686 omnibus
1834 4614 2257 4685 Polonorum
2312 4612 2695 4701 militibus,
2751 4611 3100 4704 propriam
3139 4615 3432 4683 mortem
3485 4610 3996 4683 animosissime

909 4732 1138 4819 ultuS,
1180 4731 1527 4805 occubuit.
1584 4733 1806 4805 Deum
1845 4732 2190 4825 siquidem
2229 4754 2396 4805 suae
2432 4731 2838 4805 necessitati
2877 4731 2965 4808 ¹¹)
3005 4732 3278 4820 adesse,
3317 4729 3440 4803 ubi
3475 4729 3783 4821 amplius
3821 4728 3994 4801 nihil

910 4850 1205 4925 consilio
1260 4850 1737 4932 administrari
1791 4857 2099 4945 poterat,
2156 4852 2541 4941 confidens,
2599 4852 2798 4925 illam
2838 4850 2926 4941 12)
2983 4850 3226 4925 solerti
3281 4848 3574 4923 consilio
3631 4848 3997 4920 transtulit

1124 5158 1169 5238 ¹)
1213 5161 1497 5221 incertum
1549 5155 1700 5222 C'od.
1746 5155 1921 5221 Kost.
1996 5155 2051 5238 Ω)
2098 5159 2281 5220 deleri
2326 5154 2452 5220 Ed.
2500 5155 2680 5240 Lips.
2753 5156 2802 5237 3)
2847 5158 3199 5219 manendum
3248 5152 3400 5219 Cod.
3445 5152 3624 5217 Kost.
3681 5154 3735 5235 ⁴)
3780 5156 3992 5232 oppeti-

908 5269 1075 5325 tnrus
1122 5258 1276 5325 Cael.
1324 5260 1501 5325 Kost.
1550 5260 1605 5341 ⁶)
1654 5264 1957 5324 dimicavit
2002 5258 2156 5325 Cod.
2203 5258 2380 5324 Kost.
2429 5259 2482 5341 ὅ)
2531 5262 2763 5323 circiter
2807 5261 2965 5322 circa
3007 5258 3133 5322 Ed.
3169 5258 3347 5343 Lips.
3397 5256 3447 5337 ⁷)
3495 5260 3800 5335 Turciquc
3848 5254 3989 5320 God-

912 5364 1044 5427 Lis.
1122 5364 1173 5444 ει)
1222 5368 1507 5427 allaturus
1572 5361 1724 5428 C'od.
1773 5363 1951 5428 Kost.
2029 5363 2085 5444 ⁹)
2130 5366 2401 5427 occlusus
2466 5361 2616 5427 God.
2663 5362 2838 5427 Kost.
2924 5361 3002 5443 ¹⁰)
3047 5364 3237 5441 Regni
3281 5363 3545 5423 Polonici
3610 5357 3764 5424 Cod.
3821 5358 3986 5423 Kese.

922 5467 1001 5548 ¹¹)
1044 5470 1338 5530 maiestati
1379 5467 1507 5530 Ed.
1551 5466 1735 5551 Dipo.
1801 5465 1879 5541 ις”)
1926 5470 2032 5529 illa
2080 5463 2232 5530 Cod.
2277 5464 2454 5530 Koet.
2577 5516 2581 5521 .
