4342 6384
848 534 995 609 702
1830 619 1835 623 ,
2019 558 2246 617 mun
2297 558 2808 621 nuonncnms.
3379 536 3516 638 (Α.
3553 538 3647 615 Β.
3685 536 3962 637 1⁴⁴4)

846 739 1137 814 tiatione
1192 741 1667 833 quorumlibet
1729 745 2116 817 castrorum
2181 748 2252 817 et
2313 748 2660 819 terrarum
2722 744 3044 837 componi
3105 746 3420 836 deberet,
3494 746 3570 820 in
3623 746 3952 819 animum

841 859 1157 947 induxit,
1232 882 1319 935 ne
1380 866 1455 935 et
1516 863 2009 955 Hungarorum
2073 868 2145 936 et
2208 864 2706 943 Thartarorum
2767 866 3088 941 terrestri
3149 866 3464 945 exercitu
3481 922 3500 953 ,
3573 868 3952 958 classeque

838 979 1183 1052 Italorum
1253 981 1563 1075 undique
1632 981 2187 1071 circumventuS,
2263 983 2476 1057 simul
2538 1005 2695 1058 cum
2767 986 3124 1076 omnibus,
3201 984 3475 1061 viribus
3546 984 3946 1074 distractis,

840 1103 1203 1193 cogeretur
1257 1101 1645 1175 decernere.
1719 1104 1808 1175 In
1864 1124 2101 1177 omnes
2157 1102 2396 1196 itaque
2449 1105 2890 1179 conditiones
2945 1126 3068 1198 per
3120 1105 3497 1199 Georgium
3552 1107 3948 1198 Despotum

838 1219 1137 1293 Rasoiae
1192 1224 1265 1293 et
1316 1221 1701 1295 Iohannem
1740 1222 2231 1315 Woyewodam
2267 1223 2437 1313 sibi,
2497 1224 2818 1317 quamvis
2859 1223 3250 1299 wladislao
3304 1224 3738 1315 inconsulto,
3778 1246 3944 1317 pro-

839 1338 1111 1431 positas
1164 1340 1354 1413 ultro
1410 1341 1782 1415 consentit.
1858 1341 2277 1435 Woyewoda
2327 1344 2396 1417 N
2399 1344 2656 1419 atoliae
2709 1349 2792 1419 ut
2847 1345 3169 1422 celeriter
3227 1367 3272 1417 a
3325 1344 3742 1437 captivitate
3797 1346 3944 1417 sol·

839 1463 1143 1549 veretur,
1200 1481 1341 1533 non
1392 1481 1687 1552 parvum
1742 1467 1892 1535 erat
1946 1462 2230 1555 utrique
2284 1462 2471 1557 parti
2523 1485 2764 1555 pacem
2817 1464 3174 1544 aestuanti
3225 1463 3708 1540 adiumentum
3735 1522 3756 1553 ‚
3813 1464 3946 1557 qui

840 1579 1053 1655 etiam
1108 1584 1271 1654 ante
1330 1602 1573 1673 pacem
1642 1583 2027 1657 confectam
2066 1584 2145 1673 ¹),
2221 1584 2672 1677 septuaginta
2737 1585 3058 1661 millibus
3120 1584 3538 1657 florenorum
3609 1606 3652 1657 a
3711 1586 3944 1659 Turco

836 1699 1271 1791 redemptus,
1334 1699 1413 1773 in
1465 1700 1866 1775 libertatem
1930 1701 2342 1777 vendicatus
2407 1708 2538 1777 est.
2623 1703 2891 1779 Certior
2945 1704 3383 1782 wladislaus
3437 1705 3594 1779 Rex
3658 1705 3743 1777 de
3795 1704 3940 1793 hia,

839 1840 1015 1912 quae
1086 1840 1213 1911 per
1272 1821 1657 1913 Despotum
1724 1821 2100 1915 Georgium
2175 1827 2246 1897 et
2310 1822 2797 1915 Woyewodam
2828 1822 2891 1914 2)
2963 1846 3124 1905 cum
3195 1826 3574 1897 Turcorum
3647 1824 3941 1898 Caesare

835 1943 1043 2031 pacta
1096 1944 1324 2029 erant,
1378 1962 1503 2033 per
1554 1942 1841 2017 nuntios
1909 1947 1983 2015 et
2034 1942 2279 2017 literas
2337 1944 2597 2032 factae,
2653 1948 2942 2038 rogatur
2995 1949 3077 2019 ut
3131 1944 3560 2037 Segedinum
3612 1943 3938 2036 proxima

837 2058 950 2133 die
1006 2059 1313 2152 Augusti
1367 2061 1772 2152 descendat,
1812 2063 2195 2137 Tuscorum
2233 2064 2548 2137 Caesaris
2603 2064 2892 2138 nuntios
2936 2064 3091 2139 illic
3145 2065 3232 2141 ad
3267 2084 3508 2157 pacem
3563 2063 3936 2155 petendam

839 2183 1210 2269 venturos,
1264 2179 1661 2255 auditurus,
1693 2236 1731 2267 .

951 2541 1343 2615 'ladislaus
1384 2543 1524 2617 Rex
1568 2545 1650 2616 de
1696 2542 1966 2615 canalio
2011 2544 2354 2633 primorum
2395 2544 2600 2634 Regni
2651 2544 3012 2634 utriunque,
3059 2545 3498 2623 annuntiis
3541 2544 3839 2617 ῦιοιιήι

1334 2663 1671 2737 umorum
1715 2681 1939 2754 pacem
1981 2664 2051 2737 in
2097 2664 2479 2737 decennium
2521 2666 2651 2737 init
2694 2667 2766 2737 et
2807 2665 3172 2770 iuramento
3215 2666 3450 2747 amat.

1042 2920 1261 2994 Laeta
1316 2924 1467 2993 erat
1520 2923 1663 2991 tam
1718 2917 2111 2993 Wladislao
2164 2918 2348 3012 Regi
2411 2938 2622 3011 quam
2683 2917 3036 2993 universis
3090 2918 3452 3013 Hungaris
3505 2921 3680 2994 haec
3733 2919 3926 3017 nogi-

836 3044 982 3111 tas:
1040 3040 1267 3113 multa
1296 3036 1359 3127 ³)
1414 3038 1600 3114 enim
1636 3042 1993 3113 transacta
2028 3042 2229 3111 erant
2281 3039 2594 3127 saecula,
2651 3038 2909 3131 quibus
2963 3038 3285 3133 Hungari
3337 3062 3380 3113 a
3415 3038 3662 3121 Turcis
3697 3046 3932 3130 petere

836 3179 1108 3251 pacem,
1164 3179 1303 3231 non
1340 3158 1529 3247 dare,
1586 3162 2125 3248 consueverant,
2185 3162 2258 3233 et
2309 3162 2618 3233 monstro
2674 3158 2934 3233 similis
2985 3159 3266 3233 novitas
3319 3160 3476 3252 ipsa
3527 3162 3928 3252 putabatur.

836 3279 1101 3370 Legato
1156 3277 1511 3353 Cardinali
1564 3278 1843 3352 Iuliano
1898 3279 2083 3353 alius
2138 3284 2290 3353 erat
2343 3278 2652 3353 animus:
2709 3300 2873 3351 nam
2927 3278 3329 3353 conturbari
3381 3286 3456 3354 et
3489 3281 3932 3354 vehementer

836 3396 1113 3493 anxiari
1174 3419 1265 3473 ex
1318 3397 1724 3473 huius-modi
1786 3398 2101 3473 novitate
2164 3398 2426 3491 coepit,
2501 3398 2770 3473 veritus
2832 3420 2920 3473 ne
2983 3398 3146 3473 fidei
3209 3400 3490 3492 negotia
3518 3401 3582 3489 ⁴)
3645 3404 3720 3473 et
3773 3422 3930 3492 spes

836 3538 1013 3610 pene
1068 3524 1259 3593 certa
1312 3517 1753 3593 liberationis
1806 3519 2125 3610 Europae
2178 3518 2567 3593 reciderent
2595 3518 2658 3608 ⁵)
2723 3518 2800 3593 in
2851 3518 3166 3608 irritum,
3239 3540 3322 3593 ac
3373 3520 3558 3612 ipse,
3616 3520 3741 3611 qui
3791 3521 3926 3593 Eu·

832 3637 1117 3731 genium
1184 3640 1443 3730 Papam
1462 3694 1480 3727 ,
1556 3640 1821 3713 Ducem
1886 3637 2370 3731 Burgundiae‚
2447 3636 2752 3713 Venetos
2769 3694 2786 3727 ,
2859 3638 3244 3713 Ianuenses
3273 3640 3366 3729 θ),
3437 3640 3736 3719 classem
3805 3661 3925 3732 pro

836 3756 1291 3832 custodiendo
1346 3743 1609 3831 S'tricto
1683 3758 2096 3832 mittendam
2169 3758 2582 3850 impulerat,
2655 3757 2997 3831 mendacii
3069 3757 3621 3848 insimularetur,
3695 3765 3767 3832 et
3825 3764 3928 3831 tot

836 3877 1223 3970 impensae,
1280 3882 1390 3950 tot
1424 3878 1699 3952 labores
1754 3878 1846 3952 iri
1897 3878 2252 3970 perditum
2289 3877 2711 3951 dolerentur.
2769 3878 2962 3951 Itum
3007 3876 3246 3970 itaque
3277 3879 3339 3967 ⁷)
3395 3877 3469 3951 in
3505 3878 3924 3971 Segedinum

838 4002 977 4087 est,
1034 4003 1105 4072 et
1141 3996 1603 4071 nihilominus
1641 3997 1831 4079 omni
1886 3997 2230 4073 exercitui
2265 3997 2354 4070 ad
2388 3998 2654 4071 bellum
2691 4002 3110 4089 comparato,
3167 3997 3603 4087 mandatum,
3661 4004 3745 4071 ut
3776 3998 3927 4071 illic

838 4117 1271 4207 conveniret,
1327 4138 1497 4210 pace
1550 4117 1813 4191 infecta
1866 4116 2119 4191 exinde
2172 4116 2470 4191 celerius
2527 4116 2600 4189 in
2651 4118 2890 4191 hostes
2945 4118 3408 4205 transiturus,
3461 4118 3668 4197 cuius
3721 4118 3926 4191 etiam

834 4238 1305 4331 praesentiam
1356 4239 1669 4311 conferre
1732 4239 2035 4311 multum
2088 4237 2434 4330 putabant
2495 4238 2584 4311 ad
2636 4257 2877 4330 pacem
2940 4241 3138 4310 tanto
3195 4237 3642 4330 aequioribus
3695 4236 3922 4311 condi·

837 4356 1150 4431 tionibus
1204 4357 1781 4449 componendam,
1838 4362 2101 4449 quanto
2154 4356 2508 4431 exercitus
2561 4357 2996 4431 numerosior
3049 4361 3260 4449 atque
3311 4357 3624 4449 paratior
3675 4378 3720 4429 a
3754 4358 3921 4430 Tur·

835 4496 1072 4551 corum
1125 4476 1397 4550 nuntiis
1449 4478 1626 4550 illuc
1678 4476 2001 4551 venturis
2054 4476 2752 4551 animadverteretur.
2811 4475 3205 4549 Wladislao
3260 4478 3452 4569 Rege
3505 4480 3718 4567 atque
3769 4476 3924 4550 Car-

840 4595 1063 4669 dinali
1117 4596 1398 4669 Iuliano
1453 4596 1595 4671 iam
1650 4596 1725 4670 in
1779 4596 2121 4689 Segedino
2179 4600 2458 4689 agente,
2515 4599 2858 4671 venerunt
2895 4595 3212 4670 Caesaris
3247 4598 3624 4675 Turcorum
3661 4595 3924 4669 nuntii:

841 4716 1148 4790 Graecus
1200 4736 1454 4809 genere
1508 4721 1658 4790 erat
1712 4720 1783 4789 et
1836 4715 2151 4789 Caesaris
2207 4714 2673 4789 cancellarius
2691 4771 2707 4803 ,
2784 4721 3112 4809 renegata
3163 4717 3300 4790 fide
3351 4716 3728 4805 catholica,
3783 4716 3925 4787 Ma·

837 4835 1103 4908 hometi
1156 4840 1419 4909 sectam
1472 4837 1831 4928 professus
1848 4890 1867 4925 ,
1933 4834 2312 4928 legationis
2365 4834 2724 4928 princeps,
2791 4835 3049 4910 caeteri
3103 4856 3340 4909 omnes
3395 4835 3604 4909 Turci
3655 4840 3928 4910 centum

840 4977 1175 5047 equorum
1228 4976 1597 5031 numerum
1652 4957 2053 5049 explebant.
2110 4953 2210 5027 Hi
2264 4954 2352 5027 ad
2388 4954 2761 5055 consilium
2814 4954 3085 5047 regium
3140 4954 3555 5043 introducti,
3611 4975 3926 5046 praesen-

1052 5245 1099 5326 1)
1148 5248 1324 5309 etiam
1367 5264 1516 5323 pace
1560 5246 1827 5309 confecta
1868 5242 1997 5308 Ed.
2029 5241 2211 5328 Lipae.
2259 5242 2312 5323 ²)
2357 5244 2676 5307 Iohannem
2709 5245 3111 5307 Woiewodam
3161 5240 3314 5307 Cod.
3337 5240 3472 5315 Lis.
3521 5240 3575 5322 3)
3619 5244 3780 5304 nulla
3808 5239 3928 5304 Ed.

838 5346 1021 5434 Lipa.
1090 5347 1144 5427 4)
1191 5351 1493 5512 neLgotium
1540 5345 1693 5413 Cod.
1738 5346 1917 5415 Koat.
1996 5346 2048 5429 ⁵)
2096 5347 2320 5412 rediret
2361 5344 2491 5411 Ed.
2539 5342 2720 5431 In'pa.
2781 5345 2835 5428 ⁸)
2885 5346 3233 5411 Genuonses
3283 5344 3413 5418 Ed.
3459 5342 3642 5429 Lipa.
3712 5343 3768 5425 ⁷)
3809 5346 3926 5405 Iam

840 5454 1043 5533 itaqne
1086 5449 1215 5515 Ed.
1304 5458 1429 5535 ips.
1478 5502 1485 5511 .
