4342 6384
943 603 1094 679 456
2113 622 2339 678 mann
2388 621 2850 677 unnscnms.
3494 600 3628 702 (Α.
3670 596 3760 675 D.
3800 598 4024 700 1431.)

943 809 1159 904 lignis
1232 809 1735 902 magistraliter
1806 813 1878 881 et
1931 808 2309 883 artificiose
2382 808 2769 900 dispositus
2808 810 2862 898 ¹)
2928 813 2999 882 et
3052 830 3142 883 ex
3197 810 3421 881 altera
3473 812 3671 900 parte
3724 809 4029 881 fluminis

945 929 1092 1002 Stir
1144 930 1416 1002 locatus
1447 927 1538 1018 2),
1599 949 1926 1021 magnum
1979 929 2491 1018 castrensibuS,
2549 929 2779 1001 veluti
2833 950 2943 1002 res
2980 949 3162 1001 nova
3216 933 3285 1002 et
3322 929 3643 1017 insolita,
3700 929 4033 1001 attulerat

941 1070 1303 1140 pavorem,
1381 1069 1538 1120 cum
1603 1052 1672 1120 et
1732 1047 2003 1138 lapides
2071 1047 2287 1122 mirae
2350 1048 2856 1141 magnitudinis
2931 1069 3018 1121 ex
3083 1049 3211 1121 illo
3244 1046 3306 1138 3)
3370 1047 3699 1139 proiecti,
3772 1049 4028 1120 multos

942 1168 1274 1240 mortales
1338 1167 1792 1254 offenderent,
1861 1171 1931 1240 et
1997 1167 2334 1239 cadavera
2397 1188 2731 1258 equorum
2806 1168 2879 1239 in
2942 1173 3248 1240 castrum
3316 1166 3645 1240 similiter
3704 1167 4028 1259 proiecta,

943 1287 1202 1359 multos
1257 1287 1647 1359 turbarent.
1703 1285 2000 1376 Propter
2053 1286 2269 1376 quod,
2327 1287 2727 1377 petentibus
2784 1288 3121 1377 obsessis,
3182 1309 3223 1358 a
3276 1287 3469 1379 Rege
3525 1291 3809 1379 treugae
3846 1288 4031 1360 fuere

943 1426 1341 1493 concessae,
1409 1427 1549 1477 non
1613 1404 1765 1476 sine
1829 1405 2253 1477 Polonorum
2319 1405 2786 1479 amaritudine
2849 1411 2919 1479 et
2980 1407 3267 1498 pudore.
3342 1407 3628 1479 Poterat
3694 1406 4032 1497 siquidem

943 1530 1250 1598 castrum
1312 1523 1747 1616 praedictum
1815 1523 2023 1596 facile
2096 1524 2281 1596 infra
2346 1525 2495 1596 dies
2557 1546 2817 1616 paucos
2882 1525 3233 1616 conquiri,
3308 1529 3585 1617 poterat
3649 1530 3720 1597 et
3771 1527 4033 1599 bellum

942 1666 1098 1717 cum
1153 1665 1404 1736 magna
1457 1642 1774 1716 utilitate
1829 1648 1900 1715 et
1950 1644 2210 1715 honore
2265 1643 2481 1734 Regis
2538 1648 2608 1716 et
2661 1643 2891 1736 Regni
2944 1644 3193 1716 confici
3247 1651 3316 1717 et
3370 1643 3594 1716 finiri:
3662 1645 3785 1716 sed
3838 1644 4028 1716 Wla—

943 1763 1156 1836 dislai
1207 1763 1426 1855 Regis
1479 1762 1707 1854 pietas
1763 1766 1835 1834 et
1890 1762 2296 1851 clementia,
2374 1762 2496 1854 qui
2551 1763 2792 1835 fratris
2848 1763 2959 1834 sui
3016 1762 3474 1855 Switrigyelli
3528 1768 3599 1837 et
3650 1762 4029 1836 Lithuano·

942 1903 1098 1956 rum
1154 1882 1434 1955 fovebat
1485 1888 1756 1973 parteS,
1814 1881 1995 1954 illud
2030 1881 2418 1973 protraxit,
2477 1887 2547 1954 et
2584 1883 2817 1954 omnia
2870 1881 3265 1955 instaurata
3301 1883 3714 1972 debilitans,
3753 1881 4035 1954 Polonis

944 2001 1109 2075 fecit
1163 2002 1478 2074 adversa.

1118 2361 1252 2432 Pax
1295 2359 1671 2450 temporalis
1715 2342 1890 2434 inter
1932 2361 2171 2451 negem
2215 2362 2633 2434 wladislaum
2679 2366 2749 2434 ot
2792 2363 3026 2434 Ducem
3071 2363 3399 2452 Switrigal
3444 2363 3865 2451 componitur.

1154 2599 1283 2672 Die
1338 2599 1700 2672 Dominico
1765 2604 1837 2672 et
1899 2598 2075 2672 feria
2141 2598 2443 2672 secunda
2506 2605 2669 2671 ante
2733 2601 2989 2672 festum
3042 2598 3112 2670 N
3116 2597 3465 2671 ativitatis
3530 2599 3829 2670 Sanctae
3888 2598 4027 2670 Ma·

941 2719 1088 2791 riae
1119 2718 1210 2808 4),
1285 2723 1446 2810 post
1499 2719 1760 2791 multos
1831 2722 2176 2790 tractatus
2231 2717 2423 2809 pacis
2499 2719 2661 2790 hinc
2724 2717 2885 2791 inde
2938 2719 3248 2807 habitoS,
3315 2717 3596 2790 tandem
3650 2737 3791 2808 pax
3854 2717 4033 2790 inter

946 2837 1414 2910 Wladislaum
1470 2838 1764 2930 Regem,
1832 2838 2296 2930 Regnumque
2350 2858 2555 2909 suum
2619 2837 2985 2926 Poloniae‚
3052 2838 3138 2910 ab
3194 2859 3363 2926 una,
3422 2842 3493 2910 et
3546 2838 3809 2910 Ducem
3866 2836 4031 2909 Swi·

944 2957 1190 3049 trigal,
1248 2958 1732 3048 Ducatumque
1786 2955 2212 3031 Lithuaniae
2276 2957 2630 3047 partibus,
2688 2957 2773 3029 ab
2830 2957 3083 3044 altera,
3141 2978 3279 3028 non
3342 2957 3621 3047 quidem
3676 2961 4029 3049 perpetua,

947 3077 1071 3149 sed
1123 3076 1562 3167 temporalis,
1630 3077 1814 3148 facta
1870 3081 1978 3149 est
2053 3079 2122 3148 et
2177 3075 2408 3148 literis
2472 3078 2779 3163 firmata,
2838 3077 2967 3150 sub
3023 3075 3234 3148 certis
3297 3075 3522 3148 modis
3578 3079 3649 3147 et
3702 3074 4031 3167 capitulis

947 3199 1318 3282 conventa,
1377 3195 1758 3286 literaeque
1813 3195 2251 3267 universales
2289 3194 2467 3266 Duci
2510 3195 2869 3288 Switrigal
2906 3195 3389 3268 transmissae:
3448 3195 3523 3267 in
3560 3195 3818 3286 quibus
3858 3196 4033 3267 inter

944 3319 1220 3387 caetera
1283 3315 1688 3402 cavebatur,
1765 3316 1949 3406 quod
2011 3336 2136 3406 pro
2204 3317 2381 3387 festo
2465 3314 2988 3387 Purificationis
3062 3315 3359 3388 Sanctae
3425 3315 3687 3387 Mariae
3718 3314 3781 3404 5)
3855 3315 4031 3387 inter

941 3439 1178 3526 partes
1234 3433 1600 3506 conventio
1655 3433 1730 3506 in
1784 3434 2037 3526 oppido
2093 3435 2417 3507 Parczow
2468 3435 2699 3522 fieret,
2756 3455 2881 3525 pro
2919 3440 3256 3526 perpetua
3308 3454 3478 3525 pace
3532 3435 4023 3506 concludenda.

946 3553 1129 3626 Dum
1201 3557 1435 3625 autem
1509 3553 1864 3626 conclusio
1949 3553 2509 3627 sufferentiarum
2581 3553 2775 3645 pacis
2814 3553 2877 3642 θ)
2960 3553 3034 3625 in
3108 3553 3419 3627 exercitu
3487 3553 4023 3644 percrebuisset,

943 3673 1170 3746 omnis
1231 3673 1591 3746 hostilitas
1663 3674 1848 3746 inter
1911 3673 2297 3746 exercitum
2370 3680 2439 3746 et
2504 3679 2896 3746 castrenses
2961 3679 3307 3748 summota
3380 3677 3450 3745 et
3504 3673 3827 3763 deposita
3900 3680 4021 3744 est.

943 3792 1194 3865 Plures
1249 3792 1334 3865 de
1388 3793 1700 3865 exercitu
1757 3813 2031 3881 carnes,
2100 3792 2405 3881 lardum,
2482 3793 2775 3864 farinam
2842 3797 2911 3864 et
2963 3794 3169 3884 plura
3199 3793 3260 3881 ⁷)
3332 3791 3672 3864 victualia
3726 3797 4021 3864 castren·

944 3911 1140 3983 sibus
1197 3916 1664 4002 exposuerant
1717 3912 1802 3982 ad
1857 3911 2327 3984 vendendum:
2383 3910 2576 4002 regio
2624 3915 2856 3983 tamen
2911 3911 3237 3983 mandato
3292 3909 3605 3983 venditio
3644 3909 3799 4002 ipsa
3836 3910 4020 3982 illico

944 4030 1278 4122 abrogata
1333 4035 1401 4104 et
1454 4029 1808 4121 prohibita
1861 4035 1994 4104 est.

988 4390 1290 4462 Exercitu
1336 4391 1414 4461 ab
1461 4390 1796 4462 obsidione
1841 4391 2041 4462 castri
2084 4390 2375 4462 Luczsko
2417 4389 2706 4476 dimisso,
2752 4390 3115 4461 Luczonsos
3158 4391 3226 4461 in
3271 4389 3542 4460 Polonos
3589 4391 3661 4460 ot
3704 4389 3979 4480 ipson·

2147 4510 2460 4581 ecclosias
2505 4509 2833 4580 saeviunt.

1149 4746 1358 4819 Feria
1421 4745 1634 4820 tertia
1704 4751 1866 4818 ante
1930 4747 2186 4818 festum
2249 4745 2672 4818 Nativitatis
2749 4745 3046 4817 Sanctae
3128 4744 3388 4818 Mariae
3416 4743 3511 4833 ⁸),
3597 4743 4037 4817 Wladislaus

851 4956 856 4961 ¹
940 4868 1128 4956 Rex,
1197 4867 1360 4939 dat'a
1423 4866 1714 4939 licentia
1785 4865 2212 4938 exercitibus
2278 4869 2347 4938 et
2409 4865 2738 4957 gentibus
2804 4865 2954 4936 suis
3028 4865 3116 4935 ad
3178 4863 3461 4956 propria
3532 4863 4037 4957 disgrediendi,

1153 5171 1200 5252 ¹)
1247 5173 1538 5249 disposita
1585 5168 1736 5234 Cod.
1787 5169 1978 5232 Rozr.
2029 5169 2083 5248 Ω)
2129 5171 2325 5229 locata
2372 5164 2524 5230 0001.
2556 5167 2749 5230 Rozr.
2800 5165 2854 5246 ³)
2904 5187 2977 5228 ex
3021 5169 3127 5228 illa
3173 5163 3325 5231 Cod.
3362 5167 3555 5230 Rozr.
3604 5166 3661 5249 ⁴)
3706 5169 3769 5228 S.
3814 5169 4049 5228 Mariae

939 5276 1204 5351 Virginis
1253 5269 1403 5336 Cod.
1449 5269 1642 5335 Rozr.
1693 5273 1748 5352 ⁶)
1793 5275 1853 5334 S.
1897 5273 2122 5332 Mariae
2166 5273 2431 5347 Virginis
2480 5267 2632 5333 Cod.
2678 5268 2870 5332 Rozr.
2937 5269 2991 5347 6)
3037 5271 3336 5334 conclusio
3380 5271 3749 5331 induciarum
3796 5277 4049 5348 propter

941 5377 1306 5436 tractandam
1364 5396 1569 5451 pacem
1631 5371 1784 5438 Cod.
1837 5373 2030 5436 Rozr.
2110 5373 2162 5453 ⁷)
2230 5379 2289 5433 et
2347 5374 2517 5456 plura
2576 5375 2695 5434 alia
2764 5368 2917 5436 Cod.
2977 5370 3171 5435 Rozr.
3250 5371 3302 5453 ⁸)
3366 5373 3425 5434 S.
3484 5373 3713 5434 Mariae
3772 5373 4051 5449 Virginis

947 5473 1100 5540 Cod.
1158 5475 1352 5538 Rozr.

4224 5261 4251 6352 ——ss———Q——-
4248 5243 4250 5246 i
4248 5199 4250 5206 .
4248 5085 4250 5096 -
4248 5063 4250 5074 -
