4342 6384
877 448 1025 520 656
2038 472 2268 525 mmm
2320 472 2832 526 nuonncnms.
3413 450 3559 551 (Α.
3607 450 3708 525 D.
3751 450 4013 548 1440.)
4148 422 4160 561 ἰ

875 653 1067 766 Dxuce
1130 654 1503 743 Michaele,
1579 625 1913 729 videlicet
1976 655 2286 746 Grodno,
2357 658 2726 747 Brzescze,
2791 656 2970 730 Lida
3039 661 3109 730 et
3172 662 3446 731 caetera
3514 659 3971 731 tenebantur
3988 660 4015 731 :'
4156 605 4160 649 1

872 779 1156 865 propter
1210 776 1394 866 quod
1448 796 1574 848 nec
1612 775 2050 866 Kazimirus,
2109 777 2273 849 dum
2311 778 2446 851 iret
2501 798 2587 851 ex
2624 777 2954 866 Polonia,
3010 778 3084 849 in
3119 781 3426 851 castrum
3469 780 3844 851 Brzescze
3885 780 4011 851 fuit
4156 781 4160 786 '

871 892 1321 967 intromissus
1388 916 1512 987 per
1566 894 1993 970 Onaczonem
2052 897 2366 970 eiusdem
2421 898 2637 971 castri
2702 902 2870 969 tunc
2925 897 3400 988 capitaneum,
3458 898 3593 990 qui
3637 919 3815 970 cum
3856 899 4007 990 plu-

871 1014 1070 1087 rimis
1125 1015 1288 1088 aliis
1346 1015 1722 1089 Lithuanis
1779 1021 1849 1089 et
1885 1017 2236 1091 Ruthenis
2276 1018 2456 1092 Duci
2496 1017 2821 1092 Michaeli
2875 1022 3157 1109 propter
3207 1018 3436 1111 patris
3484 1019 3731 1091 Ducis
3773 1020 4012 1110 Magni

875 1133 1310 1227 Sigismundi
1373 1136 1710 1209 beneficia
1783 1136 1859 1209 in
1924 1159 2040 1210 eos
2107 1138 2398 1228 collata,
2475 1144 2546 1212 et
2597 1138 2930 1211 universa
2993 1144 3180 1211 terra
3251 1139 3744 1233 Samagittiae
3802 1140 4010 1212 vehe-

875 1258 1143 1329 menter
1195 1260 1266 1329 et
1318 1256 1600 1348 publice
1656 1257 2007 1331 favebant.

931 1620 1312 1708 Uatinius,
1357 1621 1591 1693 invitis
1633 1622 1981 1694 baronibus
2024 1622 2348 1709 Poloniae,
2392 1623 2463 1695 in
2506 1622 2801 1711 mgnum
2845 1623 3079 1694 Ducem
3121 1623 3506 1695 Uthumae
3556 1624 3971 1695 sublimus

2189 1743 2670 1832 pronuntiatur.

1084 1983 1253 2056 Cum
1309 1981 1530 2075 igitur
1583 1981 1987 2054 Kazimirus
2043 1983 2206 2054 Dux
2261 1981 2508 2056 diebus
2563 1982 2834 2075 aliquot
2871 1983 3124 2056 Vilnae
3179 1983 3430 2055 fuisset
3484 1988 3997 2060 commoratus.

877 2108 949 2176 et
1003 2124 1090 2176 ex
1146 2102 1468 2175 omnibus
1525 2102 1732 2175 terris
1788 2102 2092 2176 Ducatui
2149 2103 2400 2196 Magno
2458 2102 2795 2176 subiectis
2848 2103 3144 2177 barones
3199 2103 3285 2174 ad
3331 2102 3544 2174 illum
3609 2104 3993 2176 confluxis-

879 2227 1067 2311 sent,
1123 2224 1456 2314 petebant
1507 2223 1822 2296 Praelati
1878 2228 1948 2296 et
1982 2223 2276 2297 barones
2315 2223 2740 2297 Lithuaniae
2777 2245 2818 2296 a
2853 2223 3230 2296 baronibus
3268 2223 3650 2311 Poloniae,
3714 2225 3799 2296 iu
3840 2246 3996 2316 quo·
4124 2301 4125 2304 ,

877 2365 1032 2417 rum
1097 2344 1527 2417 authoritate
1599 2346 1669 2416 et
1732 2343 2027 2416 consilio
2092 2345 2256 2415 Dux
2323 2343 2728 2417 Kazimirus
2802 2344 3029 2417 adhuc
3093 2342 3556 2416 consistebat:
3647 2350 3996 2435 quatenus

875 2465 1267 2557 praefatum
1324 2465 1588 2537 Ducem
1644 2463 2085 2536 Kazimirum
2146 2463 2222 2536 in
2278 2464 2608 2557 Magnum
2671 2465 2937 2537 Ducem
2991 2462 3414 2537 Lithuaniae
3479 2465 3810 2552 assumi,
3871 2466 3991 2539 ele·

877 2585 1029 2657 vari
1084 2589 1157 2658 et
1193 2583 1587 2658 confirmari
1624 2584 1679 2674 ¹)
1736 2582 2235 2657 consentirent.
2294 2584 2602 2657 Barones
2640 2605 2802 2658 vero
2839 2583 3172 2656 Poloniae
3225 2563 3649 2657 nullatenus
3709 2586 3793 2658 iu
3833 2587 3995 2657 hanc

878 2704 1377 2793 conditionem,
1451 2708 1788 2797 tanquam
1852 2702 1954 2776 eis
2019 2724 2144 2796 per
2207 2703 2680 2777 Wladislaum
2746 2704 3041 2795 Regem,
3108 2705 3470 2778 Praelatos
3550 2710 3630 2777 et
3699 2706 3989 2779 barones

879 2824 1213 2897 Poloniae
1246 2822 1309 2914 2)
1364 2823 1825 2915 prohibitam,
1894 2823 2135 2915 aliqua
2198 2844 2401 2916 prece
2466 2824 2583 2896 vel
2643 2823 3095 2915 persuasione
3155 2829 3478 2916 poterant
3550 2825 3648 2898 ad
3711 2847 3990 2899 consen·

881 2945 1196 3017 tiendum
1236 2943 1508 3032 induci3
1566 2944 1878 3035 quinimo
1916 2945 2210 3017 barones
2267 2948 2336 3017 et
2373 2946 2735 3018 Praelatos
2772 2944 3196 3017 Lithuaniao
3232 2943 3473 3038 vigore
3511 2947 3993 3019 communium

882 3063 1417 3155 inscriptionum
1485 3063 1909 3137 conveniunt
1970 3068 2043 3136 et
2104 3063 2505 3155 requirunt:
2580 3084 2669 3136 ne
2731 3069 2976 3136 contra
3029 3064 3538 3138 ordinationem
3609 3065 3991 3138 wladislai

882 3184 1133 3278 RegiS,
1188 3183 1809 3276 Praelatorumque
1873 3189 1944 3257 et
1995 3185 2333 3256 baronum
2398 3183 2627 3277 Regni
2680 3183 3047 3269 Poloniae,
3113 3183 3559 3256 Kazimirum
3615 3206 3757 3276 pro
3815 3187 3993 3258 Duae
4138 3197 4139 3200 ,

882 3306 1167 3398 Magum
1242 3305 1364 3378 8θᾶ
1428 3325 1552 3395 ΡΓΟ
1616 3303 1878 3376 vicario
1941 3303 2166 3396 regie,
2242 3304 2460 3377 donec
2524 3303 2964 3376 Wladislaus
3028 3303 3182 3376 Rex
3254 3303 3462 3376 aliter
3527 3304 3990 3396 disposuerit,
4136 3300 4137 3313 ²

880 3426 1245 3518 publicent
1299 3430 1371 3498 et
1424 3428 1809 3497 assumant.
1865 3424 2180 3498 Praelati
2232 3445 2398 3498 vero
2455 3428 2526 3497 et
2577 3424 2872 3497 barones
2929 3422 3353 3497 Lithuaniae
3404 3423 3828 3515 periculum
3867 3425 3988 3497 sibi

883 3545 954 3619 et‘
1011 3567 1177 3619 snae
1231 3543 1416 3637 parti
1471 3542 1832 3617 imminere
1884 3545 2271 3617 maximum
2334 3566 2376 3617 a
2428 3548 2628 3636 parte
2693 3545 2950 3632 altera,
3019 3564 3198 3635 quae
3253 3544 3514 3617 Ducem
3576 3544 3991 3618 Michaelem

886 3665 1307 3758 exposcebat
1328 3663 1414 3754 ³),
1469 3664 1643 3753 rati,
1698 3684 1818 3752 ne,
1878 3663 1940 3736 si
2005 3666 2166 3737 Dux
2223 3663 2628 3737 Kazimirus
2691 3684 2816 3755 pro
2869 3663 3148 3755 privato
3204 3663 3465 3736 vicario
3529 3669 3610 3736 et
3662 3686 3818 3737 uon
3879 3686 3994 3756 pro

883 3788 1136 3878 Magno
1193 3787 1383 3859 Duce
1448 3805 1522 3857 se
1573 3788 1877 3877 gereret,
1943 3784 2104 3855 Dux
2169 3784 2471 3857 Michael
2536 3786 2884 3857 Ducatum
2941 3783 3272 3875 Magnum
3326 3782 3804 3872 Lithuaniae,
3869 3784 3987 3855 Po·
4136 3823 4137 3829 κ

885 3906 1069 3977 lonis
1123 3903 1645 3993 recedentibuS,
1703 3907 2103 3995 occuparet,
2161 3909 2372 3996 atque
2425 3904 2499 3976 in
2556 3925 2671 3977 eos
2728 3908 2879 3977 tum
2933 3925 3058 3995 pro
3113 3924 3280 3977 nece
3335 3903 3599 3995 patris,
3659 3910 3822 3976 tum
3875 3925 3987 3996 pro

886 4027 1108 4096 fracta
1161 4024 1295 4095 fide
1350 4030 1420 4096 et
1473 4023 1861 4097 iuramento
1918 4028 2188 4115 (omnes
2245 4024 2426 4097 enim
2467 4024 2720 4096 scitum
2776 4028 2928 4097 erat
2964 4024 3102 4097 sibi
3158 4024 3441 4095 vivente
3497 4029 3567 4096 et
3609 4031 3908 4116 cogente
3933 4025 3986 4111 ⁴)

887 4148 1110 4236 patre,
1166 4143 1532 4217 fidelitatis
1588 4148 1658 4215 et
1721 4143 2154 4216 obedientiae
2221 4144 2612 4217 iuramenta
2664 4144 3166 4236 praestitisse),
3232 4148 3524 4234 paterno
3581 4165 3757 4216 vero
3815 4165 3987 4216 more

888 4263 1230 4351 saeviret3
1296 4269 1499 4354 turpe
1552 4263 1840 4354 insuper
1893 4264 2301 4335 astruebant
2338 4265 2528 4336 Duce
2569 4265 2819 4356 Magno
2877 4270 2947 4337 et
2982 4264 3195 4337 titulo
3251 4263 3339 4334 ad
3379 4263 3763 4336 arbitrium
3803 4265 3984 4337 Wla-

888 4383 1101 4455 dislai
1155 4382 1371 4476 Regis
1436 4386 1605 4454 tunc
1676 4389 1877 4454 extra
1939 4383 2272 4457 Poloniae
2335 4385 2656 4476 Regnum
2724 4384 3033 4476 agentis,
3111 4384 3296 4476 quod
3363 4385 3575 4475 longo
3643 4405 3737 4455 an
3803 4383 3987 4457 brevi

890 4504 1173 4574 duraret
1210 4507 1551 4594 tempore,
1593 4502 1934 4576 incertum
1972 4508 2152 4589 erat,
2194 4524 2448 4576 carere.
2508 4503 2783 4596 Hisque
2827 4510 2898 4577 et
2935 4504 3099 4576 aliis
3147 4502 3843 4576 considerationibus
3895 4504 3984 4575 in·

892 4622 1114 4709 censi,
1172 4625 1244 4694 et
1295 4621 1706 4713 praesertim
1762 4621 1971 4695 civile
2033 4622 2299 4694 bellum
2355 4623 2598 4711 veriti,
2665 4624 2827 4695 dum
2881 4624 3178 4697 barones
3234 4622 3573 4696 Poloniae
3639 4623 3984 4715 iutellige-

892 4746 1090 4830 rent,
1173 4742 1643 4833 nequidquam
1718 4763 1759 4813 a
1835 4742 2186 4814 sententia
2257 4743 2556 4815 distrahi
2630 4764 2833 4835 posse
2862 4800 2878 4832 ‚
2963 4744 3264 4836 quodam
3338 4763 3542 4815 mane
3615 4744 3986 4816 baronibus

892 4860 1225 4933 Poloniae
1279 4862 1460 4933 lecto
1500 4860 2022 4952 quiescentibus
2082 4867 2152 4933 et
2189 4862 2372 4935 nihil
2429 4865 2570 4935 tale
2627 4862 2796 4954 quid
2828 4862 2890 4953 5)
2931 4862 3484 4955 suspicantibus,
3547 4864 3820 4935 Ducem
3857 4864 3982 4934 Ka-

894 4979 1215 5052 zimirum
1270 4985 1638 5052 assumunt
1702 4984 1772 5053 et
1827 4980 1899 5052 in
1955 4983 2220 5055 Ducem
2277 4983 2605 5075 Magnum
2659 4982 3085 5055 Lithuaniae
3152 4984 3468 5071 elevant,
3533 4984 3987 5074 pronuntiant

1114 5252 1160 5332 ¹)
1204 5254 1493 5331 publicari
1558 5250 1709 5316 Cod.
1762 5250 1937 5317 Kost.
2009 5252 2064 5334 2)
2108 5256 2299 5331 Regni
2357 5256 2641 5316 Poloniae
2699 5253 2825 5317 Ed.
2875 5252 3057 5338 Lips.
3127 5255 3176 5334 ³)
3222 5256 3588 5333 deposcebat
3645 5252 3780 5317 Ed.
3825 5252 3982 5338 Lips.

901 5356 954 5438 ⁴)
999 5361 1214 5442 agente
1258 5353 1384 5425 Ed.
1414 5353 1596 5439 Lips.
1646 5354 1697 5435 ⁵)
1742 5357 2042 5434 quidpiam
2092 5351 2245 5419 Cod.
2277 5353 2452 5419 Kost.
