4342 6384
824 489 972 591 1:32
1985 512 2212 564 mmm
2267 510 2721 563 monemus.
3368 487 3501 588 (Α.
3540 488 3631 562 D.
3671 488 3897 588 1412.)

814 712 1002 778 rum,
1069 691 1322 783 quibus
1385 694 1589 766 illum
1658 694 1856 786 gravi
1909 696 1979 766 et
2031 694 2286 767 infesto
2357 696 2541 767 bello
2608 698 3022 786 occupatum
3100 693 3599 787 Sigismundus
3652 716 3895 785 percu-

820 811 1032 899 lerat,
1099 812 1360 883 oblitus
1425 816 1564 899 est;
1629 813 1751 885 sed
1807 812 2015 887 etiam
2069 813 2157 885 ad
2211 813 2585 885 nonnullos
2655 813 3021 900 articulos,
3088 813 3330 906 Regno
3387 833 3511 885 suo
3567 814 3899 886 Poloniae

823 933 894 1001 et
947 929 1020 1000 in
1073 950 1400 1020 praesens
1455 935 1524 1004 et
1578 930 1651 1001 in
1705 932 2019 1003 futurum
2072 932 2465 1023 perniciem
2507 932 2871 1005 afferentes
2928 936 2999 1005 et
3052 932 3393 1005 allaturos
3412 988 3429 1019 ,
3486 953 3562 1004 se
3588 954 3639 1003 -a
3676 932 3898 1025 Sigis-

824 1049 1077 1120 mundo
1140 1049 1331 1141 Rege
1395 1050 1743 1141 protrahi,
1820 1051 2205 1142 deducique
2269 1052 2643 1123 consensit.
2720 1052 2901 1123 Nam
2964 1050 3133 1124 licet
3195 1050 3528 1123 Poloniae
3580 1051 3903 1144 Regnum

823 1188 866 1239 a
918 1172 1194 1240 vetusto
1250 1173 1556 1259 tempore
1613 1174 1834 1257 certa,
1893 1170 2111 1258 iusta,
2169 1170 2487 1262 legitima
2541 1174 2748 1261 atque
2784 1169 3073 1260 pacifica
3109 1174 3453 1242 terrarum
3488 1169 3797 1241 Russiae
3833 1174 3906 1242 et

825 1285 1156 1358 Podoliae
1212 1288 1558 1359 frueretur
1609 1289 2081 1379 possessione:
2150 1288 2584 1360 Wladislaus
2638 1294 2869 1362 tamen
2933 1288 3265 1363 Poloniae
3318 1287 3475 1360 Rex
3527 1287 3709 1360 verti
3760 1288 3901 1359 cla·

823 1426 979 1477 rum
1035 1410 1105 1476 et
1158 1408 1424 1476 certum
1478 1404 1589 1477 ius
1645 1406 1869 1499 Regni
1925 1408 2038 1478 sui
2090 1407 2164 1478 in
2220 1410 2580 1480 contractu
2634 1406 3036 1480 huiusmodi
3083 1412 3155 1479 et
3190 1407 3461 1479 foedere
3498 1406 3574 1477 in
3610 1405 3901 1478 dubium

823 1523 1173 1614 permisit,
1237 1544 1644 1614 omnemque
1697 1525 2174 1615 quaestionem
2232 1530 2439 1617 (quae
2494 1530 2726 1598 tamen
2779 1546 3125 1618 nusquam
3172 1525 3517 1597 suscitata
3553 1527 3734 1613 erat)
3791 1545 3901 1596 oc-

825 1640 1097 1715 casione
1148 1646 1493 1715 terrarum
1545 1643 2090 1733 praedictarum,
2148 1644 2332 1721 inter
2385 1643 2626 1735 Regna
2679 1644 3011 1717 Poloniae
3066 1648 3137 1717 et
3188 1644 3627 1736 Hungariae,
3682 1664 3907 1735 usque

825 1761 912 1832 ad
968 1760 1236 1834 obitum
1291 1782 1496 1831 suum
1549 1765 1618 1833 et
1672 1760 1982 1833 eiusdem
2022 1761 2465 1853 Sigismundi'
2491 1762 2740 1853 RegiS‚
2797 1766 2868 1835 et
2906 1784 2994 1835 ex
3030 1766 3191 1854 post
3228 1761 3319 1833 ad
3356 1761 3664 1852 spatium
3702 1762 3905 1854 quin-

828 1900 962 1970 que
1016 1899 1351 1951 annorum
1408 1879 1772 1970 suspendi;
1839 1884 2089 1951 terram
2144 1900 2307 1951 vero
2364 1878 2770 1967 Valachiae,
2840 1901 3017 1971 quae
3072 1884 3141 1953 et
3194 1880 3351 1971 ipsa
3400 1880 3689 1957 Polonis
3755 1882 3900 1953 feu-

827 1996 1008 2068 dalis
1074 2002 1146 2068 et
1199 1997 1568 2069 tributaria
1632 2002 1768 2084 est,
1837 1997 2078 2069 eiectis
2143 2018 2232 2068 ex
2297 1998 2424 2069 illa
2486 1998 2837 2088 tyranniS,
2902 1998 3152 2089 partiri
3204 1999 3389 2071 inter
3444 1998 3781 2085 Poloniae
3836 2004 3908 2073 et

828 2114 1233 2206 Hungariae
1293 2115 1536 2207 Regna
1599 2137 1686 2188 ex
1750 2136 1969 2208 aequo
2033 2116 2419 2203 consensit;
2485 2123 2554 2189 et
2617 2117 2783 2188 dum
2844 2118 3018 2189 fines
3072 2117 3303 2209 Regni
3356 2118 3469 2189 sui
3520 2138 3909 2209 propagare

829 2233 1113 2321 nititur,
1170 2234 1245 2304 in
1300 2233 1829 2325 ambiguitatem
1885 2234 2181 2307 coniecit
2242 2240 2682 2326 propagatos.
2751 2234 3243 2326 Sigismundus
3299 2235 3647 2326 siquidem
3701 2237 3899 2308 Hun-

829 2351 1064 2444 gariae
1115 2352 1304 2439 Rex,
1359 2356 1792 2443 perspectam
1845 2352 2106 2425 habens
2162 2353 2539 2425 Wladislai
2602 2353 2933 2425 Poloniae
2988 2354 3204 2445 Regis
3260 2352 3789 2445 simplicitatem
3825 2355 3905 2443 ¹),

829 2470 1089 2543 abditis
1145 2475 1214 2543 et
1267 2471 1554 2543 secretis
1609 2470 2056 2558 tractatibuS,
2115 2470 2437 2543 omnibus
2476 2472 2758 2543 arbitris
2796 2471 3140 2560 exclusis,
3199 2479 3433 2544 secum
3468 2471 3908 2544 reconciliari

831 2592 903 2661 et
940 2589 1274 2663 foederari
1303 2588 1364 2677 ²)
1403 2590 1664 2677 voluit,
1707 2589 1986 2681 singula
2022 2609 2109 2661 ex
2149 2590 2497 2661 sententia
2534 2610 2661 2662 sua
2698 2594 2769 2663 et
2806 2594 2969 2663 voto
3008 2589 3092 2661 ab
3129 2590 3257 2663 illo
3299 2590 3907 2681 (quemadmodum

831 2708 1094 2796 evenit)
1149 2712 1679 2796 consecuturuS,
1737 2729 1912 2799 quae
1968 2708 2232 2780 sciebat
2286 2728 2391 2795 se,
2452 2708 2514 2779 si
2567 2708 2954 2781 consiliarii
3008 2708 3237 2800 Regni
3283 2709 3617 2783 Poloniae
3652 2709 3729 2781 in
3764 2729 3907 2782 rem

832 2830 903 2898 et
938 2829 1314 2899 tractatum
1369 2826 1670 2900 adhibiti
1725 2828 1982 2914 forent,
2038 2826 2446 2899 nullatenus
2500 2827 2968 2899 obtenturum.

915 3122 1222 3195 Portuno
1263 3122 1520 3193 foedere
1559 3140 1700 3193 cum
1744 3122 2146 3212 Sigismundo
2191 3123 2363 3213 Rogo
2410 3125 2793 3213 nungariao,
2840 3124 3231 3196 wladislaus
3270 3124 3409 3195 Rex
3452 3124 3823 3196 Ganovim

2195 3242 2552 3315 deducitur.

1038 3416 1344 3489 Foedere
1407 3437 1530 3506 per
1591 3417 2105 3491 conclusionem
2171 3423 2505 3491 secretam
2568 3418 2751 3491 inter
2805 3420 3033 3512 Reges
3090 3419 3260 3503 ict0‚
3330 3418 3659 3491 conclave
3712 3418 3917 3491 ambo

835 3534 1128 3627 egressi,
1193 3536 1281 3607 ad
1334 3535 1563 3607 locum
1619 3556 1753 3627 quo
1807 3536 2114 3628 Reginae
2182 3538 2674 3625 constiterant,
2739 3538 3141 3629 procedunt.
3210 3536 3358 3627 Quo
3412 3557 3571 3609 cum
3624 3540 3919 3609 ventum

833 3655 1013 3725 foret
1040 3652 1125 3742 ³),
1183 3653 1672 3745 Sigismundus
1727 3654 2196 3726 Romanorum
2251 3660 2319 3727 et
2372 3655 2775 3746 Hungariae
2828 3656 2984 3728 Rex
3056 3660 3265 3747 caput
3336 3654 3549 3725 mitra
3616 3655 3916 3742 nudans,

835 3771 1301 3843 Wladislaum
1356 3770 1689 3843 Poloniae
1743 3771 2003 3863 Regem
2058 3773 2333 3845 solicite
2369 3793 2609 3865 rogare
2646 3773 2905 3865 coepit:
2963 3778 3043 3845 ut
3096 3777 3467 3863 postquam
3504 3772 3582 3843 in
3618 3772 3919 3844 Lubow-

835 3890 1045 3962 liensi
1074 3890 1137 3978 4)
1192 3888 1476 3980 oppid0,
1534 3890 1621 3961 ad
1676 3891 1896 3980 quod,
1953 3890 2411 3980 petitionibus
2442 3891 2611 3962 'suis
2648 3896 2911 3975 motu8‚
2970 3890 3382 3963 descendere
3436 3890 3769 3981 dignatus
3808 3890 3919 3961 fu-

835 4008 1040 4093 isset,
1097 4007 1300 4078 iuxta
1354 4011 1582 4079 status
1637 4011 1709 4077 et
1763 4006 2142 4098 dignitatis
2201 4028 2367 4080 suae
2402 4008 2633 4099 regiae
2671 4008 3096 4100 exigentiam
3132 4008 3458 4089 honorari
3492 4008 3921 4097 nequiverit,

837 4124 1234 4198 Cassoviam
1287 4145 1425 4195 non
1479 4124 1922 4216 dedignetur,
1981 4126 2312 4217 oppidum
2366 4126 2587 4218 magis
2634 4128 2967 4218 populare
3006 4132 3075 4199 et
3110 4126 3510 4218 politicum,
3568 4126 3925 4213 accedere,

839 4242 1161 4333 ampliori
1216 4243 1412 4313 cultu
1464 4243 1796 4314 honorem
1848 4243 2002 4314 illic
2057 4250 2126 4315 et
2181 4244 2592 4317 charitatem
2648 4249 3122 4335 suscepturus.
3190 4243 3627 4316 Wladislaus
3682 4247 3926 4315 autem

839 4360 1171 4433 Poloniae
1224 4359 1414 4447 Rex,
1470 4359 1671 4430 nulla
1725 4380 1882 4431 cum
1936 4361 2085 4432 suis
2141 4361 2638 4434 deliberatione
2700 4363 3115 4452 praemissa,
3182 4361 3514 4452 petitioni
3577 4381 3924 4451 annuenS,

837 4480 939 4551 ire
993 4498 1149 4549 cum
1204 4476 1650 4568 Sigismundo
1705 4477 1895 4569 Rege
1941 4479 2015 4549 in
2054 4480 2453 4552 Cassoviam
2506 4480 2927 4570 repromisit.
2984 4481 3301 4572 Argutus
3340 4483 3571 4551 autem
3604 4478 3667 4567 ⁵)
3721 4478 3925 4551 illico

837 4618 961 4689 per
1012 4596 1393 4668 Iohannem
1447 4595 1531 4666 de
1587 4595 1873 4666 Tarnow
1925 4596 2316 4686 palatinum
2372 4598 2924 4670 cracoviensem:
2984 4618 3107 4669 cur
3158 4602 3305 4668 tam
3351 4597 3653 4669 faciliter
3688 4596 3793 4667 ire
3832 4597 3935 4669 ad

837 4716 1108 4786 hostem
1164 4712 1314 4786 sine
1367 4713 1744 4785 securitate
1800 4717 2076 4801 exacta,
2133 4736 2377 4805 parum
2433 4716 2858 4789 deliberatus
2904 4716 3420 4787 consensisset?
3476 4714 3683 4787 silere
3720 4712 3931 4805 pala-

835 4834 1063 4904 tinum
1115 4832 1304 4919 Rex,
1360 4832 1558 4903 velut
1611 4850 1841 4902 rerum
1877 4832 2231 4923 ignarum,
2288 4833 2533 4919 iussit,
2591 4834 3001 4905 facilitatem
3040 4854 3271 4920 suam,
3313 4852 3559 4905 arcano
3604 4830 3927 4923 cognito,

838 4952 1308 5022 laudaturum.
1381 4948 1668 5040 Excipit
1720 4949 1967 5021 deinde
2021 4951 2257 5022 eodem
2311 4950 2424 5023 die
2478 4951 2914 5022 Wladislaus
2967 4949 3301 5023 Poloniae
3353 4950 3508 5023 Rex
3564 4952 3634 5022 et
3688 4949 3921 5041 Sigis-

1065 5214 1115 5303 ¹)
1163 5220 1554 5283 sinceritatem
1603 5212 1754 5281 Cod.
1800 5216 1990 5280 Rozr.
2049 5214 2100 5294 ²)
2147 5220 2683 5279 reconciliationem
2734 5219 2930 5279 facere
2978 5222 3037 5278 et
3078 5217 3286 5279 foedus
3336 5219 3487 5278 inire
3533 5210 3684 5280 cod.
3730 5214 3949 5283 Rozr.

851 5322 876 5399 )
925 5326 1082 5381 esset
1142 5320 1225 5383 00
1239 5317 1300 5382 cl.
1347 5318 1536 5383 Rozr.
1586 5317 1641 5399 ⁴)
1685 5320 2090 5381 Lubomliensi
2133 5317 2261 5380 Ed.
2307 5316 2487 5401 Lips.
2539 5316 2589 5399 ⁵)
2637 5322 2840 5396 itaque
2896 5316 3047 5381 Ood.
3092 5316 3288 5381 Rozr.
