4342 6384
898 576 1048 653 540
2075 596 2304 657 mena
2354 596 2814 653 memus.
3441 574 3588 678 (Α.
3629 574 3732 652 Β.
3769 570 4022 677 1434.)

801 850 805 854 ,
900 788 1075 875 tuit3
1132 782 1255 859 sed
1290 788 1699 859 thesaurum
1738 803 2011 859 omnem·
2046 784 2254 861 illum
2271 842 2288 873 ‚
2329 805 2418 857 ex
2453 784 2656 858 bonis
2694 784 3144 859 ecclesiarum
3179 788 3252 858 et
3285 784 3730 877 patrimonio
3759 782 4020 859 Christi

900 906 1297 999 quaesitum
1316 962 1333 994 ‚
1390 906 1513 997 qui
1566 906 1806 997 potius
1874 905 1949 977 iu
2002 904 2392 979 visceribus
2455 924 2841 997 pauperum
2895 905 3294 977 condendus
3359 910 3432 977 et
3483 906 3566 977 in
3625 924 3820 977 usus
3873 907 4020 999 pios

900 1026 1421 1118 dispertiendus
1478 1030 1661 1110 erat,
1717 1024 2007 1117 prodige
2058 1030 2132 1099 et
2167 1044 2346 1098 vane
2399 1024 2763 1113 distraxit,
2819 1028 2891 1097 et
2927 1029 3070 1097 tres
3109 1026 3364 1097 fratres
3397 1046 3792 1118 germanos
3827 1046 4018 1119 prae-

903 1149 1115 1235 fatoS,
1172 1168 1297 1239 pro
1354 1146 1609 1238 quibus
1663 1166 1913 1238 aeque,
1982 1145 2187 1227 iuxta
2240 1166 2320 1217 ac
2373 1165 2498 1235 pro
2553 1144 2715 1233 illo,
2783 1145 3121 1218 collectus
3174 1148 3390 1235 atque
3447 1144 3797 1219 conditus
3855 1152 4016 1233 erat,

900 1267 1099 1340 villis
1156 1288 1431 1359 quoque
1483 1266 1807 1357 pluribus
1872 1286 1996 1357 per
2048 1265 2442 1357 praefatum
2497 1264 2868 1338 Albertum
2923 1265 3480 1357 Iastrzambyecz
3537 1266 4014 1359 archiepisco-

902 1404 1069 1481 pum
1124 1404 1213 1463 ex
1266 1385 1687 1479 patrimonio
1742 1384 2004 1459 christi
2058 1384 2432 1477 coemptis,
2491 1383 2658 1457 illos
2713 1384 2936 1458 exnit.

904 1750 1409 1822 conventionem
1439 1742 1867 1839 opathoviao,
1914 1746 2159 1823 Senatu
2189 1748 2584 1835 inconsulto,
2631 1749 2712 1819 ab
2741 1748 2846 1820 his
2889 1748 3002 1839 qui
3031 1748 3354 1821 novum
3382 1749 3582 1821 rem
3627 1746 4016 1835 mut.

902 1869 1215 1947 indictam
1245 1866 1563 1959 sbigneu
1608 1871 1949 1959 episeopus
1980 1868 2425 1941 cracoviensis
2469 1870 2816 1959 prudentia
2847 1885 2968 1941 su
3013 1867 3339 1955 dissolvit,
3384 1870 3459 1940 ot
3487 1868 3726 1958 populi
3777 1870 4024 1976 ani-et

1789 1989 1872 2061 ad
1916 1989 2403 2061 coronationem
2444 1988 2779 2061 wladislai
2822 1989 3122 2062 inclina.

1114 2228 1411 2300 Molesta.
1464 2231 1536 2298 et
1590 2226 1848 2299 infesta
1909 2227 2294 2319 plurimum
2361 2225 2780 2319 quibusdam
2843 2227 3222 2300 baronibus
3293 2230 3366 2298 et
3427 2226 3816 2300 nobilibus
3871 2228 4024 2301 Gn-

909 2348 1383 2435 coviensibus‚
1442 2352 1512 2420 et
1564 2348 1977 2439 praesertim
2030 2347 2176 2437 his,
2235 2347 2357 2439 qui
2411 2368 2524 2421 res
2577 2366 2795 2419 novas
2834 2347 2889 2436 ¹)
2945 2346 3486 2434 meditabantur,
3565 2347 3720 2419 fuit
3777 2349 3870 2422 de
3923 2368 4026 2422 co-

906 2468 1269 2543 ronatione
1322 2465 1539 2559 Regis
1594 2466 1816 2539 futuri
1868 2488 1993 2558 pro
2048 2466 2163 2539 die
2219 2466 2461 2540 Sancti
2497 2464 2735 2539 Iacobi
2789 2466 3126 2539 instituta
3177 2466 3560 2553 conclusio,
3621 2468 3892 2557 veriti,
3949 2488 4026 2541 ne

908 2604 1055 2677 res,
1114 2606 1289 2680 quas
1342 2581 1759 2674 turbandae,
1816 2587 2314 2678 novandasque
2367 2585 2857 2673 moliebamur,
2912 2585 3129 2677 Regis
3183 2584 3350 2657 novi
3402 2585 3862 2662 authoritate
3915 2608 4024 2680 op·

906 2708 1408 2801 primerentur:
1465 2705 1996 2780 conventionem
2032 2702 2303 2798 itaque,
2357 2704 2783 2797 primoribus
2820 2705 3198 2779 baronibus
3233 2711 3306 2777 et
3339 2704 3794 2779 consiliariis
3833 2708 4023 2801 igno-

906 2826 1227 2901 rantibus
1244 2883 1262 2915 ‚
1320 2848 1447 2900 nec
1498 2826 1775 2917 petitis,
1833 2830 1959 2898 aut
2012 2824 2356 2899 consultis
2385 2820 2474 2914 ²),
2532 2845 2656 2917 pro
2694 2825 2808 2898 die
2845 2824 3142 2897 Sanctae
3178 2820 3670 2917 Margarethae
3727 2827 3812 2899 in
3851 2828 4022 2919 Opa-

908 2950 1095 3020 thow
1148 2946 1615 3019 constituunt.
1693 2946 1807 3018 Ad
1862 2964 2070 3038 quam
2134 2964 2293 3019 cum
2349 2945 2592 3017 nullus
2657 2966 2746 3017 ex
2800 2944 3178 3018 baronibus
3231 2942 3876 3036 principalioribus
3930 2948 4022 3020 in

910 3068 1159 3155 vellet,
1200 3066 1471 3140 veritus
1508 3065 1921 3139 seditionem
1960 3071 2083 3139 aut
2120 3068 2537 3153 tumultum,
2588 3070 2658 3139 et
2694 3064 3136 3139 infidelitatis
3172 3070 3410 3137 notam
3443 3066 4018 3156 perhorrescens,

914 3186 1178 3279 Sophia
1229 3186 1563 3259 Poloniae
1603 3184 1907 3279 Regina,
1965 3190 2234 3259 moesta
2268 3186 2560 3277 proinde
2613 3204 2694 3257 ae
2729 3184 3036 3276 trepida,
3093 3189 3163 3257 et
3201 3188 3352 3255 tum
3391 3184 3563 3273 sibi,
3625 3191 3794 3259 tum
3829 3185 4018 3274 filiis,

914 3308 978 3382 si
1032 3327 1142 3381 res
1196 3306 1273 3379 in
1310 3306 1757 3395 seditionem,
1817 3326 1954 3398 quo
1993 3310 2308 3399 spectare
2345 3310 2698 3397 coeperat,
2755 3308 3168 3391 verteretur,
3225 3306 3566 3392 metuens,
3631 3304 4018 3399 Sbignem

914 3428 1439 3501 Gracoviensem
1495 3426 1931 3519 episcopum,
1988 3424 2111 3517 qui
2164 3424 2491 3517 populari
2541 3425 2855 3515 pollebat
2909 3424 3213 3517 ingenio,
3271 3442 3468 3496 orare
3523 3425 3772 3517 coepit
3803 3424 3892 3515 ³),
3945 3432 4020 3497 ut

914 3568 1113 3620 suam
1166 3548 1240 3618 in
1294 3566 1439 3619 rem
1482 3546 1837 3638 publicam
1891 3550 2183 3617 navaret
2238 3565 2548 3637 operam,
2608 3548 2818 3635 atque
2871 3544 3070 3617 illam
3124 3544 3208 3615 de
3261 3542 3854 3635 impendentibus
3889 3552 4018 3619 ter·

911 3667 1187 3741 roribus
1260 3666 1645 3758 expediret.
1731 3665 1865 3756 Qui
1932 3662 2302 3738 seditionis
2373 3664 2762 3756 periculum
2835 3664 3260 3752 dimoturus,
3333 3663 3410 3735 in
3463 3664 3672 3755 equis
3738 3666 4018 3753 alienis,

914 3808 955 3860 a
1010 3786 1272 3879 Sophia
1326 3786 1600 3879 Regina
1662 3791 1733 3857 et
1796 3785 1960 3857 aliis
2024 3785 2271 3858 amicis
2335 3784 2646 3878 precario
2699 3783 3264 3876 compraestatis‚
3340 3805 3500 3857 eum
3558 3785 3677 3857 sui
3731 3806 3833 3859 ex
3885 3788 4016 3871 vin,

917 3927 1055 3997 qua
1108 3907 1181 3979 in
1237 3906 1590 3978 Basileam
1646 3910 2109 3996 processerat,
2168 3910 2292 3977 aut
2345 3922 2432 3977 ex
2471 3906 2700 3978 calore
2753 3902 3020 3977 aestivo
3067 3904 3359 3993 mortui,
3416 3908 3542 3976 aut
3577 3906 3764 3979 laesi
3803 3912 4018 3993 erant,

917 4026 990 4097 in
1048 4024 1377 4116 Opathow
1446 4024 1533 4098 ad
1586 4022 1992 4098 huiusmodi
2046 4026 2613 4112 conventionem,
2688 4024 2902 4098 citato
2957 4044 3202 4112 cursu,
3269 4024 3344 4097 in
3399 4029 3720 4117 tempore
3775 4045 4020 4119 oppor-

918 4149 1089 4217 tuno
1152 4144 1459 4218 advenit.
1518 4147 1849 4238 Ingratus
1888 4145 2025 4217 fuit
2088 4144 2475 4237 Spithkoni
2511 4146 2596 4218 de
2637 4142 2972 4217 Melsthin
3027 4150 3097 4216 et
3134 4144 3427 4217 Derslao
3464 4145 3550 4217 de
3584 4146 4022 4239 Rithwyani,

924 4265 1047 4357 qui
1106 4265 1305 4337 illius
1361 4265 1845 4338 conventionis
1907 4267 2106 4337 erant
2159 4264 2371 4338 duces
2437 4270 2507 4336 et
2561 4264 2823 4356 capita,
2899 4262 3190 4356 Sbignei
3245 4262 3556 4356 episcopi
3625 4266 4019 4338 adrentus:

918 4385 1103 4456 unde
1156 4404 1283 4457 nec
1336 4384 1578 4473 illum,
1635 4385 1803 4457 licet
1856 4392 2328 4475 praesentem,
2385 4384 2472 4456 ad
2513 4406 2675 4455 suas
2730 4383 3271 4457 deliberationes
3323 4389 3396 4457 et
3449 4384 3790 4473 consilia,
3833 4388 4024 4459 velut

918 4508 1354 4595 suspectum,
1422 4504 1879 4577 advocabant.
1962 4505 2158 4579 Tulit
2225 4512 2456 4578 tamen
2533 4505 2815 4596 singula
2885 4503 3056 4577 haec
3129 4503 3476 4596 Sbigneus
3503 4504 3572 4594 ⁴)
3645 4506 4020 4598 episcopus

919 4624 1097 4695 mira
1148 4624 1526 4715 patientia,
1601 4644 1729 4696 nec
1791 4624 2304 4697 exacerbandos
2369 4644 2522 4696 esse
2585 4622 2885 4711 animos,
2953 4627 3202 4715 suapte
3266 4623 3353 4694 ad
3405 4624 3908 4699 contentiones
3957 4630 4018 4699 et

923 4744 1303 4817 schismata
1365 4743 1775 4830 inclinatos,
1860 4744 1981 4815 sed
2044 4744 2406 4816 leniendos
2479 4741 2688 4814 duxit
2718 4741 2820 4831 ⁵):
2905 4764 3062 4815 cum
3143 4742 3440 4815 alt-erius
3512 4762 3604 4815 ex
3677 4744 4016 4835 potentia,

924 4863 1220 4936 alterius
1274 4883 1363 4935 ex
1415 4861 1771 4936 thesauris
1834 4860 2112 4935 noviter
2170 4863 2396 4953 raptis
2464 4863 2658 4935 ferox
2715 4868 2900 4936 esset
2954 4863 3254 4935 animus,
3331 4862 3482 4935 Nec
3532 4862 3812 4936 latebat
3869 4864 4016 4937 Sbi-

922 5004 1179 5076 gneum
1252 4982 1657 5075 episcopum
1721 5002 1959 5055 eorum
2024 4983 2354 5055 voluntas
2428 4988 2550 5054 aut
2615 4982 3020 5072 consilium,
3095 4981 3378 5075 singula
3437 4983 3528 5053 ad
3591 5003 3788 5071 eum,
3847 5004 4018 5076 quae

926 5103 1312 5195 agebantur
1342 5104 1429 5191 ⁶),
1488 5102 1600 5175 his
1640 5102 1763 5193 qui
1796 5102 2164 5175 intrinseci
2219 5107 2290 5175 et
2326 5102 2448 5174 fidi
2485 5104 2967 5189 credebantur,
3026 5101 3526 5175 deferentibus.
3584 5102 4018 5196 Quapropter

1142 5375 1189 5455 ¹)
1236 5377 1542 5437 novandas
1586 5370 1714 5438 Ed.
1762 5374 1943 5459 [Αἶρε.
1993 5376 2047 5450 ²)
2093 5396 2165 5438 ac
2209 5378 2556 5437 inconsultis
2599 5372 2726 5439 Ed„
2773 5374 2955 5459 Lips.
3005 5374 3060 5455 ³)
3105 5378 3302 5454 coepit
3343 5372 3518 5439 deest
3543 5374 3622 5438 in
3651 5370 3808 5439 cod.
3845 5372 4012 5441 Calu-

928 5476 981 5559 4)
1027 5479 1319 5556 Sbigneus
1366 5475 1535 5541 decet
1576 5478 1651 5542 in
1684 5474 1837 5542 cod.
1874 5476 2051 5542 Calv.
2103 5477 2154 5559 ⁶)
2203 5481 2371 5541 duxit
2400 5476 2572 5542 dccet
2598 5479 2673 5543 in
2707 5475 2858 5543 God.
2901 5478 3078 5543 Calo.
3127 5474 3180 5559 ⁸)
3227 5480 3590 5557 gerebantur
3641 5474 3798 5542 Coa.
3829 5477 4012 5543 Rea.
