4342 6384
854 476 1002 553 608
1992 495 2221 548 mmm
2271 493 2783 548 nuonncnms.
3388 468 3527 570 (Α.
3570 465 3965 569 ῠξΙ439.)

857 680 1240 768 vallantur,
1297 700 1385 753 ne
1441 700 1522 752 ea
1584 680 1891 753 forenses
1957 682 2027 751 et
2089 680 2327 752 hostes
2393 679 2655 771 Regni,
2721 700 2881 751 cum
2946 677 3203 769 quibus
3268 676 3715 767 conspirasse
3770 676 3962 749 dice-

858 800 1097 889 batur,
1166 802 1618 892 occuparent3
1693 799 1973 871 tandem
2037 802 2347 871 castrum
2409 797 2763 890 Rapsthin
2818 797 3003 889 Regi
3066 796 3365 884 deditur,
3426 799 3735 867 castrum
3794 786 3961 867 vero

857 918 1196 991 Melsthin
1249 919 1406 991 Rex
1462 917 1821 991 obsidione
1887 919 2198 990 solutum
2260 918 2550 991 relictae
2615 938 2782 989 suae
2835 916 3178 989 restituit.
3262 916 3379 987 Ita
3442 915 3553 986 vir
3607 914 3805 986 clara
3860 916 3959 985 fa-

857 1038 1059 1110 milia
1095 1038 1150 1127 1)
1216 1042 1442 1126 ortus,
1523 1038 1900 1110 sceleratae
1967 1037 2224 1110 mentis
2290 1058 2457 1109 suae
2519 1058 2778 1128 poenas
2843 1036 3090 1128 pendit
3152 1034 3325 1107 feria
3386 1042 3642 1125 quarta
3712 1035 3793 1105 in
3848 1033 3961 1104 die

859 1157 1101 1230 Sancti
1155 1156 1506 1246 Floriani,
1548 1157 1750 1230 cuius
1808 1156 2079 1229 meritis
2137 1162 2209 1229 et
2260 1156 2759 1229 intercessione
2813 1152 3151 1246 pestifera
3204 1155 3358 1226 lues
3414 1159 3485 1228 et
3540 1154 3755 1226 civile
3812 1153 3957 1225 bel-

854 1278 1004 1350 lum
1061 1276 1297 1349 subito
1351 1276 1564 1348 unius
1617 1276 1924 1349 hominis
1978 1281 2199 1348 morte
2256 1275 2593 1348 suffocata
2648 1279 2837 1347 sunt.
2896 1274 3216 1347 Creditus
3272 1278 3378 1346 est
3417 1272 3717 1365 Spithko
3759 1293 3959 1363 prae·

861 1398 1050 1469 fatus
1104 1417 1244 1467 non
1298 1396 1795 1469 malevolentia
1849 1401 1973 1468 aut
2007 1396 2425 1487 pertinacia,
2485 1396 2605 1468 sed
2643 1395 2908 1468 cerebri
2962 1393 3326 1467 debilitate
3381 1394 3654 1465 facinus
3708 1393 3957 1464 huius-

860 1516 1049 1588 modi
1100 1516 1478 1609 peregisse,
1537 1520 1608 1587 et
1661 1514 2224 1587 Communionem
2279 1515 2649 1606 utriusque
2687 1513 2945 1606 speciei
2998 1512 3465 1587 necessariam
3518 1514 3606 1585 ad
3655 1514 3959 1585 salutem

860 1634 1273 1724 credidisse;
1328 1656 1452 1727 pro
1508 1654 1645 1725 quo
1703 1657 1745 1707 a
1782 1634 2082 1727 Sbigneo
2138 1634 2461 1726 episcopo
2500 1634 2938 1707 cracoviensi
2992 1634 3305 1725 graviter
3360 1638 3430 1705 et
3481 1638 3775 1724 paterne
3812 1653 3956 1705 cor-

857 1761 1136 1848 reptus,
1191 1756 1359 1827 dum
1411 1753 1874 1827 nihilominus
1926 1754 2382 1845 pertinaciter
2418 1754 2913 1827 correctionem
2945 1752 3004 1842 2)
3062 1754 3436 1840 abnueret,
3492 1752 3815 1825 censuris
3850 1772 3955 1824 ec-

859 1874 1279 1949 clesiasticis
1335 1874 1540 1946 illum
1575 1874 1954 1965 percellere
2009 1895 2145 1945 non
2185 1873 2503 1961 distulit,
2562 1874 2685 1947 sed
2740 1878 2811 1945 et
2848 1871 3400 1945 communionem
3455 1872 3633 1963 regii
3676 1871 3959 1944 consilii

864 2000 935 2067 et
988 1993 1327 2067 baronum
1381 2014 1506 2084 per
1541 2014 1911 2085 processus
1964 1993 2287 2083 publicos
2326 1993 2441 2066 illi
2477 1992 2884 2073 interdixit:
2944 2014 3081 2084 qua
3119 1992 3535 2065 verecundia
3570 2000 3955 2083 permaturi,

859 2114 936 2187 in
990 2113 1341 2186 choleram
1395 2112 1938 2201 excandescens,
2015 2118 2084 2186 et
2151 2112 2494 2187 ultionem
2560 2114 2645 2185 de
2708 2113 3021 2204 praefato
3088 2110 3412 2203 episeopo
3444 2110 3530 2200 3),
3598 2133 3755 2183 cum
3824 2132 3957 2202 qno

869 2232 1082 2306 etiam
1135 2231 1449 2324 privatas
1505 2237 1576 2304 et
1627 2232 1999 2305 diuturnas
2054 2232 2219 2306 lites
2273 2254 2399 2324 pro
2431 2236 2638 2324 nepte
2694 2254 2823 2304 sua
2873 2232 3183 2323 Hedvigi
3218 2232 3596 2323 Xyanszka
3625 2231 3716 2319 4),
3774 2232 3957 2303 eius-

863 2352 1020 2424 dem
1078 2350 1366 2444 Sbignei
1429 2350 1740 2443 episcopi
1802 2351 2041 2443 nepoti
2107 2350 2411 2444 Sbigneo
2476 2352 2928 2444 desponsata,
2996 2356 3067 2423 et
3122 2371 3301 2441 quae
3364 2352 3437 2421 in
3494 2352 3721 2422 altum
3778 2351 3955 2422 invi-

867 2470 1186 2544 dentium
1241 2470 1687 2543 suasionibus
1742 2471 2177 2562 prodierant,
2237 2471 2457 2543 scitus
2514 2471 2650 2543 fuit
2704 2470 3163 2559 contraxisse,
3222 2490 3493 2543 sumere
3524 2470 3586 2559 5)
3640 2491 3955 2561 speranti,

869 2589 1394 2663 exercitualiter
1430 2590 1505 2662 in
1543 2591 2071 2663 conventionem
2107 2592 2491 2682 praefatam
2529 2591 2980 2664 descenderat
3001 2590 3089 2679 ⁶),
3127 2595 3325 2662 ratus
3360 2589 3513 2662 illic
3568 2592 3958 2681 praefatum

868 2709 1271 2803 episcopum
1323 2715 1799 2802 reperturum;
1871 2731 2114 2784 verum
2171 2710 2339 2802 quia
2400 2711 2551 2803 ipse
2608 2711 2978 2803 episcopus
3042 2710 3127 2782 de
3182 2710 3330 2781 suis
3394 2708 3769 2782 conatibus
3824 2709 3959 2780 iam

867 2829 1218 2919 avisatuS,
1288 2829 1362 2901 in
1437 2829 1772 2902 Cracovia
1824 2850 2220 2918 remanenS,
2294 2852 2336 2902 a
2406 2829 2862 2903 conventione
2927 2829 3082 2921 ipsa
3138 2826 3565 2917 abstinebat,
3640 2828 3717 2900 in
3796 2850 3957 2900 suos

869 2950 1122 3021 fratres
1187 2953 1258 3021 et
1310 2948 1571 3021 amicos
1645 2948 2013 3021 saevitiam
2079 2970 2278 3021 suam
2346 2950 2718 3022 extendere
2782 2952 3140 3041 satagenS,
3216 2949 3435 3021 vitam
3500 2954 3571 3022 et
3636 2970 3839 3020 suam
3892 2954 3957 3019 et

873 3087 1155 3139 suorum
1209 3067 1448 3158 posuit
1503 3067 1578 3140 in
1633 3066 2036 3140 discrimen:
2095 3069 2179 3142 de
2234 3089 2370 3159 quo
2424 3089 2564 3139 non
2618 3074 2762 3140 tam
2818 3067 2963 3155 illi,
3021 3088 3228 3159 quam
3283 3067 3705 3157 quibusdam
3761 3068 3955 3141 baro-

867 3186 1112 3276 nibus,
1180 3186 1330 3258 suis
1394 3186 1713 3260 consiliis
1785 3192 1854 3259 et
1914 3188 2453 3279 promissionum
2528 3188 2857 3260 fomentis
2921 3187 3357 3279 propositum
3412 3209 3618 3259 suum
3683 3191 3757 3259 et
3809 3188 3957 3259 lau-

867 3306 1200 3380 dantibus
1256 3310 1327 3379 et
1380 3307 1912 3399 adiuvantibus,
1977 3328 2134 3380 reor
2188 3308 2757 3381 succensendum.
2840 3306 3074 3379 Motus
3138 3310 3373 3380 autem
3425 3307 3869 3381 Wladislaus
3900 3309 3959 3396 ⁷)

866 3426 1062 3521 regia
1113 3426 1398 3520 pietate,
1457 3426 1804 3501 Praelatis
1860 3431 1930 3501 et
1965 3426 2343 3501 baronibus
2381 3427 2613 3519 Regni
2664 3426 2737 3497 id
2774 3448 2815 3498 a
2852 3447 2981 3498 sua
3016 3426 3385 3501 Maiestate
3437 3428 3959 3519 expetentibus,

869 3551 939 3620 et
993 3547 1416 3620 sententiam
1471 3550 1712 3620 contra
1755 3547 2050 3621 eundem
2097 3546 2557 3638 Spithkonem
2618 3547 2835 3619 latam
2874 3546 3212 3635 cassavit,
3277 3547 3663 3620 infirmavit
3718 3554 3790 3621 et
3841 3568 3957 3621 ex·

869 3666 1124 3757 tinxit,
1183 3670 1253 3740 et
1307 3671 1450 3739 tam
1504 3666 1690 3739 filios
1745 3687 1910 3739 suos
1939 3666 2002 3756 ε1)
2069 3688 2275 3758 quam
2332 3686 2567 3739 omnes
2632 3686 3069 3739 successores
3099 3666 3161 3754 ⁹)
3228 3666 3314 3738 ad
3371 3668 3691 3759 singulos
3749 3669 3959 3740 hono·

868 3808 1024 3860 rum
1077 3785 1530 3859 nobilitatum
1595 3791 1665 3859 et
1700 3786 2151 3879 dignitatum
2214 3785 2508 3878 gradus,
2575 3807 2990 3878 quacunque
3056 3787 3611 3877 transgressione
3666 3787 3963 3879 praefati

872 3906 1287 3998 Spithkonis
1341 3927 1481 3997 non
1536 3905 1890 3994 obstante,
1946 3905 2293 3994 restituit,
2354 3911 2425 3977 et
2480 3906 2758 3997 culpam
2812 3910 3025 3997 atque
3092 3906 3362 3979 facinus
3418 3928 3624 3980 suum
3680 3908 3962 3999 penitus

871 4026 1204 4099 abolevit.
1262 4025 1512 4098 Variae
1567 4028 1799 4099 autem
1857 4046 2065 4117 super
2118 4046 2200 4097 ea
2237 4026 2327 4114 ¹⁰)
2385 4010 2727 4098 occisione
2782 4026 3163 4099 edebantur
3216 4026 3610 4117 opiniones:
3681 4028 3961 4119 quidam

872 4145 1024 4219 iure
1078 4164 1354 4218 caesum
1419 4144 1774 4235 dicebant,
1852 4145 2337 4237 sentinamque
2405 4145 2753 4236 quandam
2816 4146 3045 4238 Regni
3119 4147 3461 4220 succisam
3524 4168 3681 4220 esse
3747 4149 3961 4221 laeta-

872 4264 1155 4352 bantur,
1214 4268 1602 4339 creaturam
1639 4264 1729 4353 11)
1784 4265 2024 4356 plures
2060 4264 2317 4337 fluetus
2372 4264 2449 4337 ni
2484 4266 2662 4336 foret
2702 4263 2790 4353 ¹2)
2846 4286 3212 4358 oppressa;
3268 4267 3554 4357 quidam
3590 4274 3961 4357 amentem,

872 4388 953 4457 ut
1007 4388 1189 4473 erat,
1247 4383 1710 4472 excusabant,
1776 4384 2070 4457 dolendo
2111 4382 2223 4473 ¹³),
2300 4385 2484 4476 quod
2547 4384 2775 4476 ipsius
2839 4385 3144 4459 amentia
3208 4407 3345 4458 non
3409 4388 3498 4459 ad
3561 4387 3677 4460 sui
3740 4388 3963 4480 ipsius

871 4508 1184 4593 tantum,
1243 4505 1365 4577 sed
1421 4502 1633 4577 etiam
1689 4504 1774 4575 ad
1812 4503 2193 4575 multorum
2248 4504 2546 4577 aliorum
2592 4505 2970 4597 perniciem
3008 4506 3383 4594 valuisset,
3440 4507 3965 4599 agrestiumque

872 4631 1200 4715 mortem,
1259 4623 1382 4717 qui
1436 4623 1728 4715 imperio
1785 4644 1910 4696 suo
1966 4622 2296 4697 resistere
2348 4646 2487 4698 non
2541 4624 2729 4715 ausi,
2789 4646 2945 4697 eum
2985 4626 3209 4700 secuti
3263 4627 3572 4716 fuerant,
3628 4628 3962 4715 omnium,

1089 4948 1135 5026 ¹)
1183 4949 1378 5009 clarae
1423 4948 1680 5008 familiae
1736 4944 1886 5009 Ood.
1933 4944 2106 5010 Kost.
2157 4946 2214 5027 ²)
2258 4950 2686 5026 correptionem
2734 4945 2885 5013 Cod.
2927 4948 3103 5014 Kost.
3152 4950 3200 5031 ³)
3250 4951 3528 5029 episcopo
3588 4950 3965 5013 Cracoviensi

872 5046 1001 5113 Ed.
1032 5044 1216 5133 Lips.
1265 5048 1322 5130 ⁴)
1367 5050 1631 5111 Craszka
1679 5044 1830 5113 cod.
1870 5048 2088 5113 Przez.
2153 5050 2207 5131 ⁵)
2256 5070 2624 5129 summopere
2664 5050 2793 5115 Ed.
2839 5052 3023 5137 Lips.
3080 5054 3135 5135 ⁶)
3181 5061 3516 5115 accesserat
3562 5048 3717 5117 Cod.
3747 5052 3966 5115 Przez.

877 5151 930 5230 ⁷)
979 5153 1110 5213 Rex
1150 5152 1514 5213 Wladislaus
1558 5149 1686 5216 Ed.
1749 5150 1931 5235 Lips.
1996 5152 2047 5225 ⁸)
2094 5154 2222 5214 eius
2271 5151 2423 5216 Cod.
2480 5152 2615 5217 Die.
2681 5154 2733 5237 ⁹)
2782 5158 3188 5219 successiones
3232 5154 3358 5218 Ed.
3404 5154 3587 5239 Lips.
3666 5156 3745 5229 ¹⁰)
3790 5174 3969 5234 super

876 5254 1007 5418 (Ξῐὲε
1052 5248 1206 5417 ίῖἰᾶ.
1251 5250 1390 5317 Lis.
1475 5253 1554 5335 ¹¹)
1600 5261 2016 5317 commoturam
2079 5251 2231 5319 cod.
2276 5253 2418 5320 Lis.
2506 5258 2581 5340 ¹²)
2628 5261 2742 5319 nisi
2800 5260 3011 5321 fuisset
3074 5257 3201 5322 Ed.
3246 5256 3429 5343 [αἶρε.
3516 5258 3593 5340 ¹³)
3654 5260 3969 5321 dolendum

1143 5374 1247 5439 ps.

3024 6370 3469 6384 -ή-ῂ
3508 6356 4071 6383 ᾐ-ὴήἮ-ἯΑ
