4342 6384
440 583 576 684 (Α.
615 572 707 660 D.
747 584 1001 684 1444.)
1577 606 1804 661 menn
1854 606 2366 661 oeconomus,
3393 586 3432 656 7
3439 586 3533 659 01

438 914 750 1004 Georgi-⁸
791 914 1114 1005 Bospotus
1156 914 1429 987 1111113133
1492 916 1565 985 ot
1607 914 1931 985 lohannes
1973 914 2055 999 do
2097 912 2350 986 Enniad
2393 888 2616 1004 pacem
2677 930 2820 986 eun
2863 914 3201 987 Turcorum
3245 915 3540 1000 01131313,

879 1033 1231 1107 'ladislao
1274 1034 1449 1124 nego
1494 1033 1867 1106 inconsulto
1913 1036 1984 1105 et
2027 1036 2390 1124 apparente
2433 1034 2690 1121 bellun,
2737 1034 3110 1107 conficiunt.

649 1275 1025 1347 Fervorem
1080 1274 1303 1345 altum
1359 1278 1431 1346 et
1483 1272 1559 1346 in
1611 1272 1939 1346 universo
1996 1273 2239 1365 Regno
2293 1269 2732 1366 Hungariae,
2800 1271 3204 1365 Regnisque
3259 1276 3330 1345 31
3379 1294 3538 1366 pro-

443 1392 699 1468 vinciis
754 1392 1209 1482 cometaneiS,
1274 1412 1400 1485 pro
1454 1392 1913 1467 instaurando
1965 1393 2153 1466 bello
2211 1397 2453 1467 contra
2488 1394 2783 1481 Turcos,
2841 1391 2914 1464 in
2954 1396 3364 1465 cunctorum
3419 1414 3536 1483 pe-

442 1513 753 1587 ctoribus
791 1518 1231 1605 conceptum,
1287 1514 1739 1606 permittente
1777 1515 1921 1587 Deo
1959 1518 2304 1587 tractatus
2341 1513 2536 1605 pacis
2584 1534 2708 1605 per
2743 1513 3119 1606 Georgium
3155 1512 3540 1603 Despotum

443 1631 740 1706 Raeciae
794 1638 866 1705 ct
901 1634 1283 1707 Iohannem
1338 1634 1424 1705 de
1459 1633 1746 1706 Huniad
1775 1634 2268 1725 Woyewodam
2304 1634 2864 1723 Transylvanum
2919 1652 3076 1705 cum
3113 1633 3542 1724 Imperatore

445 1754 823 1826 Turcorum
879 1753 1226 1825 Amurath
1264 1754 1319 1843 ¹)
1375 1753 1809 1827 clandestine
1861 1753 2325 1845 interpositus
2361 1752 2728 1845 restringit
2755 1751 2843 1841 ²).
2900 1750 3280 1824 conventio
3317 1751 3539 1843 siqui-

444 1872 600 1947 dem
656 1871 793 1945 fuit
847 1874 1123 1945 occulta
1183 1874 1507 1965 pactione
1571 1874 1757 1947 inter
1820 1870 2198 1967 Georgium
2261 1875 2647 1965 Despotum
2678 1870 2764 1961 ³),
2834 1870 2955 1963 qui
3022 1870 3541 1944 restitutionem

444 1997 831 2067 castrorum
887 1997 958 2066 et
1010 1993 1477 2066 dominiorum
1532 2014 1815 2067 suorum
1881 2014 2007 2085 per
2059 1995 2320 2067 Turcos
2375 1978 2884 2089 occupatorum
2920 1993 3366 2065 vehementer
3417 1990 3540 2063 fia-

444 2112 724 2206 grabat,
782 2118 853 2185 et
908 2112 1189 2186 facilius
1226 2113 1427 2186 illam
1481 2114 2001 2187 conditionibus
2036 2113 2264 2205 pacis,
2322 2134 2531 2206 quarn
2567 2111 3078 2185 instauratione
3129 2110 3304 2185 belli
3341 2131 3547 2203 posse

445 2231 815 2325 provenire
868 2233 1229 2322 censebat,
1286 2238 1357 2306 et
1392 2234 1777 2307 Iohannem
1816 2233 2337 2325 Woyewodam,
2393 2238 2474 2305 ut
2526 2252 2696 2323 pace
2750 2231 2938 2304 inter
2973 2232 3296 2324 Regnum
3342 2232 3542 2304 Hun-

444 2352 682 2447 gariae
738 2358 809 2425 et
863 2354 1245 2426 Turcorum
1299 2354 1801 2445 Imperatorem
1854 2353 1969 2426 his
2023 2352 2580 2441 conditionibus,
2648 2355 2730 2423 111
2783 2352 3134 2445 Despotus
3190 2356 3421 2425 castra
3475 2354 3546 2423 et

447 2478 671 2546 terras
726 2494 891 2545 suas
941 2477 1416 2564 recuperaret,
1482 2473 1901 2564 composita,
1966 2474 2319 2546 Iohannes
2372 2470 2792 2564 Woyewoda
2853 2471 2929 2544 in
2995 2469 3226 2543 omnia
3287 2476 3540 2559 castra,

449 2591 777 2665 civitates
832 2597 904 2665 et
958 2592 1204 2681 villae,
1262 2612 1442 2684 quae
1497 2594 1847 2684 Despotus
1902 2593 1975 2665 111
2030 2592 2398 2685 Hungaria
2461 2591 2832 2681 donatione
2886 2589 3165 2665 Alberti
3220 2594 3290 2663 et
3346 2588 3540 2662 Wla·

448 2711 661 2786 dislai
712 2712 986 2804 Regum
1042 2712 1431 2802 obtinebat,
1490 2712 1922 2786 succederet:
1983 2734 2160 2806 quae
2211 2711 2445 2806 pactio
2481 2704 2884 2785 'Iohannem
2921 2711 3407 2803 Woyewodam
3455 2710 3543 2781 ad
3619 2781 3624 2785 .

448 2821 992 2923 componendam
1028 2852 1300 2923 pacem,
1351 2832 1673 2924 quamvis
1720 2833 1987 2905 bellum
2024 2832 2273 2925 ingens
2309 2835 2618 2924 pararet,
2657 2830 2997 2905 accendit.
3034 2829 3370 2903 Pluribus
3408 2830 3540 2902 ita·

450 2972 597 3055 qufl
622 2950 917 3041 nuntiis,
958 2952 1080 3043 qui
1116 2972 1241 3043 pro
1278 2951 1695 3026 liberatione
1722 2952 2185 3045 Woyewodae
2213 2951 2282 3025 N
2286 2950 2567 3041 3131133,
2609 2951 2683 3025 in
2721 2950 3069 3044 superiori
3103 2951 3290 3024 bello
3329 2948 3540 3041 capti,

448 3071 847 3164 praesentia
874 3072 939 3160 ⁴)
996 3092 1125 3144 3113
1168 3071 1629 3161 consistente,
1694 3072 1783 3144 ad
1829 3072 2035 3145 illum
2082 3072 2536 3165 Imperatoris
2575 3074 2955 3145 Turcorum
3016 3068 3295 3144 nomine
3348 3090 3537 3143 acce-

449 3192 739 3279 debant,
796 3211 1035 3284 pacem
1096 3195 1222 3263 aut
1272 3191 1469 3284 pacis
1526 3192 1967 3265 sufferentias
1996 3192 2060 3280 5)
2116 3192 2612 3285 expetentibus
2635 3248 2652 3279 ,
2721 3192 3070 3265 Iohannes
3123 3190 3544 3282 Woyewoda

448 3310 829 3404 potiundae
882 3310 1077 3404 pacis
1132 3332 1324 3403 spem
1379 3312 1567 3384 haud
1621 3311 1904 3384 dubiam
1956 3312 2410 3404 repromittit.
2466 3311 2616 3385 Nec
2668 3314 3022 3404 Despotus
3058 3310 3354 3384 Rasciae
3409 3312 3540 3384 Gre-

450 3430 691 3525 orgius
744 3452 833 3504 ex
886 3452 1137 3524 magna
1190 3452 1423 3505 rerum
1476 3430 1963 3523 desperatione
2018 3432 2092 3503 in
2145 3452 2469 3524 magnam
2526 3436 2596 3505 et
2649 3432 2866 3504 altam
2923 3451 3119 3523 spem
3172 3450 3538 3521 recupera-

452 3552 667 3625 tionis
722 3549 1187 3625 dominiorum
1242 3572 1527 3624 suorum
1588 3551 1965 3640 adductae,
2034 3551 2367 3643 quiescit,
2433 3552 2696 3625 crebris
2763 3550 3036 3623 nuntiis
3101 3550 3186 3623 de
3239 3549 3544 3622 ineunda

449 3692 650 3763 pace,
706 3677 857 3743 tum
911 3670 1294 3744 Iohannem
1336 3672 1853 3764 Woyewodam,
1908 3675 2061 3744 tum
2115 3672 2496 3745 Turcorum
2533 3672 2895 3745 Caesarem
2951 3667 3314 3743 sollicitat.
3373 3668 3542 3741 Sen-

450 3794 639 3865 serat
692 3792 1071 3863 Turcorum
1125 3791 1377 3863 Caesar
1438 3791 1963 3881 exploratorum
2026 3792 2101 3863 in
2131 3792 2195 3880 ⁶)
2259 3790 2625 3864 universas
2686 3789 3094 3883 Hungariae
3156 3794 3228 3861 et
3291 3788 3543 3861 Italiae

450 3932 607 3983 3133
660 3930 786 4001 per
840 3931 996 3983 eum
1058 3909 1481 3983 directorum
1544 3909 1914 3999 relatione,
1982 3910 2234 4004 ingens
2297 3909 2565 3984 bellum
2618 3910 2956 3983 adversus
3021 3930 3096 3983 se
3147 3907 3414 4001 parari,
3472 3913 3542 3980 31

450 4036 595 4103 13111
650 4034 1048 4103 terrestrem
1112 4030 1533 4119 exercitum,
1609 4051 1815 4122 quam
1880 4032 2178 4104 classem
2241 4030 2664 4105 maritimam
2729 4050 2982 4121 magna
3041 4029 3224 4102 mole
3288 4033 3360 4101 et
3412 4050 3538 4099 nu-

450 4171 638 4223 mero
694 4149 1112 4223 instructam
1167 4170 1341 4223 3333.
1400 4152 1755 4242 Expertus
1794 4156 1945 4224 erat
1998 4149 2344 4242 superiori
2397 4170 2577 4222 anno
2616 4148 2992 4223 Wladislai
3047 4148 3264 4241 Regis
3319 4152 3391 4220 et
3429 4147 3542 4219 3111

449 4267 806 4344 exercitus
860 4268 1170 4342 animum
1186 4324 1202 4357 ‚
1262 4269 1449 4343 vires
1505 4274 1577 4344 et
1630 4269 2040 4343 felicitatem
2056 4326 2073 4359 ,
2131 4290 2339 4362 quem
2393 4268 2890 4361 multiplicatis
2947 4268 3168 4361 copiis
3222 4288 3361 4341 non
3413 4268 3539 4340 du-

448 4389 725 4463 bitabat
777 4392 1184 4477 venturum,
1254 4388 1597 4482 facileque
1650 4389 2000 4481 Europam
2064 4410 2336 4462 omnem
2401 4387 2474 4460 in
2531 4410 2728 4461 suam
2781 4392 3202 4480 potestatem
3273 4386 3538 4460 reditu-

449 4530 599 4582 ram
654 4507 1141 4597 concludebat,
1201 4508 1265 4580 si
1318 4508 1669 4581 exercitus
1724 4508 2079 4581 terrestris
2134 4508 2672 4601 coniungeretur
2719 4507 3092 4580 maritimo.
3150 4506 3544 4580 Accedebat

448 4650 589 4701 non
644 4627 931 4702 inferior
984 4630 1231 4715 terror,
1294 4628 1652 4701 Karaman
1713 4630 2208 4701 Thartarorum
2281 4627 2596 4701 Caesaris
2660 4627 2854 4700 filius
2871 4682 2888 4716 ,
2957 4624 3079 4719 qui
3134 4626 3372 4700 eadem
3425 4648 3538 4699 ae·

450 4753 637 4821 state
690 4747 1081 4821 instaurato
1146 4746 1451 4821 maximo
1516 4747 1832 4822 exercitu
1894 4752 2131 4840 petere
2186 4747 2254 4821 Ν
2258 4748 2548 4821 atoliam
2613 4746 3093 4820 nuntiabatur.
3167 4748 3300 4819 Tot
3352 4745 3542 4818 curis

452 4873 527 4942 et
580 4866 1061 4941 anxietatibus
1118 4868 1385 4941 Turcus
1439 4868 1844 4957 distractu3‚
1903 4868 2117 4941 fatale
2183 4866 2322 4941 sibi
2375 4872 2653 4960 tempus
2708 4865 3077 4941 advenisse
3131 4871 3202 4939 et
3256 4864 3546 4941 coelesti

450 5007 796 5061 consensu
849 4992 1083 5060 actum
1136 5008 1290 5061 3333
1344 4988 1429 5061 (13
1484 5008 1559 5061 33
1613 4992 1685 5062 31
1736 5008 1864 5061 3113
1917 4986 2208 5080 imperio
2263 4986 2714 5075 existimans,
2772 4986 2962 5059 omni
2997 4990 3251 5059 conatu
3307 4989 3381 5059 et
3432 4984 3538 5058 in-

450 5106 659 5201 genio
712 5106 1120 5180 firmandam
1176 5126 1328 5181 esse
1381 5128 1619 5199 pacem
1674 5128 1831 5187 311111
1885 5107 2270 5201 Hungaris,
2327 5105 2607 5180 etiamsi
2661 5128 2829 5180 auro
2884 5106 3054 5195 emi,
3111 5109 3235 5179 aut
3287 5126 3542 5179 renun-

669 5379 718 5465 ¹)
766 5382 1048 5445 Omarath
1096 5376 1248 5445 0on
1284 5376 1462 5445 Calv.
1510 5378 1559 5461 ²)
1606 5381 1941 5457 restinguit.
1988 5378 2141 5443 (lod.
2186 5376 2362 5442 Kost.
2421 5377 2476 5460 ³)
2521 5382 2848 5457 Despotum
2891 5378 3144 5441 Rasciae
3187 5374 3314 5439 Ed.
3361 5374 3544 5461 Lips.

454 5484 522 5566 ⁸),
556 5488 617 5546 in
676 5487 1015 5564 praesentia
1061 5480 1214 5549 Cod.
1259 5482 1439 5547 Kone.
1503 5480 1559 5563 ⁶)
1601 5484 1871 5545 inducias
1919 5478 2072 5546 Cod.
2118 5480 2254 5546 Lis.
2317 5480 2371 5559 ⁸)
2417 5500 2526 5561 per
2567 5479 2695 5547 Ed.
2740 5479 2923 5565 Lips.
