4342 6384
356 603 493 704 (Α.
532 606 623 681 D.
664 605 917 706 1440.)
1497 635 1723 688 mann
1774 635 2287 690 nuonncmus.
3305 613 3453 686 653

352 837 627 887 murum
682 815 927 904 castri,
988 817 1108 908 qui
1164 818 1571 893 notabiliter
1624 820 1699 893 in
1736 822 1975 895 alveos
2034 821 2276 894 Sawae
2315 823 2368 912 1)
2426 827 2496 894 31
2533 821 2841 895 Danubii
2891 825 3264 913 protensus
3319 826 3452 912 est,

349 937 721 1028 appulsae,
786 957 909 1028 per
962 943 1355 1012 castrenses
1420 945 1687 1032 captae.
1765 941 2147 1016 Conflictus
2217 948 2450 1016 autem
2519 947 2589 1015 et
2643 947 2992 1016 certamen
3049 939 3453 1016 huiusmodi

353 1057 439 1130 ab
494 1059 663 1130 hora
716 1057 943 1149 prima
1010 1059 1151 1132 diei
1218 1060 1501 1134 duravit
1563 1083 1785 1154 usque
1849 1063 1921 1135 in
1978 1085 2374 1156 vesperam,
2444 1067 2514 1138 et
2567 1063 2836 1137 animos
2893 1064 3276 1136 Turcorum
3332 1086 3453 1156 spe

352 1177 675 1269 potiundi
730 1178 947 1250 castri
1002 1180 1267 1253 alacres
1324 1202 1651 1255 successu
1708 1203 1832 1255 suo
1890 1185 2270 1278 perterruit
2324 1189 2394 1258 31
2449 1184 2814 1276 confregit.
2890 1184 3143 1258 Caesar
3197 1185 3450 1257 Turco-

352 1320 507 1370 rum
561 1320 814 1392 magna
876 1300 1072 1372 clade
1127 1300 1369 1374 taliter
1424 1308 1737 1394 accepta,
1805 1326 1928 1379 sex
1985 1307 2344 1380 mensibus
2407 1305 2482 1378 in
2537 1305 2753 1378 castri
2807 1304 3168 1378 obsidione
3223 1305 3449 1376 incas·

354 1441 509 1490 sum
566 1419 867 1508 exactiS,
927 1419 1136 1493 motis
1191 1420 1442 1494 castris
1497 1423 1572 1495 in
1629 1428 1850 1496 terras
1906 1447 2071 1498 suas
2127 1427 2460 1499 confusus
2517 1425 2726 1499 rediit
2757 1423 2842 1515 ²).
2901 1425 3164 1498 Multos
3221 1429 3454 1497 tamen

355 1538 723 1630 utriusque
778 1561 991 1613 sexus
1044 1541 1359 1614 homines
1434 1545 1563 1616 sub
1620 1549 1926 1636 tempore
1982 1546 2366 1619 obsidionis
2442 1547 2515 1619 in
2572 1550 2758 1619 terra
2823 1545 3451 1638 Septemcastrensi

354 1661 917 1752 comprehensos,
984 1661 1060 1734 in
1116 1662 1529 1736 servitutem
1595 1664 2067 1739 miserabilem
2130 1666 2459 1756 abduxit,
2525 1687 2652 1740 nec
2714 1667 2944 1760 prius,
3011 1665 3152 1738 nisi
3217 1666 3452 1738 soluta

356 1779 748 1870 obsidione,
814 1783 1101 1856 Petrum
1164 1773 1580 1857 Lancziczki
1647 1787 1731 1858 ad
1788 1786 2261 1860 Wladislaum
2326 1789 2589 1882 Regem
2651 1786 2959 1875 remisit,
3028 1785 3452 1859 denuntians

353 1922 477 1993 per
530 1902 767 1991 illum,
843 1907 922 1975 ut
986 1903 1047 1975 si
1110 1925 1350 1996 pacem
1416 1907 1666 1994 vellet,
1732 1911 2041 1980 castrum
2106 1908 2292 1980 Alba
2345 1907 2633 1980 Nandor
2663 1906 2751 1998 ³),
2819 1930 2860 1980 a
2924 1928 3060 1999 quo
3123 1907 3452 1998 repulsus

356 2026 527 2111 erat,
585 2021 972 2118 resignaret
1002 2024 1065 2115 ⁴)
1122 2029 1193 2098 et
1250 2024 1454 2100 terris
1510 2025 1806 2100 Rasciac
1862 2028 2157 2102 cederet.

354 2388 670 2478 stignus
714 2389 1072 2462 cardinalis
1118 2394 1189 2463 31
1235 2393 1576 2482 episcopus
1620 2393 2065 2466 Gracoviensis
2112 2412 2199 2466 ex
2229 2395 2406 2468 Bada
2450 2394 2806 2468 revertitur
2847 2397 2918 2468 in
2947 2395 3292 2467 Poloniam.
3337 2395 3451 2467 Ba·

353 2527 547 2582 rones
579 2510 881 2584 roloniae
911 2512 1169 2585 11110113
1200 2513 1560 2587 decernunt
1592 2516 2004 2587 exactionem
2032 2516 2356 2589 fortona-
2384 2515 2456 2589 in
2485 2515 2840 2588 subsidium
2870 2516 3205 2588 wladislai
3232 2515 3449 2605 Regis.

561 2753 799 2826 Rebus
854 2752 1323 2826 coronationis
1396 2759 1467 2827 et
1528 2753 1691 2826 aliis
1766 2755 2074 2847 publicis
2147 2777 2274 2847 pro
2339 2754 2586 2828 maiori
2646 2759 2847 2847 parte
2923 2754 3449 2843 consummatis,

355 2873 704 2966 Sbigneus
760 2871 1151 2946 cardinalis
1208 2878 1277 2946 et
1331 2873 1701 2966 episcopus
1758 2874 2272 2964 cracoviensiS,
2331 2875 2616 2948 obtenta
2667 2875 2989 2965 licentia,
3046 2875 3134 2948 ad
3170 2876 3455 2968 propria

353 2993 612 3069 reverti
669 2993 929 3085 coepit,
1004 2993 1367 3086 exivitque
1432 2995 1517 3068 de
1580 2996 1781 3068 Buda
1854 2995 2027 3070 feria
2090 3001 2292 3069 sexta
2361 3001 2525 3088 post
2587 2998 2842 3070 festum
2909 2997 3151 3070 Sancti
3213 2995 3451 3080 Iacobi

356 3115 718 3210 Apostoli,
801 3135 978 3206 quae
1041 3115 1177 3188 fuit
1238 3115 1389 3188 dies
1453 3115 1787 3190 vicesima
1849 3137 2031 3189 nona
2060 3116 2121 3206 5)
2193 3116 2486 3207 1111116),
2561 3121 2631 3191 31
2691 3116 2841 3189 ibat
2924 3136 3048 3208 per
3119 3116 3450 3205 Czosnek,

356 3239 683 3323 Othwan,
756 3235 1190 3327 Kyewyesch
1221 3236 1308 3327 ⁷),
1385 3236 1749 3326 Serencze,
1836 3239 2145 3327 Pothok,
2221 3238 2571 3326 Wronow,
2639 3238 3002 3329 Stropkow
3029 3235 3118 3326 8).
3198 3237 3448 3309 Verum

357 3359 523 3432 dum
588 3356 701 3429 die
775 3354 1138 3428 Dominico
1213 3355 1285 3428 in
1358 3357 1791 3448 Kyewyesch
1820 3356 1883 3447 ⁹)
1969 3357 2310 3447 venisset,
2387 3357 2750 3450 oppidani,
2834 3356 2956 3449 qui
3018 3377 3142 3448 per
3209 3359 3454 3448 gentes

357 3479 614 3572 regias,
673 3482 795 3549 aut
851 3481 1097 3550 euntes
1152 3475 1227 3548 in
1266 3477 1568 3566 Budam,
1627 3482 1751 3549 aut
1804 3498 1892 3550 ex
1930 3478 2133 3550 Buda
2189 3477 2263 3550 in
2301 3477 2664 3550 Poloniam
2716 3478 3115 3565 redeuntes,
3172 3477 3247 3548 in
3301 3476 3450 3548 bla-

362 3599 470 3672 dis
510 3599 599 3689 10)
656 3618 893 3671 eorum
960 3596 1271 3670 violenta
1331 3597 1725 3690 receptione
1792 3597 2288 3690 multipliciter
2351 3597 2909 3686 offendebantur,
2988 3597 3454 3689 receptionem

356 3743 586 3794 rerum
642 3741 925 3792 suarum
991 3719 1064 3791 in
1117 3719 1271 3811 ipso
1327 3717 1685 3792 Cardinali
1747 3723 1819 3790 et
1873 3719 2023 3791 suis
2089 3721 2312 3792 facere
2370 3718 2602 3793 conati
2657 3723 2853 3795 sunt,
2915 3722 2985 3792 et
3040 3739 3081 3791 a
3135 3718 3448 3790 Iohanne

358 3842 443 3914 de
482 3841 710 3914 8311110
750 3841 838 3929 ¹¹)
893 3840 967 3912 in
1005 3839 1337 3913 comitiva
1374 3837 1464 3927 12)
1520 3839 1747 3930 11131113
1802 3838 2192 3912 cardinalis
2249 3839 2633 3927 existente,
2681 3839 3166 3932 repetitionem
3220 3858 3450 3910 rerum

359 3982 645 4033 suarum
700 3959 1136 4052 interpositis
1192 3959 1400 4033 minis
1458 3959 1899 4052 flagitabant:
1968 3965 2254 4053 propter
2307 3960 2492 4053 quod
2556 3981 2642 4034 ex
2699 3958 3154 4033 altercatione
3208 3962 3454 4030 mutua

360 4081 612 4155 seditio
669 4081 1021 4172 extemplo
1076 4085 1313 4153 coorta
1368 4085 1477 4152 331
1532 4085 1602 4153 31
1655 4101 1891 4174 pugna
1960 4080 2035 4152 in
2088 4079 2412 4173 pluribus
2468 4081 2644 4154 locis
2697 4101 2822 4172 per
2877 4079 3291 4172 oppidanos,
3351 4079 3450 4149 fa·

362 4201 630 4274 miliam
673 4199 1061 4274 cardinalis
1117 4204 1239 4272 aut
1277 4221 1425 4289 303,
1486 4199 1608 4292 qui
1646 4220 1880 4272 secum
1935 4200 2009 4272 in
2048 4200 2380 4274 comitiva
2431 4201 2753 4274 redibant
2805 4199 3308 4292 impetentibus
3339 4197 3452 4287 ¹³),

357 4342 670 4397 accensa.
736 4320 1127 4394 cardinalis
1181 4320 1255 4392 in
1294 4341 1501 4412 equo,
1560 4319 1829 4393 familia
1865 4341 2023 4394 eum
2077 4321 2162 4394 ab
2202 4320 2390 4393 omni
2445 4322 2664 4395 latere
2701 4321 2791 4411 ¹⁴¹)
2846 4322 3276 4412 protegente,
3333 4341 3450 4410 pe·

355 4443 659 4516 riculum
715 4441 963 4515 evasit.
1022 4441 1169 4532 Quo
1226 4461 1313 4514 ex
1352 4442 1606 4534 oppido
1659 4441 2056 4530 recedente,
2114 4441 2335 4514 maior
2374 4444 2723 4516 tumultus
2777 4440 3246 4528 consurrexit,
3285 4440 3450 4512 dum

363 4562 743 4636 familiares
798 4561 911 4634 sui
964 4559 1263 4636 invicem
1315 4560 1683 4654 glomerati
1735 4582 2044 4654 pugnam
2098 4584 2254 4636 cum
2295 4562 2664 4655 oppidanis
2717 4561 3003 4635 inirent.
3061 4561 3452 4634 Accensum

358 4686 468 4756 est
520 4683 854 4775 posthaec
906 4679 1275 4773 oppidum,
1343 4687 1413 4756 31
1466 4681 1798 4774 oppidani
1859 4682 2055 4776 gazis
2110 4682 2262 4756 suis
2325 4687 2750 4772 metuenteS,
2819 4681 2894 4755 111
2951 4683 3186 4775 fugam
3239 4679 3451 4770 versi,
3574 4768 3585 4780 „

359 4802 523 4877 telis
575 4803 817 4894 plures
871 4822 1096 4893 usque
1150 4803 1236 4874 ad
1275 4808 1568 4876 mortem
1606 4803 1966 4893 0111111115)
2022 4809 2221 4892 311111,
2279 4803 2508 4878 11131113
2559 4824 2721 4895 11313
2775 4799 3091 4877 civitatis
3145 4821 3304 4875 cum
3341 4821 3450 4874 ec-

575 5128 620 5208 ¹)
666 5128 871 5190 Szawe
914 5123 1041 5190 Ed.
1070 5123 1249 5210 Lips.
1298 5122 1353 5210 ²)
1400 5127 1564 5189 abiit.
1614 5121 1767 5190 Cod.
1800 5123 1977 5190 Kost.
2026 5123 2075 5206 3)
2122 5127 2508 5190 Albanander
2548 5123 2676 5189 Ed.
2719 5123 2901 5210 Lips.
2948 5123 3001 5206 ⁴)
3048 5127 3162 5190 sibi
3191 5127 3454 5206 resigna-

358 5239 451 5295 ret
496 5227 648 5296 Cod.
698 5228 876 5295 Kost.
942 5227 993 5310 δ)
1042 5231 1324 5293 vicesima
1366 5231 1617 5309 septima
1664 5225 1818 5293 Cod.
1864 5228 2083 5293 Przez.
2142 5231 2426 5292 vicesima
2469 5237 2694 5292 octava.
2727 5226 2880 5293 Cod.
2929 5227 3064 5292 Lis.
3133 5226 3190 5314 ⁸)
3237 5232 3458 5293 mensis

356 5337 491 5398 Iulii
534 5334 663 5398 Ed.
709 5333 891 5419 Lips.
940 5334 995 5415 ⁷)
1038 5337 1311 5396 Kiewesz
1360 5329 1512 5396 Cod.
1566 5331 1705 5396 Lis.
1750 5335 2021 5396 Reuesch
2065 5331 2194 5396 Ed.
2241 5331 2423 5414 Lips.
2469 5333 2783 5414 (Kiivesd).
2833 5333 2887 5412 ⁸)
2933 5334 3280 5396 Strzobkow
3321 5331 3453 5396 Ed.

361 5437 543 5523 Lips.
590 5437 645 5519 ¹’)
687 5441 983 5502 Kiewiesz
1032 5435 1185 5502 Coa.
1220 5435 1351 5500 Lis.
1406 5437 1483 5518 ¹⁰)
1528 5439 1589 5498 in
1634 5439 1847 5515 plateis
1896 5432 2049 5500 Cod.
2082 5435 2262 5498 Kost.
2321 5435 2396 5517 ιι)
2444 5438 2518 5499 113
2547 5438 2769 5500 81311110
2815 5431 2968 5499 cod.
2999 5433 3176 5500 Kost.
3233 5435 3312 5507 ιςΙ)
3360 5457 3453 5499 co-

358 5545 569 5606 mitatu
623 5539 774 5606 aad.
804 5539 982 5607 Kost.
1039 5540 1118 5621 ¹³)
1162 5543 1512 5620 impetentes
1559 5536 1712 5605 Cod.
1746 5538 1879 5604 Lis.
1950 5539 2029 5622 ¹⁴)
2077 5545 2248 5620 parte
2295 5535 2448 5604 Cod.
2494 5536 2673 5604 Kost.
2729 5537 2808 5621 ¹⁵)
2851 5541 3054 5603 obtriti
3095 5537 3223 5604 Ed.
3271 5537 3454 5626 Lips.
