4342 6384
862 556 1014 636 2⁴42
2047 579 2276 638 mni-:a
2327 578 2784 637 monemus.
2965 539 2970 542 ¹
3391 553 3528 661 (Α.
3568 555 3658 634 D.
3701 551 3948 658 1420.)

852 787 1261 863 oppressum
1296 766 1387 842 iri
1424 771 1479 859 ¹)
1534 768 1994 856 contendunt,
2049 773 2121 841 et
2158 767 2755 860 opportunitatem
2793 766 3057 839 dudum
3095 766 3478 859 expetitam
3515 767 3738 856 nacti,
3797 788 3950 841 cum

850 891 1169 964 exercitu
1223 890 1459 962 valido
1516 895 1768 962 terram
1824 888 2274 962 Pomeraniae
2328 887 2660 981 ingressi,
2726 887 3100 979 praefectis
3167 892 3238 960 et
3291 880 3679 978 capitaneis
3734 887 3949 979 regiis

848 1033 974 1103 per
1027 1010 1259 1098 dolos,
1318 1010 1597 1084 fraudes
1663 1014 1733 1081 et
1786 1009 2210 1082 tradimenta
2264 1007 2782 1099 comprehensis
2841 1011 2914 1080 et
2965 1006 3264 1095 necatiS,
3325 1010 3582 1079 terram
3634 1006 3951 1082 haeredi-

847 1130 1103 1202 tariam
1156 1129 1421 1203 domini
1476 1134 1545 1202 et
1600 1129 1877 1221 patroni
1934 1129 2046 1202 sui
2098 1127 2480 1202 Wladislai
2533 1129 2808 1200 Loktek
2860 1126 3196 1199 Poloniae
3248 1126 3502 1218 Regis,
3559 1127 3952 1218 hospitales

851 1250 1063 1323 etiam
1118 1271 1257 1322 non
1310 1249 1523 1322 veriti
1576 1250 1791 1336 DeoS,
1850 1248 2244 1323 Wladislao
2300 1247 2634 1321 Poloniae
2691 1248 2882 1340 Rege
2935 1246 3101 1318 fidei
3151 1267 3268 1318 res
3319 1250 3387 1319 et
3423 1267 3661 1319 earum
3717 1247 3952 1318 defeu-

852 1371 1121 1442 sionem
1188 1372 1568 1456 tractante,
1633 1368 1981 1441 violenter
2046 1370 2498 1458 occuparunt.
2573 1366 2940 1440 Deducens
3004 1366 3295 1457 insuper
3359 1365 3864 1439 ambasiatores
3894 1363 3954 1453 ²)

848 1489 1187 1562 Poloniae
1241 1489 1461 1582 Regis
1516 1488 1770 1560 habere
1836 1488 2398 1561 Instrumentum
2463 1486 2852 1560 sententiae
2913 1485 3336 1558 diffinitivae
3407 1485 3720 1558 iudicum
3791 1507 3956 1577 apo·

850 1609 1289 1698 stolicorum‚
1345 1629 1471 1700 per
1527 1629 1734 1698 quam
1789 1607 2015 1680 dictas
2070 1612 2292 1679 terras
2357 1610 2426 1678 et
2479 1611 2759 1678 centum
2813 1605 3196 1698 nonaginta.
3262 1605 3490 1677 millia
3536 1626 3953 1692 marcarum,

848 1750 974 1820 pro
1027 1727 1379 1820 perceptis
1434 1733 1505 1800 et
1558 1727 1841 1815 damno,
1898 1727 2079 1819 Regi
2118 1731 2189 1798 et
2227 1727 2470 1818 Regno
2507 1725 2843 1799 Poloniae
2879 1724 3406 1812 adiudicarunt;
3463 1723 3634 1798 item
3673 1725 3956 1797 Bullam

853 1847 1233 1920 Clementis
1298 1846 1517 1934 sexti,
1584 1846 1755 1918 item
1820 1845 2190 1918 Benedicti
2258 1843 2650 1916 duodecimi
2705 1844 3030 1930 alteram,
3097 1864 3221 1934 per
3275 1865 3450 1935 quas
3507 1845 3708 1916 ambo
3765 1865 3956 1916 mau-

854 1967 1112 2039 darunt
1164 1965 1575 2052 Misenensi,
1632 1963 2077 2038 Cracoviensi
2129 1969 2201 2036 et
2253 1963 2611 2036 Culmensi
2668 1962 3048 2055 episcopie,
3106 1968 3201 2053 uts
3241 1963 3660 2056 Magistrum
3715 1971 3788 2036 et
3836 1963 3958 2036 Or-

861 2085 1095 2157 dinem
1150 2084 1648 2174 compellerent
1684 2083 1771 2155 ad
1807 2082 2310 2156 restituendam
2345 2079 2405 2171 ³)
2460 2082 2703 2174 Regno
2741 2081 3075 2154 Poloniae
3111 2088 3370 2156 terram
3404 2085 3840 2176 praedictam
3872 2084 3958 2173 ⁴),

855 2204 1059 2276 velut
1114 2204 1199 2275 ab
1256 2224 1336 2274 eo
1390 2202 1719 2276 illicitate
1792 2202 2202 2274 distractam
2233 2201 2320 2290 5).
2393 2201 2690 2294 Petebat
2764 2201 3042 2274 tandem
3114 2209 3498 2294 postrem0,
3574 2204 3959 2278 Wladislai

856 2323 1191 2397 Poloniae
1247 2321 1465 2414 Regis
1521 2327 1591 2394 et
1644 2321 2185 2394 ambasiator-um
2217 2321 2281 2411 θ)
2337 2341 2622 2392 suorum
2674 2320 2985 2410 nomine,
3045 2327 3134 2394 ut·
3177 2323 3589 2415 priusquam
3651 2323 3739 2396 ad
3805 2345 3960 2396 sen-

858 2442 1122 2516 tentiae
1186 2440 1827 2532 pronuntiationem
1882 2441 2315 2533 procederet,
2383 2441 2538 2513 iura
2591 2463 2716 2532 pro
2770 2446 2968 2532 parte
3022 2441 3241 2534 Regis
3297 2446 3368 2516 et
3421 2443 3650 2535 Regni
3701 2442 3960 2536 produ-

856 2562 1105 2650 cenda,
1162 2561 1539 2652 diligenter
1592 2555 1893 2650 videret3
1951 2562 2228 2634 audiret
2282 2562 2568 2652 insuper
2622 2561 2799 2633 iuris
2855 2560 3081 2633 divini
3137 2566 3206 2635 et
3254 2563 3542 2635 humani
3596 2564 3960 2650 Doctores,

859 2703 987 2774 pro
1050 2687 1252 2774 parte
1313 2680 1531 2774 Regis
1597 2685 1667 2752 et
1728 2681 1955 2774 Regni
2020 2681 2094 2752 in
2160 2701 2286 2753 suo
2350 2685 2728 2772 conspectu
2789 2681 3250 2772 allegaturos,
3327 2682 3746 2773 probaturos
3777 2682 3838 2771 ⁷)
3896 2687 3966 2754 et

859 2809 1263 2876 ostensuros
1301 2801 1385 2873 de
1422 2801 1575 2873 iure
1612 2800 1906 2892 scripto,
1965 2801 2147 2892 quod
2204 2799 2392 2872 dicta
2447 2800 2798 2874 sententia
2854 2801 3166 2872 iudicum
3203 2801 3750 2892 apostolicorum
3799 2823 3962 2874 exe-

861 2922 1130 2995 cutioni
1168 2922 1263 2993 sit
1300 2920 1809 3008 demandanda,
1850 2920 2272 3009 concordiiS,
2323 2920 2996 3008 renuntiationibuS‚
3063 2942 3286 3012 usque
3342 2921 3416 2994 in
3444 2920 3508 3011 ⁸)
3566 2921 3751 2994 illud
3787 2927 3962 2993 tem·

860 3063 999 3132 pus
1036 3040 1334 3127 habitis,
1374 3061 1511 3111 non
1549 3039 1995 3111 obstantibus
2032 3039 2609 3131 quibuscumque.
2664 3039 3158 3132 Sigismundus
3206 3046 3440 3114 tamen
3477 3042 3670 3130 Rex,
3727 3040 3965 3113 Cruci-

870 3163 1173 3232 ferorum
1213 3165 1283 3233 et
1319 3158 1825 3230 Almannorum
1864 3159 2048 3230 dolis
2086 3159 2604 3232 circumventus
2655 3166 2724 3232 et
2770 3159 3268 3253 largitionibus
3307 3181 3543 3232 eorum
3579 3161 3964 3249 inescatus,

864 3281 953 3353 ad
1000 3279 1421 3352 audiendum
1460 3277 1975 3368 propositiones
2012 3279 2229 3371 Regis
2266 3279 2633 3368 Poloniae,
2693 3280 2780 3352 ad
2819 3279 3356 3353 examinandum
3396 3281 3648 3354 merita
3685 3302 3967 3368 causae,

864 3400 952 3472 ad
1010 3398 1388 3471 videndum
1444 3399 1629 3486 iura,
1688 3397 1963 3488 literas,
2019 3396 2397 3490 privilegia
2452 3404 2524 3471 et
2577 3399 3036 3491 allegationes
3075 3398 3162 3470 ad
3199 3420 3448 3472 causae
3495 3401 3968 3494 cognitionem

865 3519 1329 3607 necessarias,
1385 3517 1793 3609 priusquam
1850 3517 1937 3588 ad
1994 3518 2384 3590 sententiae
2428 3518 3069 3609 pronuntiationem
3116 3519 3550 3610 procederet,
3607 3522 3810 3592 nulla
3845 3543 3967 3614 po-

868 3644 1055 3712 terat
1108 3638 1481 3731 petitione,
1540 3657 1741 3728 prece
1803 3641 1927 3708 aut
1980 3637 2433 3728 persuasione
2487 3637 2754 3726 induci,
2813 3659 3132 3711 asserens
3187 3660 3262 3712 se
3310 3641 3396 3712 de
3443 3640 3770 3713 omnibus
3806 3662 3968 3732 pro·

866 3760 1206 3852 ponendis
1262 3763 1331 3832 et
1386 3756 1656 3831 meritis
1712 3778 1961 3830 causae
2019 3757 2448 3830 sufficienter
2510 3757 2966 3846 instructum,
3035 3759 3460 3832 sententiam
3513 3760 3590 3832 in
3641 3782 3810 3852 pera
3864 3765 3968 3833 te-

866 3902 1031 3953 nere
1084 3883 1423 3971 paratam.
1483 3877 1675 3969 Quae
1726 3899 1838 3950 res
1894 3877 2230 3950 Poloniae
2283 3877 2500 3970 Regis
2557 3878 3057 3952 ambasiatores
3086 3877 3174 3967 ⁹),
3231 3879 3495 3952 malum
3551 3901 3756 3951 suum
3795 3880 3970 3952 omi-

868 4005 1150 4087 nauteS,
1192 4019 1329 4070 non
1367 4017 1600 4086 secuS,
1644 4018 1851 4088 quam
1890 3997 1954 4070 si
1991 3997 2127 4069 iam
2168 3997 2615 4090 iniquitatem
2654 3998 3042 4072 sententiae
3080 3999 3428 4071 vidissent
3463 4008 3533 4072 et
3570 4000 3968 4086 audissent,

869 4119 1219 4206 turbavit3
1288 4118 1748 4209 omnibusque
1810 4117 2178 4190 conatibus
2243 4123 2313 4188 et
2366 4116 2668 4210 ingeniis
2733 4117 3257 4207 adnitebantur,
3322 4123 3404 4191 ut
3467 4119 3969 4212 Sigismundus

871 4240 1027 4312 Rex
1082 4238 1195 4310 die
1249 4238 1375 4308 illo
1432 4237 1850 4310 sententiam
1904 4237 2358 4329 pronuntiare
2413 4237 2754 4324 differret,
2821 4237 2933 4310 die
2989 4239 3208 4310 altero
3265 4239 3600 4312 facultate
3655 4260 3968 4331 compro-

872 4358 1073 4430 missi
1148 4376 1238 4430 ex
1302 4356 1417 4429 sui
1478 4362 1718 4430 tenore
1798 4362 1869 4429 et
1934 4359 2153 4430 forma
2217 4357 2608 4430 invalidato
2665 4363 2734 4431 et
2789 4357 3134 4446 extincto,
3201 4379 3338 4430 non
3403 4358 3711 4450 aliquam
3774 4365 3971 4450 pote·

874 4484 1129 4551 statem
1186 4478 1274 4550 ad
1329 4477 1677 4550 ferendam
1719 4476 2031 4570 iniquam
2071 4477 2492 4550 sententiam
2530 4477 2925 4551 habiturus.
2985 4478 3476 4570 Sigismundus
3515 4483 3750 4551 tamen
3785 4480 3971 4567 Rex,

872 4598 1191 4672 consiliis
1246 4599 1757 4669 Almannorum
1814 4603 1885 4670 et
1938 4597 2447 4670 cruciferorum
2501 4598 2669 4672 haec
2724 4598 2955 4670 omnia
3006 4605 3462 4689 praecavenS,
3521 4599 3608 4670 ad
3659 4619 3971 4691 pronun-

868 4719 1189 4792 tiandum
1254 4715 1673 4791 sententiam
1726 4717 1799 4789 in
1854 4717 2255 4809 praesentia
2307 4716 2849 4790 ambasiatorum
2887 4717 2977 4806 ¹⁰)
3032 4717 3250 4810 Regis
3304 4717 3635 4791 Poloniae
3690 4727 3762 4791 et
3798 4719 3968 4791 Cru-

872 4840 1237 4912 ciferorum
1303 4857 1792 4929 processurae,
1860 4837 2224 4910 mandavit
2287 4857 2516 4910 coram
2583 4859 2658 4910 se
2720 4837 3067 4911 Praelatis
3137 4842 3208 4911 et
3260 4837 3710 4930 Principibus
3777 4844 3970 4912 tran·

1093 5144 1139 5226 ¹)
1190 5147 1510 5224 debebant,
1558 5148 1889 5223 opprimere
1938 5141 2089 5207 Cod.
2136 5142 2330 5207 Rozr.
2381 5143 2434 5217 α)
2479 5147 2709 5222 legatos
2758 5141 2908 5208 Cod.
2941 5145 3138 5209 Rozr.
3188 5145 3236 5227 ³)
3275 5146 3354 5206 ad
3387 5147 3816 5208 restitutionem
3845 5143 3978 5207 Ed.

876 5247 1059 5330 Lips.
1106 5244 1161 5326 ⁴)
1205 5255 1397 5308 terras
1440 5251 1775 5325 praedictas
1810 5245 1963 5312 Cod.
2014 5247 2208 5310 Rozr.
2261 5246 2312 5323 ⁵)
2347 5250 2681 5310 distractas.
2718 5245 2868 5312 Cod.
2900 5248 3092 5311 Rozr.
3143 5248 3194 5327 ⁶)
3226 5250 3554 5325 legatorum
3589 5244 3744 5312 Coa.
3779 5248 3981 5312 Rozr.

884 5350 935 5430 Ι7)
994 5351 1383 5427 producturos
1447 5347 1597 5414 Cod.
1659 5349 1851 5414 Rozr.
1915 5351 1967 5422 ⁸)
2028 5352 2103 5411 ad
2170 5345 2322 5414 God.
2384 5348 2575 5414 Rozr.
2640 5348 2692 5435 ⁹)
2755 5354 2982 5428 legatos
3047 5347 3198 5416 God.
3259 5349 3450 5413 Romu
3523 5349 3598 5432 ¹⁰)
3646 5354 3984 5428 legatorum

886 5449 1037 5518 Cod.
1084 5450 1273 5518 Rozr.
