4342 6384
392 614 530 716 (Α.
570 614 660 691 D.
701 613 930 715 1431.)
1563 638 1788 693 mann
1840 638 2299 696 nunnonms.
2323 632 2343 642 “
3336 624 3485 701 449

448 937 798 1026 Episcopus
843 938 1191 1009 [nazensis
1235 938 1556 1027 spoliatur
1567 957 1584 1025 ;
1631 938 1892 1028 Bogdan
1936 940 2373 1030 nohatynsky
2419 940 2503 1012 ad
2548 942 3088 1033 switrigellonom
3132 943 3439 1033 perfugit.

597 1181 804 1254 Feria
858 1186 1108 1273 quarta
1171 1182 1246 1255 in
1299 1182 1411 1254 die
1467 1182 1708 1257 Sancti
1763 1184 1959 1258 Petri
2013 1185 2100 1257 ad
2161 1186 2477 1274 vincula,
2535 1186 3023 1261 caduceatores
3070 1188 3146 1261 in
3182 1193 3492 1262 castrum

394 1303 718 1374 Luczsko
756 1301 811 1389 1)
867 1301 1101 1391 missi,
1160 1302 1282 1393 qui
1337 1302 1740 1391 suaderent,
1797 1308 1878 1375 ut
1931 1304 2146 1378 castri
2182 1305 2257 1379 in
2292 1326 2541 1379 manus
2600 1305 2975 1380 Wladislai
3026 1308 3242 1400 Regis
3298 1310 3496 1382 fieret

393 1420 675 1494 deditio.
735 1420 873 1493 Sed
925 1421 1174 1493 Inrsza
1227 1421 1589 1513 capitaneo
1655 1422 1954 1495 ferocius
2017 1425 2512 1516 respondente,
2582 1446 2742 1517 spes
2798 1426 3179 1499 deditionis
3234 1427 3494 1500 omissa

394 1544 521 1613 est.
578 1540 896 1613 Andreas
952 1539 1238 1633 insuper
1291 1540 1662 1632 episcopus
1719 1542 2132 1630 LuczensiS,
2198 1565 2354 1617 cum
2410 1552 2594 1617 esset
2646 1565 2897 1637 genere
2933 1545 3277 1634 PolonuS,
3336 1546 3493 1637 ipsa

394 1658 504 1731 die
557 1656 645 1731 ad
698 1658 1168 1732 wladislaum
1224 1660 1486 1751 Regem
1541 1659 1616 1731 in
1670 1666 1900 1734 castra
1938 1662 2293 1752 veniebat,
2354 1663 2597 1736 volens
2638 1684 2805 1736 suae
2843 1664 3224 1738 Serenitati
3262 1665 3488 1739 facere

393 1778 869 1850 assistentiam
923 1778 1221 1851 fidelem.
1279 1779 1364 1852 In
1420 1778 1537 1851 via
1592 1800 1755 1851 vero
1810 1801 1933 1870 per
1986 1780 2293 1853 Polonos
2351 1781 2673 1854 omnibus
2725 1782 2967 1871 rebuS,
3026 1782 3223 1874 equis
3264 1790 3333 1855 et
3370 1805 3488 1856 ve-

394 1896 620 1969 stibus
676 1897 826 1969 suis
882 1898 1227 1989 spoliatus
1283 1903 1424 1986 est,
1484 1903 1554 1971 et
1609 1900 1750 1971 fere
1805 1898 2213 1972 seminudus
2271 1901 2359 1972 ad
2414 1901 2945 1973 tabernaculum
3010 1902 3345 1975 Iohannis
3402 1903 3487 1975 de

395 2014 844 2089 Oleschnicza
897 2016 1124 2109 Regni
1176 2016 1510 2090 Poloniae
1544 2019 1872 2090 marsalci
1925 2015 2126 2092 iussu
2172 2018 2391 2112 Regis
2447 2020 2788 2093 deductus
2836 2024 2945 2093 est
2981 2025 3051 2093 et
3086 2041 3213 2114 per
3248 2021 3483 2113 ipsum

393 2136 776 2209 Iohannem
832 2137 1249 2209 marsalcum
1306 2136 1634 2209 vestitus.
1691 2138 1900 2211 Feria
1955 2138 2203 2230 quinta
2257 2138 2331 2210 in
2390 2138 2501 2212 die
2556 2139 2801 2212 Sancti
2850 2140 3193 2231 Stephani
3229 2140 3487 2233 Papae,

393 2258 462 2327 et
515 2254 762 2327 diebus
826 2254 1316 2347 sequentibuS,
1381 2256 1588 2347 plura
1651 2261 1720 2328 et
1776 2257 2164 2348 frequentia
2229 2258 2414 2330 inter
2474 2263 2719 2349 gentes
2774 2258 2993 2350 Regis
3050 2264 3119 2331 et
3172 2266 3481 2332 castren-

395 2393 504 2445 ses
535 2370 597 2461 2)
652 2373 912 2446 fiebant
966 2374 1350 2465 praeludia.
1418 2374 1606 2446 Pons
1671 2374 1956 2466 insuper
2021 2375 2094 2447 in
2149 2376 2435 2449 flumine
2501 2376 2650 2450 Stir
2714 2376 2931 2469 Regis
2986 2378 3309 2449 mandato
3366 2398 3486 2451 ex-

396 2496 738 2581 structuS,
806 2514 942 2584 quo
1007 2492 1281 2566 facilior
1343 2493 1687 2567 exercitui
1753 2494 1930 2566 foret
1991 2495 2376 2585 pabulatio.
2446 2496 2607 2567 Dux
2670 2496 3025 2568 Masoviae
3081 2496 3489 2569 Kazimirus

395 2616 464 2681 et
518 2610 868 2684 Iohannes
923 2612 1201 2684 Manzik
1257 2613 1340 2685 de
1396 2612 1804 2686 Dambrowa
1835 2612 1896 2715 3)
1953 2614 2365 2705 capitaneus
2416 2614 2755 2703 Russiae,
2814 2636 2971 2687 cum
3008 2636 3133 2689 sex
3170 2615 3491 2689 millibus

393 2734 814 2803 armatorum
870 2730 1022 2822 ipso
1077 2730 1190 2805 die
1245 2732 1332 2803 ad
1387 2732 1775 2805 exercitum
1829 2733 2047 2824 Regis
2086 2734 2351 2805 reversi
2392 2737 2581 2806 sunt.
2639 2733 2774 2824 Qui
2812 2754 2899 2807 ex
2937 2733 3253 2823 stativiS,
3313 2756 3489 2827 quae

391 2848 546 2921 Rex
600 2870 814 2941 prope
869 2846 1388 2923 Wladimiriam
1440 2850 1720 2938 habuit,
1781 2854 1854 2922 in
1911 2852 2321 2925 Belzensem
2377 2859 2667 2940 terram,
2727 2874 2933 2944 quam
2972 2852 3321 2941 Rutheni,
3366 2875 3485 2945 op·

391 2967 554 3059 pido
619 2969 858 3040 Busko
923 2974 1205 3058 exust0,
1273 2969 1846 3056 damnificabant,
1913 2972 2210 3044 animosi
2276 2973 2732 3058 advenerant,
2801 2977 2871 3045 et
2934 2972 3259 3045 hostibus
3326 2993 3485 3045 con-

393 3086 604 3159 flictis
641 3092 712 3161 et
747 3108 1032 3180 prorsus
1085 3088 1509 3180 profligatis,
1566 3088 1868 3162 victores
1905 3090 2289 3163 redierant:
2350 3092 2703 3164 tenutario
2758 3090 2973 3165 castri
3023 3090 3367 3165 Oleschko
3396 3092 3485 3182 ⁴),

394 3206 724 3298 Bogdano
778 3206 1237 3298 Rohatynsky
1271 3206 1333 3296 5)
1384 3206 1585 3299 gravi
1641 3207 2012 3299 sponsione
2068 3210 2478 3297 constricto,
2536 3216 2613 3282 ut
2652 3210 3163 3303 conquisitione
3209 3216 3332 3283 aut
3369 3210 3485 3285 de·

394 3324 661 3397 ditione
698 3325 784 3397 de
821 3329 1046 3397 castro
1084 3325 1400 3398 Luczsko
1439 3326 1694 3415 fienda,
1735 3330 2042 3399 castrum
2081 3328 2423 3401 Oleschko
2453 3330 2514 3417 θ)
2563 3329 2637 3401 in
2676 3351 2922 3403 manus
2960 3328 3175 3421 Regis
3215 3350 3483 3421 reprae-

393 3447 724 3518 sentaret.
781 3443 1190 3517 Praedictus
1245 3444 1430 3517 enim
1485 3444 1773 3537 Bogdan
1809 3445 1892 3533 ⁷),
1961 3446 2130 3519 licet
2183 3448 2364 3519 bona
2418 3448 2760 3521 notabilia
2814 3449 2886 3521 in
2944 3452 3129 3521 terra
3182 3448 3487 3523 Russiae

392 3562 524 3635 sub
579 3563 770 3654 Rege
823 3563 1156 3653 pacificus
1213 3563 1590 3653 obtineret,
1647 3565 1736 3636 ad
1789 3564 2052 3638 Ducem
2090 3570 2325 3639 tamen
2365 3566 2753 3659 Switrigal,
2812 3569 3013 3640 nulla
3065 3567 3485 3642 necessitate

388 3687 712 3773 cogente,
771 3682 1204 3754 clandestine
1259 3666 1561 3775 diffugit.
1620 3685 1917 3775 Propter
1972 3686 2156 3776 quod
2212 3684 2648 3759 Wladislaus
2706 3688 2861 3760 Rex
2916 3688 3001 3759 de
3053 3686 3255 3759 bonis
3304 3688 3479 3775 suia,

382 3800 722 3873 videlicet
758 3801 1087 3892 Rohatyn
1110 3800 1199 3890 8),
1256 3802 1718 3895 pluribusque
1756 3803 1950 3875 villis
2015 3804 2212 3892 aliis,
2279 3804 2569 3877 Nicolao
2634 3806 2960 3879 Porawae
2994 3805 3057 3895 9)
3114 3806 3198 3880 de
3252 3805 3485 3878 Lubin

385 3919 608 3993 militi
661 3924 730 3993 et
785 3920 1115 3993 familiari
1173 3942 1298 3993 suo
1353 3926 1758 4013 perpetuam
1816 3922 1979 3996 fecit
2033 3922 2501 3997 donationem.

479 4270 771 4345 castrum
815 4272 1104 4345 Luczsko
1135 4290 1248 4363 per
1277 4273 1548 4344 Polonos
1593 4277 2030 4363 oppugnatum
2076 4275 2218 4346 Dux
2263 4275 2591 4365 Switrigal
2627 4293 2780 4347 voro
2826 4276 3074 4348 virtute
3117 4278 3400 4363 inferior,

1549 4392 1715 4464 dolis
1758 4409 1889 4463 rom
1935 4394 2330 4484 aggreditur.

601 4635 1069 4727 Sequentibus
1132 4636 1376 4709 diebus
1450 4636 1788 4710 stationes
1851 4638 2074 4729 part-Is
2140 4639 2491 4712 exercitus
2553 4639 2731 4733 regii
2792 4641 2983 4713 ultra
3045 4640 3337 4713 fluvium
3392 4641 3483 4730 ¹⁰)

385 4756 545 4828 Stir
599 4756 984 4829 translatae
1021 4760 1090 4827 et
1126 4755 1463 4828 deductae
1517 4762 1714 4844 sunt,
1773 4762 1843 4829 et
1897 4764 2203 4829 castrum
2245 4757 2331 4847 ¹¹)
2388 4758 2474 4829 ab
2521 4759 2708 4831 omni
2745 4763 2941 4851 parte
2978 4761 3355 4846 vallatum,
3414 4764 3484 4832 et

379 4895 614 4966 aquae
677 4873 1111 4965 importatio,
1185 4875 1716 4967 pabulatioque,
1790 4876 2113 4949 hostibus
2168 4878 2253 4950 de
2316 4882 2543 4950 castro
2608 4878 2965 4969 prohibita
3026 4883 3157 4951 est.
3217 4878 3353 4952 Sed
3413 4884 3483 4952 et

607 5178 651 5255 ¹)
699 5178 972 5241 Luczsko
1017 5177 1188 5242 deest
1244 5178 1318 5241 in
1380 5174 1533 5241 cod.
1593 5177 1768 5247 Calv.
1833 5178 1884 5259 ²)
1932 5187 2190 5241 castrum
2252 5178 2403 5243 Cod.
2467 5178 2658 5244 Rozr.
2724 5180 2776 5259 ³)
2824 5182 3023 5259 Mazik
3068 5183 3142 5243 de
3185 5183 3487 5261 Dabrowa

377 5278 546 5347 Cod.
592 5278 783 5343 Rozr.
833 5279 888 5359 4)
934 5284 1008 5343 dc
1033 5282 1277 5357 ,Olesko
1321 5278 1448 5341 Ed.
1494 5279 1676 5363 Lips.
1726 5280 1778 5361 ⁶)
1825 5284 2111 5343 Bohdano
2155 5280 2571 5359 Rohathinsky
2605 5281 2733 5346 Ed.
2764 5282 2948 5367 Lips.
2983 5282 3039 5362 ⁶)
3072 5284 3295 5346 Olesko
3329 5282 3482 5349 Cod.

368 5384 580 5449 Rozr.
631 5382 682 5462 ⁷)
729 5385 978 5445 Bohdan
1033 5382 1184 5447 eod.
1233 5382 1425 5445 Rozr.
1475 5381 1526 5459 8)
1572 5383 1806 5443 Rathno
1863 5382 2015 5445 Ood.
2074 5382 2251 5445 Calv.
2302 5383 2355 5463 ⁹)
2400 5387 2668 5447 Parawel
2718 5382 2869 5449 Cod.
2920 5381 3098 5449 Calv.
3156 5385 3233 5465 ¹⁰)
3264 5388 3479 5448 flumen

375 5483 547 5550 Cod.
594 5482 784 5547 Rozr.
841 5484 916 5567 ¹¹)
966 5492 1222 5547 castrum
1265 5485 1506 5546 Luczko
1550 5482 1676 5547 Ed.
1722 5482 1906 5569 Lips.

435 5636 490 5681 J.
518 5634 706 5687 DIugoa,
733 5634 906 5676 Hister.
935 5635 1093 5677 Polou.
1120 5635 1171 5677 ¹1⁸.
1199 5636 1280 5676 IV.
3065 5620 3134 5675 57
