4342 6384
385 580 518 686 (Α.
560 583 651 661 D.
692 580 923 685 1413.)
1555 605 1780 663 mnan
1831 605 2291 664 nnn-somus.
3333 589 3475 666 151

385 907 731 980 Concilium
777 907 1281 981 Constantiense
1325 908 1652 981 indicitur.
1699 910 2038 981 Ladislaus
2083 909 2337 982 Siciliae
2368 909 2507 981 Rex
2550 911 2698 982 dm
2729 913 2959 983 contra
2987 911 3221 1002 Papam
3252 911 3487 984 bellum

1255 1030 1475 1118 parat,
1519 1029 1672 1118 igne
1717 1046 1903 1101 sacro
1949 1032 2287 1120 correptus
2329 1031 2619 1103 moritur.

595 1276 943 1348 Iohannes
1000 1275 1193 1366 Papa
1246 1275 1624 1348 vicesimus
1663 1277 1916 1349 tertius
1955 1277 2036 1366 ¹),
2093 1277 2459 1350 Florentia
2494 1299 2851 1370 egressu8,
2893 1279 3278 1350 Bononiam
3315 1278 3484 1351 duo-

389 1396 658 1468 decima
714 1395 976 1468 mensis
1031 1394 1449 1468 Novembris
1508 1395 1836 1484 intravit3
1893 1397 2078 1470 circa
2132 1398 2341 1469 finem
2399 1419 2560 1471 vero
2616 1397 3069 1486 Novembri8‚
3128 1419 3285 1470 cum
3324 1398 3484 1470 Car-

389 1515 744 1588 dinalibus
799 1520 871 1587 et
925 1515 1310 1589 curialibus
1365 1517 1514 1588 suis
1571 1517 1956 1606 transiens,
2013 1517 2200 1608 apud
2253 1519 2565 1591 Laudam
2602 1524 2672 1591 et
2707 1518 3109 1591 Cremonam
3164 1539 3323 1591 cum
3374 1519 3484 1591 Si-

387 1635 758 1728 gismundo
821 1637 1292 1708 Romanorum
1346 1640 1418 1709 et
1469 1637 1875 1729 Hungariae
1937 1638 2128 1729 Rege
2192 1637 2643 1723 conveniam,
2712 1638 3101 1711 Concilium
3164 1640 3487 1731 generale

390 1755 578 1847 apud
633 1753 1110 1827 Constantiam
1167 1755 1528 1828 civitatem
1585 1756 2026 1844 Germaniae,
2084 1758 2170 1828 ad
2226 1758 2677 1831 reuniendam
2734 1757 3097 1831 ecclesiam
3136 1758 3265 1830 Dei
3302 1759 3483 1830 mul-

391 1874 734 1966 tipliciter
787 1874 1110 1962 scissam,
1169 1875 1504 1949 celebrari
1559 1876 1946 1964 consensit,
2006 1878 2237 1970 Reges
2294 1899 2567 1969 quoque
2622 1882 2693 1950 et
2744 1878 3107 1969 Principes
3146 1877 3485 1950 Christia-

393 1995 674 2083 nitati8‚
739 1999 822 2066 ut
886 1993 1000 2066 illi
1061 2013 1186 2085 per
1249 2015 1358 2082 se,
1423 1997 1540 2068 vel
1601 2016 1726 2087 per
1789 1995 2076 2068 nuntios
2105 1995 2169 2086 2)
2238 1996 2689 2085 interessent,
2758 1996 3117 2070 invitavit.
3193 1996 3490 2071 Interim

395 2136 557 2188 vero
612 2114 986 2186 Ladislaus
1044 2113 1330 2188 Siciliae
1393 2116 1583 2204 Rex,
1648 2119 1972 2208 corrupto
2030 2116 2393 2208 capitaneo
2449 2117 2663 2189 castri
2730 2117 2972 2190 Sancti
3026 2116 3318 2208 Angeli,
3377 2137 3486 2191 ca-

395 2237 619 2306 strum
673 2235 1108 2326 praedictum
1163 2254 1286 2324 per
1339 2234 1804 2326 proditionem
1859 2235 2246 2327 conquirit;
2304 2235 2609 2308 maximo
2668 2257 2943 2328 quoqne
2997 2235 3313 2309 exercitu
3350 2237 3490 2309 col-

395 2354 613 2443 lecto,
673 2354 856 2426 circa
908 2353 1334 2445 principium
1381 2354 1641 2427 mensis
1689 2354 1914 2442 Iunii,
1979 2356 2305 2448 persequi
2369 2357 2749 2429 Iohannem
2814 2358 3110 2448 Papam,
3180 2361 3255 2428 et
3308 2355 3492 2448 apud

397 2473 784 2546 Bononiam
841 2473 1158 2546 obsidere
1213 2473 1416 2547 illum
1471 2474 1908 2567 disponebat.
1964 2476 2223 2549 Verum
2280 2477 2505 2549 medio
2554 2481 2862 2569 tempore
2899 2475 3273 2549 Ladislaus
3312 2475 3489 2568 ipse,

397 2595 600 2666 cuius
659 2599 919 2667 tremor
973 2602 1044 2666 et
1096 2613 1314 2686 pavor
1368 2601 1510 2666 tam
1546 2596 1810 2687 Papam
1849 2600 1919 2668 et
1955 2596 2393 2684 CardinaleS,
2451 2619 2658 2688 quam
2697 2616 2861 2667 suos
2900 2616 3137 2667 omnes
3184 2595 3491 2668 curiales

398 2715 842 2788 vehementer
895 2719 1330 2806 pervaserat,
1388 2714 1560 2807 igne
1603 2737 1798 2788 sacro
1852 2715 1928 2788 in
1983 2717 2288 2788 membro
2343 2715 2570 2804 virili,
2626 2714 3035 2807 priusquam
3092 2714 3495 2787 dimidiarat

397 2833 548 2906 dies
615 2855 812 2924 suos,
879 2838 1144 2922 tactus,
1211 2835 1420 2922 obiit,
1487 2841 1557 2908 et
1621 2839 1882 2908 extunc
1944 2836 2296 2909 Iohannes
2361 2837 2553 2927 Papa
2616 2835 2899 2926 quietus
2930 2832 2991 2924 ³)
3046 2833 3121 2907 in
3177 2833 3496 2906 Bononia

401 2954 684 3027 mansit.

1313 3305 1737 3418 ANNUS
1809 3305 2270 3418 DOMINI
2338 3305 2605 3421 1413.

402 3550 688 3638 togatus
733 3547 1122 3637 sigismundi
1166 3547 1362 3637 Regis
1404 3547 1767 3637 ilungariae
1815 3565 1854 3618 a
1897 3547 2193 3619 Pmssiae
2246 3547 2555 3637 nagistro
2598 3549 2837 3639 accipit
2882 3551 3191 3639 pecunias
3233 3551 3503 3639 pignore

403 3671 622 3741 terrae
665 3669 1172 3757 Sczepusicnsis.
1217 3667 1607 3738 vladislaus
1650 3666 1790 3738 Rex
1819 3684 1860 3738 a
1888 3667 2078 3740 Petro
2122 3667 2339 3739 visch
2379 3668 2681 3758 episcopo
2711 3669 2966 3741 veniam
2996 3669 3273 3759 supplex
3304 3669 3498 3758 petit.

403 3788 706 3860 Lithuani
751 3787 1096 3858 libertates
1142 3790 1213 3860 et
1256 3787 1542 3876 insignia
1587 3804 1899 3858 armornm
1942 3805 2071 3859 aon
2118 3787 2458 3858 dissimilia
2501 3787 2755 3859 Polonis
2800 3789 3125 3879 accipiunt
3166 3791 3235 3861 et
3266 3789 3503 3860 literae

1561 3907 1838 3997 desuper
1881 3907 2343 3979 conceduntur.

615 4155 895 4228 Natalis
951 4154 1213 4228 Christi
1251 4153 1546 4228 sacratis
1600 4153 1846 4227 diebus
1903 4153 2343 4227 Wladislaus
2397 4153 2731 4226 Poloniae
2787 4155 2942 4226 Rex
2980 4154 3164 4246 apud
3204 4153 3498 4227 Lithua·

405 4276 596 4349 niam
653 4275 728 4348 in
781 4275 1021 4348 Wilno
1077 4275 1376 4361 exactis,
1445 4275 1572 4347 sub
1639 4274 1894 4365 quibus
1923 4275 1987 4363 ⁴)
2042 4275 2247 4347 iuxta
2307 4278 2513 4366 pacta
2566 4273 2744 4366 Regi
2777 4273 2843 4364 ⁵)
2899 4275 3371 4347 Romanorum
3426 4278 3499 4346 et

405 4394 812 4488 Hungariae
866 4393 1330 4486 quadraginta
1383 4394 1611 4466 millia
1666 4414 2172 4485 sexagenarum
2226 4395 2530 4466 latorum
2584 4415 2985 4487 grossorum
3039 4394 3501 4487 Pragensium

404 4536 530 4607 per
603 4514 1070 4588 Wladislaum
1155 4513 1486 4587 Poloniae
1550 4515 1816 4606 Regem
1889 4513 2361 4604 (solventibus
2434 4534 2515 4586 ea
2543 4513 2606 4603 θ)
2680 4511 3017 4606 Magistro
3100 4519 3170 4586 et
3242 4513 3499 4587 Ordine

405 4633 771 4723 Prussiae)
844 4633 1304 4706 effectualiter
1367 4638 1690 4705 mutuata
1753 4635 1949 4720 sunt,
2024 4637 2096 4706 et
2149 4637 2336 4706 terra
2400 4633 2959 4725 Sczepusiensis,
3027 4637 3336 4706 castrum
3392 4634 3499 4706 vi-

405 4755 663 4827 delicet
699 4755 1078 4846 Lubowlya
1109 4753 1170 4844 ⁷)
1227 4775 1382 4826 cum
1420 4753 1956 4845 quatuordecem
2001 4753 2413 4829 civitatibus
2452 4758 2679 4826 terrae
2717 4751 3278 4844 Scz'epusiensis,
3319 4752 3501 4844 Regi

410 4879 480 4948 et
531 4875 779 4966 Regno
834 4873 1168 4946 Poloniae
1223 4873 1296 4945 in
1349 4873 1606 4966 pignus
1661 4877 1731 4946 et
1783 4871 2297 4963 possessionem
2332 4873 2528 4961 data,
2586 4876 2659 4945 et
2694 4873 2767 4945 in
2804 4893 3051 4944 manus
3088 4867 3298 4944 Pauli
3337 4865 3500 4945 Gla—

410 4993 644 5082 disch,
703 4993 818 5065 cui
871 4996 1155 5084 propter
1208 4992 1492 5086 linguae
1549 4992 1990 5084 Hungaricae
2046 4991 2371 5083 peritiam
2410 4993 2565 5064 Rex
2602 4991 3043 5065 Wladislaus
3078 4991 3267 5064 tradi
3290 4983 3503 5064 ‘ill'am

630 5283 674 5362 ¹)
719 5285 972 5345 Ioannes
1031 5286 1198 5361 Papa
1253 5284 1464 5344 XXIV.
1515 5277 1664 5345 cod.
1720 5280 1913 5345 Rozr.
1977 5282 2030 5362 ⁹)
2075 5303 2183 5360 per
2240 5284 2479 5344 nuntios
2523 5301 2662 5343 suos
2713 5277 2864 5345 Cod.
2910 5278 3103 5344 Rozr.
3162 5279 3214 5365 ³)
3260 5280 3513 5359 quietior

425 5385 577 5450 cod.
630 5385 818 5449 Rozr.
867 5383 924 5468 ⁴)
971 5388 1081 5447 sub
1127 5389 1341 5462 quibus
1387 5387 1595 5447 diebus
1643 5381 1796 5448 Cod.
1841 5383 2034 5449 Rozr.
2084 5383 2136 5465 ⁶)
2186 5387 2563 5463 sigismundo
2590 5387 2744 5460 Regi
2778 5380 2929 5447 cod.
2960 5382 3155 5446 Roaer.
3202 5381 3255 5466 ⁶)
3309 5385 3511 5446 debita

417 5509 452 5550 a
501 5485 652 5552 Cod.
699 5486 890 5551 Rozr.
943 5488 993 5569 ⁷)
1039 5491 1370 5568 Lubomlya
1419 5483 1568 5551 Cod.
1617 5485 1810 5550 Rozr.
3196 5482 3201 5492 ’
3278 5501 3283 5506 “
