4342 6384
420 556 556 657 (Α.
593 557 686 633 D.
728 555 982 659 1430.)
1557 581 1786 635 mm
1835 580 2299 637 macutus.
3358 557 3505 631 421

1124 887 1496 977 &emplum
1540 887 1962 961 liberalitatis
2004 904 2291 961 :mae
2334 888 2405 961 in
2448 889 2837 963 vitando.

631 1124 965 1217 Quamvis
1031 1128 1264 1199 autem
1330 1126 1733 1200 Alexander
1794 1125 2237 1199 Withawdus
2308 1128 2472 1200 Dux
2534 1128 2831 1221 Magnus
2898 1125 3322 1200 Lithuaniae
3385 1127 3508 1199 ha-

419 1244 628 1317 bebat
692 1244 767 1316 in
821 1265 896 1318 se
947 1243 1288 1337 plurimas
1351 1245 1684 1318 virtutes:
1761 1245 1836 1318 in
1890 1245 2318 1319 liberalitate
2381 1251 2615 1319 tamen
2666 1246 3039 1338 praecipue
3093 1245 3507 1334 excellebat,

423 1363 766 1455 singulari
821 1364 1186 1456 voluptate
1251 1365 1612 1452 exulta-ns,
1682 1365 1958 1457 quoties
2023 1367 2205 1438 dona
2269 1387 2397 1437 sua
2458 1364 2789 1439 munifica
2850 1368 2975 1437 aut
3036 1366 3113 1439 in
3163 1365 3505 1456 hospites,

421 1491 545 1555 aut
599 1482 672 1555 in
729 1483 1106 1557 familiares
1127 1541 1143 1572 ,
1201 1490 1324 1557 aut
1376 1484 1452 1556 in
1491 1484 1895 1574 servitores,
1955 1492 2078 1559 aut
2131 1486 2205 1558 in
2243 1485 2610 1576 Principes
2647 1484 2949 1575 vicinoS,
3006 1490 3131 1557 aut
3183 1485 3258 1557 in
3294 1486 3507 1557 Thar-

421 1606 644 1692 tame,
703 1606 1149 1696 caeterosque
1201 1603 1531 1677 barbaros
1586 1604 2016 1690 effundebat;
2075 1606 2150 1678 in
2188 1605 2660 1679 Wladislaum
2714 1610 2948 1679 tamen
3002 1605 3335 1677 Poloniae
3372 1604 3508 1677 Re-

419 1742 608 1815 gem,
667 1723 986 1815 quamvis
1042 1724 1168 1796 ille
1223 1724 1707 1797 circumcisum
1764 1746 1880 1798 cor
1935 1726 2022 1797 ad
2059 1726 2239 1798 dona
2289 1725 2591 1799 habebat
2654 1730 2723 1798 et
2768 1725 2969 1817 parvi
3022 1726 3151 1797 illa
3187 1724 3509 1811 faciebat,

422 1848 492 1915 et
543 1842 618 1915 in
673 1850 910 1916 omnes
963 1864 1128 1916 suos
1171 1845 1228 1934 ¹)
1283 1843 1552 1917 aulicos
1621 1849 1771 1917 erat
1824 1844 2199 1937 profusior.
2256 1844 2505 1934 Cuius,
2564 1845 2857 1919 caeteris
2914 1843 3194 1917 omissis
3259 1848 3515 1935 (neque

424 1962 608 2035 enim
663 1962 812 2035 sine
867 1984 1118 2071 magna
1180 1964 1565 2054 repletione
1627 1966 2026 2038 chartarum
2093 1964 2377 2057 singula
2437 1968 2724 2056 possent
2779 1963 3235 2052 enumerari),
3290 1984 3509 2034 unum

423 2081 897 2155 subiiciemus.
972 2070 1142 2156 Erat
1193 2083 1308 2156 illi
1362 2088 1781 2157 secretorum
1837 2105 2118 2157 suorum
2184 2084 2499 2157 notarius
2556 2090 2626 2157 et
2678 2082 3125 2157 consiliarius
3191 2082 3510 2170 intimuS‚

423 2202 766 2295 singulari
830 2202 1012 2275 enim
1077 2203 1150 2275 in
1205 2204 1627 2276 consulendo
1691 2204 2004 2295 pollebat
2067 2204 2522 2293 dexteritate,
2596 2204 2665 2277 N
2668 2204 2935 2276 icolaus
2999 2202 3343 2275 Maldrzik
3404 2201 3515 2273 vir

419 2320 680 2393 nobilis
735 2323 819 2394 de
856 2322 1058 2394 domo
1111 2323 1488 2411 Rosarum,
1545 2323 1620 2396 in
1659 2324 2003 2397 saeculari
2026 2322 2088 2413 2)
2145 2324 2357 2397 etiam
2412 2323 2769 2416 coniugali
2806 2327 2999 2396 statu
3055 2321 3509 2396 constitutus.

425 2441 641 2532 Quem
695 2442 782 2513 ad
836 2442 1197 2535 coniugem
1255 2446 1324 2516 et
1377 2441 1876 2533 patrimonium
1939 2464 2144 2515 suum
2198 2444 2273 2515 in
2327 2442 2691 2515 Poloniam
2749 2442 3207 2529 remissurus,
3266 2441 3511 2513 volens

422 2560 828 2633 muneribus
883 2561 1030 2635 suis
1093 2561 1514 2654 praemiare,
1577 2566 1740 2653 post
1769 2560 1832 2652 ³)
1896 2567 2132 2635 vestes
2188 2562 2458 2635 nobiles
2484 2554 2497 2571 ⁶
2523 2567 2594 2635 et
2648 2560 3082 2653 splendidas,
3150 2579 3507 2651 equosque

423 2684 493 2752 et
547 2680 893 2769 clenodia,
954 2681 1090 2753 sibi
1144 2680 1438 2775 largitas
1495 2686 1566 2753 et
1619 2681 1908 2775 largita,
1965 2686 2246 2755 centum
2286 2701 2670 2773 sexagenas
2725 2682 3031 2753 latorum
3083 2698 3509 2772 grossorum,

421 2805 787 2893 praesente
849 2804 919 2873 'et
973 2804 1329 2891 spectante
1391 2805 1712 2875 consorte
1777 2822 1906 2873 sua
1957 2801 2273 2891 Iuliana,
2339 2800 2553 2874 iussit
2616 2800 2846 2874 afferri
2915 2805 2985 2873 et
3039 2798 3177 2872 sibi
3242 2797 3509 2871 donari.

425 2920 560 2993 Sed
621 2920 904 2993 Iuliana
965 2920 1264 2993 Ducissa
1333 2940 1484 2993 eam
1547 2920 1990 2993 donationem
2063 2922 2267 3013 quasi
2330 2942 2708 3009 enormem,
2786 2919 3015 3011 coepit
3087 2939 3367 3011 carpere
3440 2920 3513 2988 et

421 3040 681 3113 Ducem
736 3040 1218 3114 Alexandrum
1267 3039 1667 3132 obiurgare,
1725 3040 1911 3131 quod
1962 3062 2086 3132 per
2141 3045 2287 3111 tam
2339 3042 2659 3132 profusas
2716 3043 2787 3112 et
2841 3041 3240 3132 frequentes
3296 3036 3509 3129 largi·

423 3158 649 3233 tiones
705 3180 779 3233 se
831 3160 1062 3251 ipsum
1125 3164 1197 3232 et
1248 3160 1599 3233 Ducatum
1653 3181 1858 3232 suum
1921 3180 2000 3232 ac
2063 3159 2343 3231 domum
2400 3180 2597 3232 suam
2662 3158 3081 3232 evisceraret
3145 3162 3217 3230 et
3270 3156 3510 3230 exina-

423 3279 630 3352 niret.
688 3280 788 3351 At
823 3279 948 3351 ille
1003 3278 1409 3352 muliebrem
1467 3279 1924 3372 fragilitatem
1979 3283 2050 3352 et
2085 3278 2380 3351 livorem
2418 3280 2710 3352 moleste
2750 3279 3009 3366 ferens,
3066 3276 3281 3350 iussit
3315 3295 3513 3367 prae-

425 3399 568 3471 fato
632 3397 928 3471 Nicolao
991 3397 1334 3471 Maldrzik
1397 3398 1576 3471 alias
1639 3403 1918 3471 centum
1989 3418 2375 3491 sexagenas
2448 3398 2749 3470 latorum
2811 3418 3211 3489 grossorum
3286 3394 3519 3467 afferri

423 3524 494 3591 et
547 3518 698 3591 dari
727 3518 816 3607 4).
902 3517 1038 3591 Sed
1101 3518 1382 3590 Iuliana
1446 3516 1744 3591 Ducissa
1805 3517 2112 3609 amplius
2176 3517 2651 3590 invalescente
2714 3516 2801 3588 ad
2854 3515 3237 3603 choleram,
3315 3520 3385 3587 et
3440 3533 3515 3585 se

423 3659 562 3710 non
616 3638 844 3711 solum
905 3636 980 3710 iu
1035 3658 1164 3709 sua
1226 3636 1676 3728 persuasione
1739 3658 1880 3708 non
1932 3636 2277 3725 auditam,
2348 3637 2469 3709 sed
2534 3635 2745 3708 etiam
2812 3636 3171 3707 confusam
3239 3632 3513 3719 videns,

425 3757 637 3830 etiam
693 3756 1064 3831 secundam
1118 3756 1562 3830 donationem
1627 3755 2087 3847 improbabat.
2161 3756 2549 3847 Eapropter
2612 3755 3017 3827 Alexander
3070 3751 3513 3825 Withawdus

425 3876 865 3949 donationem
917 3876 1198 3949 tertiam
1252 3881 1528 3950 centum
1568 3896 2071 3969 sexagenarum
2125 3875 2474 3947 adiunxit.
2532 3874 2669 3947 Sed
2705 3873 2987 3946 Iuliana
3024 3872 3323 3945 Ducissa
3368 3891 3514 3943 cer-

423 4000 618 4068 tante
673 4000 742 4068 et
793 3995 868 4068 in
920 3995 1138 4068 bilem
1192 3996 1415 4087 magis
1470 3994 1994 4084 effervescente,
2053 3996 2245 4068 Duce
2300 4014 2575 4086 quoque
2612 3992 3016 4067 Alexandro
3072 4012 3237 4064 suas
3292 3990 3513 4083 sugil-

424 4116 724 4188 lationes
780 4115 1138 4206 duplicata
1193 4136 1464 4207 semper
1517 4114 1779 4189 talione
1834 4114 2233 4187 donationis
2271 4114 2724 4189 condemnate
2754 4112 2842 4203 5),
2898 4132 3123 4204 usque
3169 4112 3256 4183 ad
3292 4111 3517 4183 vicem

428 4240 772 4323 octavam,
839 4234 1024 4307 inter
1085 4236 1346 4308 Ducem
1409 4239 1479 4307 et
1533 4234 1902 4307 Ducissam
1967 4238 2307 4307 certatum
2372 4240 2519 4322 est,
2588 4232 2802 4305 donec
2854 4231 3153 4305 Ducissa
3206 4230 3513 4317 Iuliana,

427 4353 670 4427 videns
734 4353 1220 4445 persuasiones
1285 4373 1449 4426 suas
1523 4357 1592 4426 et
1657 4353 2050 4444 carptiones
2121 4352 2198 4423 in
2260 4352 2526 4425 Ducem
2588 4351 3069 4424 Alexandrum
3140 4349 3515 4437 coniectas,

427 4473 651 4546 maius
705 4473 1032 4545 continue
1087 4471 1526 4565 dispendium
1580 4475 1746 4546 fisco
1823 4475 1894 4544 et
1947 4473 2277 4545 thesauro
2330 4471 2601 4560 ducali,
2668 4470 2806 4543 sibi
2859 4490 3133 4563 quoque
3186 4468 3519 4542 maiorem

424 4591 878 4685 ignominiam
931 4591 1381 4683 produxisse,
1456 4592 1581 4665 vix
1645 4590 2016 4678 conticuit,
2072 4591 2479 4664 Alexander
2530 4612 2805 4683 quoque
2859 4589 3299 4663 Withawdus
3354 4589 3516 4660 Dux

425 4734 468 4784 a
522 4732 806 4785 suorum
859 4712 1192 4785 donorum
1247 4712 1618 4784 iteratione
1671 4711 1745 4783 in
1799 4710 2171 4783 Nicolaum
2227 4710 2569 4782 Maldrzilr
2622 4709 2949 4790 cessavit.
3009 4708 3264 4801 Sicque
3317 4727 3513 4799 prae-

426 4835 616 4905 fatus
668 4831 1006 4905 Nicolaus
1061 4830 1405 4903 Maldrzik
1465 4831 1669 4904 divae
1733 4832 2051 4903 fortunae
2105 4829 2400 4901 vulnere
2469 4833 2540 4902 et
2600 4828 3137 4922 reprehensione
3199 4826 3519 4900 Iulianae

426 4952 796 5040 Ducissae,
853 4950 978 5023 ubi
1032 4971 1107 5023 se
1163 4951 1585 5024 detestatum
1642 4955 1712 5023 et
1763 4948 2177 5042 impeditum
2233 4948 2649 5037 crediderat,
2717 4948 3033 5035 adiutus,
3092 4945 3515 5039 octingentis

425 5070 795 5164 sexagenis
849 5072 1152 5143 latorum
1205 5091 1604 5162 grossorum
1656 5069 1991 5161 receptis,
2045 5068 2373 5157 recessit,
2431 5067 2611 5141 Duci
2663 5067 3069 5140 Alexandro
3122 5066 3207 5139 de
3262 5066 3515 5139 libera-

641 5342 682 5421 ¹)
728 5344 854 5405 eius
911 5340 1064 5406 O'od.
1112 5338 1302 5405 Rozr.
1373 5339 1425 5421 ²)
1472 5343 1536 5402 in
1579 5342 1868 5419 singulari
1908 5338 2037 5404 Ed.
2080 5338 2265 5424 Lips.
2336 5339 2389 5421 ³)
2433 5346 2671 5419 praeter
2726 5336 2878 5404 eod.
2924 5336 3118 5402 Βοῦν.
3186 5336 3237 5419 ⁴)
3290 5337 3518 5399 donari.

427 5441 582 5509 cod.
625 5443 819 5509 Rozr.
867 5445 920 5530 ⁵)
969 5446 1223 5507 condere
1264 5449 1630 5524 protestante
1681 5439 1837 5508 Cod.
1873 5438 2050 5507 Calo.
