4342 6384
937 548 1084 623 544
2110 560 2341 615 usn
2388 558 2855 651 efferemus.
3434 625 3441 631 ‚
3476 534 3613 639 (Α.
3650 534 3745 613 D.
3778 530 4024 632 1434.)

931 756 1042 849 gis
1096 753 1538 829 wladislaus
1601 750 1676 823 in
1740 749 2003 841 Regem
2077 750 2469 821 coronetur.
2544 744 2988 823 Inducuntur
3040 744 3328 835 insuper
3380 746 3549 815 vota
3599 742 4019 831 nuntiorum,

931 874 1056 967 qui
1109 892 1150 945 8
1203 871 1507 963 singulis
1563 868 1771 942 terris
1837 868 2082 959 Regno
2136 865 2471 941 Poloniae
2526 864 2897 951 subiectis,
2964 864 3413 937 advenerant.
3492 864 3715 938 Adest
3772 862 4023 955 Sophia

929 992 1204 1085 Regina
1257 989 1700 1082 supplicans:
1775 992 1857 1059 ut
1907 1009 2128 1058 unum
2192 1006 2283 1059 ex
2336 984 2509 1057 filiis
2572 1006 2697 1077 pro
2750 985 2944 1077 Rege
3008 1004 3363 1059 assumere
3428 984 3913 1076 dig-narentur,
3964 990 4025 1053 ot

929 1133 1017 1185 ne
1069 1111 1504 1184 haereditate
1555 1113 1848 1201 paterna
1901 1106 2088 1179 filios
2144 1106 2635 1191 excluderent3
2707 1109 2955 1197 parata
3005 1125 3131 1195 pro
3186 1104 3335 1179 filio
3388 1104 3463 1179 in
3517 1105 3785 1196 Regem
3836 1124 4021 1177 assu·

931 1232 1203 1319 mendo,
1261 1229 1670 1321 sponsiones
1725 1226 2082 1319 quaslibet
2133 1246 2295 1298 cum
2350 1224 2801 1315 Principibus
2840 1223 3193 1297 Masoviae
3248 1230 3320 1297 et
3371 1224 3755 1297 baronibus
3810 1223 4019 1298 senio-

930 1351 1130 1423 ribus
1183 1352 1432 1422 faeere.
1489 1348 1650 1421 Non
1701 1348 1960 1419 desunt
2014 1345 2101 1418 ab
2155 1344 2299 1417 alia
2351 1350 2551 1435 parte
2604 1344 2897 1417 barones
2954 1352 3023 1415 61
3076 1344 3347 1419 nobiles
3402 1344 3647 1435 aliqui,
3709 1343 4023 1417 videlicet

933 1469 1233 1561 Spithko
1287 1470 1372 1541 (16
1407 1466 1779 1555 Μ616111111,
1839 1465 2195 1538 Abraham
2250 1464 2335 1536 de
2372 1464 2767 1537 Zbansehin
2822 1463 3035 1537 iudex
3090 1464 3593 1539 Poenaniensis
3648 1468 3719 1537 et
3774 1464 4015 1539 Iohan-

931 1608 1058 1663 nes
1097 1590 1386 1662 Strasch
1439 1589 1526 1661 de
1561 1585 2106 1679 Kosczyelniky,
2163 1605 2397 1657 rerum
2451 1583 2919 1675 privatarum,
2978 1605 3157 1676 quae
3194 1604 3468 1675 semper
3518 1583 3845 1670 offecere,
3884 1584 4018 1657 offi-

931 1709 1265 1800 ciuntque
1299 1707 1640 1799 publicis,
1697 1712 1769 1778 et
1805 1706 1990 1797 quod
2027 1724 2114 1777 ex
2151 1703 2473 1795 patriciis
2512 1703 2680 1792 orti,
2736 1704 3003 1795 patrios
3040 1726 3181 1777 non
3218 1705 3447 1777 forent
3482 1705 3537 1792 ¹)
3574 1702 4021 1796 magistratus

931 1827 1200 1920 adepti,
1255 1830 1580 1919 respectu
1635 1824 1984 1912 commoti,
2041 1828 2112 1897 et
2149 1825 2335 1915 qnod
2387 1844 2527 1895 non
2582 1829 2923 1915 quantum
2976 1844 3277 1915 aequum
3332 1823 3743 1911 censebant,
3802 1822 4017 1895 excel-

931 1948 1076 2023 lere
1129 1944 1724 2021 existimationem
1789 1964 1987 2016 suam
2052 1944 2525 2016 adverterent:
2600 1964 2729 2017 nec
2792 1964 2997 2034 parce
3027 1940 3115 2033 2),
3182 1964 3357 2035 61166
3420 1942 3747 2017 nonnulli
3812 1941 3937 2017 8111
3962 1938 4018 2027 ³)

931 2065 1298 2139 inferiores
1359 2064 1860 2155 sequebantur,
1933 2062 2393 2136 difficultates
2456 2063 2690 2137 varias
2753 2063 3278 2157 interponentes
3293 2118 3311 2151 ‚
3376 2065 3772 2154 opponunt,
3852 2060 4017 2153 quod

933 2185 1021 2257 ad
1074 2183 1306 2277 Regni
1359 2187 1430 2256 et
1483 2189 1828 2256 terrarum
1882 2182 2106 2255 eidem
2171 2181 2645 2255 subiectarum
2708 2183 3023 2275 regimen
3050 2184 3141 2271 4),
3196 2182 3628 2257 insufficiens
3686 2182 3785 2255 sit
3840 2182 4016 2272 ingo-

931 2303 1127 2377 nium
1181 2302 1486 2396 puerile,
1543 2322 1881 2377 annorum
1935 2301 2477 2383 immaturitate,
2534 2302 2609 2374 in
2646 2302 2903 2393 quibus
2958 2302 3091 2375 filii
3144 2302 3322 2393 regii
3372 2302 3808 2389 consistunt,
3864 2320 4014 2393 pen·

933 2428 1108 2497 6818.
1165 2424 1526 2515 Allegant,
1581 2421 2060 2513 amplissimas
2115 2427 2340 2495 terras
2378 2422 2701 2513 Regnum
2738 2422 3073 2495 Poloniae
3128 2421 3507 2513 continere,
3560 2420 3924 2495 Thartaris
3956 2427 4017 2493 et

930 2543 1096 2616 aliis
1147 2542 1430 2617 infestis
1484 2540 1812 2615 hostibus
1865 2542 2172 2615 vicinas:
2230 2541 2487 2632 quibus
2542 2562 2769 2632 neque
2802 2541 2961 2614 iura
2996 2542 3225 2629 reddi,
3280 2562 3506 2633 neque
3560 2540 3873 2616 defensio
3908 2560 4011 2629 op-

926 2663 1096 2756 poni
1147 2684 1273 2755 per
1325 2663 1592 2755 Regem
1653 2661 1728 2735 in
1791 2660 2052 2753 puerili
2121 2665 2351 2735 aetate
2400 2661 2900 2749 constitutum,
2968 2662 3250 2753 poterit.
3324 2662 3664 2753 Allegant
3715 2659 4011 2751 insuper,

930 2782 1215 2874 quantis
1271 2780 1682 2868 sudoribus,
1737 2780 2096 2853 laboribus
2151 2784 2225 2851 et
2260 2778 2633 2869 impenhis
2692 2784 2955 2870 quanta
2990 2779 3329 2853 effusione
3384 2780 3685 2867 cruoris,
3742 2777 4012 2869 quantis

927 2901 1316 2988 aetatibus,
1370 2900 1662 2973 libertas
1729 2899 1971 2989 Regno
2033 2904 2106 2971 et
2167 2899 2438 2990 patriae
2500 2920 2541 2971 a
2594 2900 2920 2990 pluribus
2986 2906 3059 2972 et
3112 2900 3492 2991 exquisitis
3558 2897 4011 2975 servitutibus

925 3024 1132 3112 parta
1185 3019 1306 3092 sit.
1361 3019 1646 3090 Ponunt
1682 3023 1844 3090 ante
1879 3018 2118 3091 6611166
2174 3017 2625 3109 captivitates
2660 3019 3005 3093 nobilium
3044 3024 3115 3091 et
3152 3020 3657 3113 terrigenarum
3694 3018 4009 3097 Bussiae,

932 3160 1107 3231 61186
1161 3136 1479 3230 perpessi
1533 3142 1734 3226 sunt,
1803 3137 1968 3209 dnm
2021 3136 2124 3210 ire
2186 3137 2263 3209 in
2318 3137 2709 3211 subsidium
2774 3143 3016 3212 contra
3069 3140 3123 3211 Τ
3126 3160 3330 3212 111666
3384 3138 3795 3230 Hungariae
3848 3135 4013 3228 Regi

931 3263 1002 3332 61
1054 3260 1298 3351 Regno
1351 3258 1852 3335 detrectarunt.
1909 3256 2250 3331 Caverent
2303 3257 2543 3349 1186116
2600 3262 2671 3330 61
2705 3258 2879 3331 bene
2932 3258 3601 3345 animadverterent,
3656 3257 3833 3348 quid
3868 3276 4011 3347 age-

927 3383 1117 3467 rent,
1173 3377 1762 3470 providerentque
1823 3375 1936 3450 die
1991 3376 2122 3448 illa
2176 3398 2343 3450 snae
2416 3382 2487 3449 et
2538 3378 2977 3469 posteritatis
3030 3398 3198 3451 suae
3250 3377 3597 3464 libertati,
3654 3382 3729 3451 et
3780 3398 3869 3453 ne
3918 3380 4013 3447 161

929 3518 1269 3571 annorum
1323 3498 1641 3571 laborum
1697 3502 1768 3570 et
1820 3495 2152 3569 sudorum
2208 3496 2439 3586 spatia
2492 3498 2567 3571 in
2604 3498 2815 3569 unius
2870 3498 3079 3570 horae
3115 3497 3629 3571 committerent
3656 3496 3721 3587 5)
3777 3493 4009 3569 discri-

927 3638 1110 3691 men.
1183 3618 1522 3711 Regalem
1585 3614 1974 3708 potentiam
2037 3616 2345 3689 validam
2410 3636 2593 3705 esse,
2660 3621 2731 3690 et
2786 3617 2937 3691 eius
2992 3617 3243 3710 Regis,
3310 3639 3516 3709 quem
3582 3636 3771 3692 1111116
3823 3636 4009 3689 86611-

933 3742 1225 3825 merent,
1283 3757 1510 3809 mores
1563 3736 1877 3829 ignotos3
1933 3754 2140 3827 posse
2195 3735 2380 3823 fieri,
2445 3740 2527 3808 ut
2586 3736 2661 3808 in
2714 3736 3021 3809 debitam
3082 3742 3385 3811 aetatem
3436 3735 3887 3829 perveniens,
3948 3736 4011 3807 et

929 3858 1238 3931 omnium
1293 3856 1780 3947 sponsionum,
1838 3876 2016 3946 quae
2052 3876 2240 3927 1111116
2293 3877 2417 3950 pro
2455 3877 2533 3929 eo
2588 3858 2865 3945 fierent,
2924 3856 3221 3944 oblitus„
3278 3857 3665 3949 potentiam
3721 3858 4007 3929 verteret

926 3977 1004 4049 in
1059 3975 1533 4067 tyrannidem,
1591 3980 1662 4047 et
1714 3975 1858 4063 1116,
1917 3974 2455 4066 libertatemque
2516 3975 2588 4047 in
2644 3976 3083 4049 servitutem.
3168 3977 3342 4048 Visa
3397 3982 3505 4049 est
3556 3977 3731 4049 haec
3785 3994 4005 4048 eorum

929 4095 1152 4167 oratio
1205 4094 1477 4185 aliquid
1531 4114 1766 4167 seeum
1821 4093 2068 4167 afferre
2118 4115 2244 4185 pro
2282 4094 2542 4167 tuenda
2578 4095 2906 4169 libertate
2960 4096 3311 4171 efficaciae
3364 4101 3435 4171 61
3470 4094 3793 4171 181161116.
3848 4096 4001 4167 Pro-

924 4218 1084 4306 pter
1137 4214 1320 4305 quod
1385 4212 1610 4304 aliqui
1673 4234 1761 4286 ex
1811 4213 2207 4301 nobilibuS,
2280 4213 2431 4289 illis
2494 4214 3060 4291 assentiebantur
3120 4216 3435 4307 publice,
3510 4216 3735 4306 aliqui
3800 4233 4001 4307 neque

925 4334 1130 4422 118116,
1187 4353 1412 4423 1166116
1465 4332 1663 4405 1118111
1719 4337 1990 4423 partem
2047 4333 2398 4405 tenebant.
2457 4330 2857 4408 consiliarii
2911 4340 2981 4407 et
3034 4336 3373 4425 primores
3426 4335 3753 4428 pluribus
3806 4334 3998 4407 ratio·

926 4454 1135 4527 nibus
1191 4451 1634 4525 evidentibus
1687 4456 1760 4524 et
1797 4452 2098 4524 fortibus
2151 4474 2393 4526 omnes
2447 4453 2823 4527 instantias
2872 4455 3239 4529 solvebant
3292 4460 3364 4529 et
3400 4454 3779 4529 elidebant.
3836 4454 3999 4545 Qua-

924 4594 1081 4649 rum
1136 4572 1308 4645 baec
1343 4592 1486 4643 una
1519 4575 1672 4643 erat
1707 4571 2106 4663 potissima:
2163 4571 2503 4665 Regimen
2542 4578 2613 4646 et
2648 4572 3047 4647 libertatem
3083 4575 3344 4668 Regni,
3400 4596 3539 4649 non
3578 4574 3651 4648 in
3686 4574 3903 4667 Regis
3921 4572 3997 4659 ⁶),

927 4694 1049 4767 sed
1103 4692 1179 4765 in
1231 4712 1360 4763 sua
1415 4695 1764 4782 potestate
1818 4690 2233 4777 consistere,
2293 4713 2517 4783 neque
2572 4714 2647 4765 se
2683 4692 2797 4765 illi
2852 4694 3099 4782 etiam,
3155 4699 3527 4787 postquam
3562 4695 3997 4775 adolesceret,

922 4816 1344 4905 potestatem
1395 4809 1760 4904 regiminis
1821 4810 2054 4902 Regni
2115 4812 2453 4899 facturos,
2520 4812 2663 4885 nisi
2715 4813 2871 4886 iura
2934 4819 3003 4886 et
3055 4814 3419 4887 libertates
3485 4813 3715 4906 Regni
3768 4813 3996 4887 confir·

923 4936 1168 5006 maret.
1245 4930 1384 5005 Sed
1445 4930 1612 5001 dum
1671 4950 1897 5021 neque
1960 4930 2120 5019 hac,
2197 4950 2421 5022 neque
2486 4931 2649 5004 aliis
2720 4932 3295 5022 persuasionibus
3358 4936 3831 5022 moverentur,
3894 4928 4001 5007 sod

1141 5222 1185 5304 ¹)
1229 5244 1348 5285 non
1393 5230 1594 5285 essent
1641 5219 1792 5287 Cod.
1839 5221 2033 5285 Rozr.
2084 5222 2136 5302 ²)
2180 5242 2293 5285 1166
2335 5224 2707 5285 mediocriter
2750 5244 2817 5285 se
2860 5230 3165 5302 opponunt
3212 5218 3364 5289 Cod.
3410 5220 3603 5288 Rozr.
3654 5222 3710 5305 ⁸)
3754 5224 4003 5288 nonnulli

923 5330 1100 5390 etiem
1145 5322 1300 5389 cod.
1353 5324 1548 5389 Roaer.
1619 5325 1673 5410 ⁴)
1721 5329 1982 5409 reginen
2027 5324 2200 5389 deest
2242 5327 2317 5387 in
2366 5322 2518 5389 Cod.
2570 5322 2747 5389 Cale.
2820 5326 2875 5407 ⁵)
2920 5335 3331 5389 converterent
3386 5326 3537 5391 Ood.
3592 5325 3783 5389 Rozr.
3855 5328 3909 5407 ⁸)
3950 5329 4003 5387 in

923 5432 1091 5509 regia
1131 5426 1260 5491 Ed.
1305 5426 1486 5514 Dlps.
1595 5470 1602 5477 -
