<?xml version="1.0" encoding="UTF-8"?>
<!DOCTYPE html PUBLIC "-//W3C//DTD XHTML 1.0 Transitional//EN"
    "http://www.w3.org/TR/xhtml1/DTD/xhtml1-transitional.dtd">
<html xmlns="http://www.w3.org/1999/xhtml" xml:lang="en" lang="en">
 <head>
  <title>
</title>
<meta http-equiv="Content-Type" content="text/html;charset=utf-8" />
  <meta name='ocr-system' content='tesseract 3.04.00' />
  <meta name='ocr-capabilities' content='ocr_page ocr_carea ocr_par ocr_line ocrx_word'/>
</head>
<body>
  <div class='ocr_page' id='page_1' title='image "./dzieawszystkie00unkngoog_0273.png"; bbox 0 0 4342 6384; ppageno 0'>
   <div class='ocr_carea' id='block_1_1' title="bbox 854 554 3958 659">
    <p class='ocr_par' dir='ltr' id='par_1_1' title="bbox 854 554 3958 659">
     <span class='ocr_line' id='line_1_1' title="bbox 854 554 3958 659; baseline 0.001 -29"><span class='ocrx_word' id='word_1_1' title='bbox 854 559 1005 631; x_wconf 81' lang='lat'><strong>262</strong></span> <span class='ocrx_word' id='word_1_2' title='bbox 2024 580 2252 634; x_wconf 70' lang='lat' dir='ltr'><strong>mmm</strong></span> <span class='ocrx_word' id='word_1_3' title='bbox 2303 579 2764 634; x_wconf 69' lang='lat' dir='ltr'><strong>uunncnms.</strong></span> <span class='ocrx_word' id='word_1_4' title='bbox 3389 557 3524 659; x_wconf 84' lang='grc' dir='ltr'><strong>(Α.</strong></span> <span class='ocrx_word' id='word_1_5' title='bbox 3564 557 3658 633; x_wconf 82' lang='lat' dir='ltr'><strong>D.</strong></span> <span class='ocrx_word' id='word_1_6' title='bbox 3701 554 3958 657; x_wconf 72' lang='lat'>1420.)</span> 
     </span>
    </p>
   </div>
   <div class='ocr_carea' id='block_1_2' title="bbox 936 878 3874 1091">
    <p class='ocr_par' dir='ltr' id='par_1_2' title="bbox 936 878 3874 1091">
     <span class='ocr_line' id='line_1_2' title="bbox 936 878 3874 972; baseline 0.001 -22"><span class='ocrx_word' id='word_1_7' title='bbox 936 878 1257 952; x_wconf 71' lang='lat' dir='ltr'><strong>lohannes</strong></span> <span class='ocrx_word' id='word_1_8' title='bbox 1300 878 1573 952; x_wconf 63' lang='lat' dir='ltr'><strong>ximus</strong></span> <span class='ocrx_word' id='word_1_9' title='bbox 1586 934 1604 966; x_wconf 88' lang='lat'><strong>,</strong></span> <span class='ocrx_word' id='word_1_10' title='bbox 1646 879 1870 952; x_wconf 71' lang='lat' dir='ltr'><strong>Pilzna</strong></span> <span class='ocrx_word' id='word_1_11' title='bbox 1911 878 2172 967; x_wconf 74' lang='lat' dir='ltr'><strong>relicta,</strong></span> <span class='ocrx_word' id='word_1_12' title='bbox 2219 895 2454 952; x_wconf 73' lang='lat' dir='ltr'><strong>norm</strong></span> <span class='ocrx_word' id='word_1_13' title='bbox 2496 879 2838 952; x_wconf 72' lang='lat' dir='ltr'><strong>civitatem</strong></span> <span class='ocrx_word' id='word_1_14' title='bbox 2881 879 3124 952; x_wconf 69' lang='lat' dir='ltr'><strong>Thabor</strong></span> <span class='ocrx_word' id='word_1_15' title='bbox 3169 881 3385 972; x_wconf 73' lang='lat' dir='ltr'><strong>ponit,</strong></span> <span class='ocrx_word' id='word_1_16' title='bbox 3433 883 3505 953; x_wconf 77' lang='lat' dir='ltr'><strong>et</strong></span> <span class='ocrx_word' id='word_1_17' title='bbox 3545 880 3874 954; x_wconf 69' lang='lat' dir='ltr'><strong>meola-</strong></span> 
     </span>
     <span class='ocr_line' id='line_1_3' title="bbox 1708 999 3100 1091; baseline 0.001 -19"><span class='ocrx_word' id='word_1_18' title='bbox 1708 1016 1747 1071; x_wconf 66' lang='grc' dir='ltr'>ι</span> <span class='ocrx_word' id='word_1_19' title='bbox 1792 999 1967 1090; x_wconf 70' lang='lat' dir='ltr'><strong>nego</strong></span> <span class='ocrx_word' id='word_1_20' title='bbox 2012 999 2422 1091; x_wconf 70' lang='lat' dir='ltr'><strong>sigimundo</strong></span> <span class='ocrx_word' id='word_1_21' title='bbox 2463 1001 2731 1074; x_wconf 71' lang='lat' dir='ltr'><strong>ninu-</strong></span> <span class='ocrx_word' id='word_1_22' title='bbox 2775 1000 3100 1090; x_wconf 67' lang='lat' dir='ltr'><strong>promat.</strong></span> 
     </span>
    </p>
   </div>
   <div class='ocr_carea' id='block_1_3' title="bbox 850 1245 3962 2898">
    <p class='ocr_par' dir='ltr' id='par_1_3' title="bbox 850 1245 3962 2898">
     <span class='ocr_line' id='line_1_4' title="bbox 1060 1245 3952 1340; baseline -0 -20"><span class='ocrx_word' id='word_1_23' title='bbox 1060 1246 1407 1320; x_wconf 87' lang='lat' dir='ltr'><strong>Iohannes</strong></span> <span class='ocrx_word' id='word_1_24' title='bbox 1462 1245 1792 1335; x_wconf 87' lang='lat' dir='ltr'><strong>Zischka,</strong></span> <span class='ocrx_word' id='word_1_25' title='bbox 1848 1247 2100 1322; x_wconf 87' lang='lat' dir='ltr'><strong>relicta</strong></span> <span class='ocrx_word' id='word_1_26' title='bbox 2152 1268 2243 1321; x_wconf 86' lang='lat' dir='ltr'><strong>ex</strong></span> <span class='ocrx_word' id='word_1_27' title='bbox 2299 1248 2570 1322; x_wconf 86' lang='lat' dir='ltr'><strong>foedere</strong></span> <span class='ocrx_word' id='word_1_28' title='bbox 2624 1247 2905 1337; x_wconf 79' lang='lat' dir='ltr'><strong>Pilzna,</strong></span> <span class='ocrx_word' id='word_1_29' title='bbox 2961 1245 3072 1320; x_wconf 91' lang='lat' dir='ltr'><strong>bis</strong></span> <span class='ocrx_word' id='word_1_30' title='bbox 3110 1268 3152 1319; x_wconf 92' lang='lat' dir='ltr'><strong>a</strong></span> <span class='ocrx_word' id='word_1_31' title='bbox 3186 1247 3516 1321; x_wconf 84' lang='lat' dir='ltr'><strong>fidelibus</strong></span> <span class='ocrx_word' id='word_1_32' title='bbox 3563 1247 3761 1320; x_wconf 84' lang='lat' dir='ltr'><strong>clade</strong></span> <span class='ocrx_word' id='word_1_33' title='bbox 3798 1267 3952 1340; x_wconf 88' lang='lat' dir='ltr'><strong>per-</strong></span> 
     </span>
     <span class='ocr_line' id='line_1_5' title="bbox 852 1364 3954 1459; baseline -0.001 -19"><span class='ocrx_word' id='word_1_34' title='bbox 852 1366 1128 1455; x_wconf 90' lang='lat' dir='ltr'><strong>culsus,</strong></span> <span class='ocrx_word' id='word_1_35' title='bbox 1184 1387 1271 1440; x_wconf 88' lang='lat' dir='ltr'><strong>ne</strong></span> <span class='ocrx_word' id='word_1_36' title='bbox 1324 1364 1399 1438; x_wconf 89' lang='lat' dir='ltr'><strong>in</strong></span> <span class='ocrx_word' id='word_1_37' title='bbox 1454 1365 1801 1439; x_wconf 80' lang='lat' dir='ltr'><strong>victorum</strong></span> <span class='ocrx_word' id='word_1_38' title='bbox 1854 1367 2129 1440; x_wconf 79' lang='lat' dir='ltr'><strong>veniret</strong></span> <span class='ocrx_word' id='word_1_39' title='bbox 2184 1389 2466 1456; x_wconf 78' lang='lat' dir='ltr'><strong>manuS,</strong></span> <span class='ocrx_word' id='word_1_40' title='bbox 2521 1367 2860 1442; x_wconf 79' lang='lat' dir='ltr'><strong>versutiis</strong></span> <span class='ocrx_word' id='word_1_41' title='bbox 2916 1366 3257 1440; x_wconf 80' lang='lat' dir='ltr'><strong>obtinuit:</strong></span> <span class='ocrx_word' id='word_1_42' title='bbox 3314 1368 3526 1459; x_wconf 87' lang='lat' dir='ltr'><strong>pepla</strong></span> <span class='ocrx_word' id='word_1_43' title='bbox 3579 1366 3767 1441; x_wconf 91' lang='lat' dir='ltr'><strong>enim</strong></span> <span class='ocrx_word' id='word_1_44' title='bbox 3801 1388 3954 1439; x_wconf 88' lang='lat' dir='ltr'><strong>mu-</strong></span> 
     </span>
     <span class='ocr_line' id='line_1_6' title="bbox 850 1484 3958 1580; baseline 0 -22"><span class='ocrx_word' id='word_1_45' title='bbox 850 1484 1066 1560; x_wconf 89' lang='lat' dir='ltr'><strong>lieres</strong></span> <span class='ocrx_word' id='word_1_46' title='bbox 1120 1485 1205 1559; x_wconf 89' lang='lat' dir='ltr'><strong>de</strong></span> <span class='ocrx_word' id='word_1_47' title='bbox 1259 1506 1447 1559; x_wconf 90' lang='lat' dir='ltr'><strong>more</strong></span> <span class='ocrx_word' id='word_1_48' title='bbox 1501 1485 1889 1560; x_wconf 84' lang='lat' dir='ltr'><strong>exercitum</strong></span> <span class='ocrx_word' id='word_1_49' title='bbox 1944 1507 2151 1560; x_wconf 89' lang='lat' dir='ltr'><strong>suum</strong></span> <span class='ocrx_word' id='word_1_50' title='bbox 2207 1489 2611 1580; x_wconf 91' lang='lat' dir='ltr'><strong>sequentes,</strong></span> <span class='ocrx_word' id='word_1_51' title='bbox 2667 1487 2742 1560; x_wconf 90' lang='lat' dir='ltr'><strong>in</strong></span> <span class='ocrx_word' id='word_1_52' title='bbox 2783 1487 2940 1561; x_wconf 93' lang='lat' dir='ltr'><strong>loco</strong></span> <span class='ocrx_word' id='word_1_53' title='bbox 2981 1487 3224 1580; x_wconf 83' lang='lat' dir='ltr'><strong>a&#39;spero</strong></span> <span class='ocrx_word' id='word_1_54' title='bbox 3264 1491 3336 1560; x_wconf 89' lang='lat' dir='ltr'><strong>et</strong></span> <span class='ocrx_word' id='word_1_55' title='bbox 3370 1486 3647 1580; x_wconf 90' lang='lat' dir='ltr'><strong>iniquo,</strong></span> <span class='ocrx_word' id='word_1_56' title='bbox 3705 1487 3782 1559; x_wconf 93' lang='lat' dir='ltr'><strong>in</strong></span> <span class='ocrx_word' id='word_1_57' title='bbox 3819 1508 3958 1580; x_wconf 93' lang='lat' dir='ltr'><strong>quo</strong></span> 
     </span>
     <span class='ocr_line' id='line_1_7' title="bbox 852 1605 3955 1700; baseline -0 -21"><span class='ocrx_word' id='word_1_58' title='bbox 852 1605 942 1679; x_wconf 83' lang='lat' dir='ltr'><strong>ad</strong></span> <span class='ocrx_word' id='word_1_59' title='bbox 976 1609 1328 1681; x_wconf 84' lang='lat' dir='ltr'><strong>certamen</strong></span> <span class='ocrx_word' id='word_1_60' title='bbox 1378 1605 1703 1699; x_wconf 79' lang='lat' dir='ltr'><strong>pedestre</strong></span> <span class='ocrx_word' id='word_1_61' title='bbox 1739 1606 1980 1680; x_wconf 84' lang='lat' dir='ltr'><strong>venire</strong></span> <span class='ocrx_word' id='word_1_62' title='bbox 2018 1607 2417 1699; x_wconf 84' lang='lat' dir='ltr'><strong>oportebat,</strong></span> <span class='ocrx_word' id='word_1_63' title='bbox 2475 1606 2550 1680; x_wconf 92' lang='lat' dir='ltr'><strong>in</strong></span> <span class='ocrx_word' id='word_1_64' title='bbox 2595 1611 2854 1681; x_wconf 88' lang='lat' dir='ltr'><strong>terram</strong></span> <span class='ocrx_word' id='word_1_65' title='bbox 2891 1606 3140 1700; x_wconf 88' lang='lat' dir='ltr'><strong>proiici</strong></span> <span class='ocrx_word' id='word_1_66' title='bbox 3175 1606 3421 1696; x_wconf 89' lang='lat' dir='ltr'><strong>iussit,</strong></span> <span class='ocrx_word' id='word_1_67' title='bbox 3463 1607 3721 1699; x_wconf 90' lang='lat' dir='ltr'><strong>quibus</strong></span> <span class='ocrx_word' id='word_1_68' title='bbox 3759 1606 3955 1698; x_wconf 90' lang='lat' dir='ltr'><strong>equi-</strong></span> 
     </span>
     <span class='ocr_line' id='line_1_8' title="bbox 853 1725 3960 1819; baseline 0 -21"><span class='ocrx_word' id='word_1_69' title='bbox 853 1727 963 1800; x_wconf 87' lang='lat' dir='ltr'><strong>tes</strong></span> <span class='ocrx_word' id='word_1_70' title='bbox 1026 1725 1389 1819; x_wconf 89' lang='lat' dir='ltr'><strong>impliciti,</strong></span> <span class='ocrx_word' id='word_1_71' title='bbox 1464 1725 1767 1799; x_wconf 83' lang='lat' dir='ltr'><strong>victores</strong></span> <span class='ocrx_word' id='word_1_72' title='bbox 1820 1747 1861 1799; x_wconf 88' lang='lat' dir='ltr'><strong>a</strong></span> <span class='ocrx_word' id='word_1_73' title='bbox 1915 1725 2127 1800; x_wconf 84' lang='lat' dir='ltr'><strong>victis</strong></span> <span class='ocrx_word' id='word_1_74' title='bbox 2184 1727 2430 1801; x_wconf 86' lang='lat' dir='ltr'><strong>obtriti</strong></span> <span class='ocrx_word' id='word_1_75' title='bbox 2493 1732 2683 1800; x_wconf 88' lang='lat' dir='ltr'><strong>sunt.</strong></span> <span class='ocrx_word' id='word_1_76' title='bbox 2758 1726 3032 1800; x_wconf 91' lang='lat' dir='ltr'><strong>Licium</strong></span> <span class='ocrx_word' id='word_1_77' title='bbox 3105 1747 3382 1819; x_wconf 90' lang='lat' dir='ltr'><strong>quoque</strong></span> <span class='ocrx_word' id='word_1_78' title='bbox 3457 1725 3829 1801; x_wconf 87' lang='lat' dir='ltr'><strong>castellum</strong></span> <span class='ocrx_word' id='word_1_79' title='bbox 3883 1727 3960 1798; x_wconf 79' lang='lat' dir='ltr'><strong>vi</strong></span> 
     </span>
     <span class='ocr_line' id='line_1_9' title="bbox 854 1844 3958 1939; baseline -0.001 -19"><span class='ocrx_word' id='word_1_80' title='bbox 854 1867 1297 1939; x_wconf 84' lang='lat' dir='ltr'><strong>expugnans,</strong></span> <span class='ocrx_word' id='word_1_81' title='bbox 1356 1845 1677 1920; x_wconf 89' lang='lat' dir='ltr'><strong>Ulricum</strong></span> <span class='ocrx_word' id='word_1_82' title='bbox 1730 1845 1931 1920; x_wconf 89' lang='lat' dir='ltr'><strong>illius</strong></span> <span class='ocrx_word' id='word_1_83' title='bbox 1971 1848 2025 1937; x_wconf 88' lang='lat'><strong>¹)</strong></span> <span class='ocrx_word' id='word_1_84' title='bbox 2081 1847 2438 1921; x_wconf 84' lang='lat' dir='ltr'><strong>dominum</strong></span> <span class='ocrx_word' id='word_1_85' title='bbox 2455 1903 2472 1937; x_wconf 99' lang='lat'><strong>,</strong></span> <span class='ocrx_word' id='word_1_86' title='bbox 2549 1847 3030 1939; x_wconf 80' lang='lat' dir='ltr'><strong>familiamque</strong></span> <span class='ocrx_word' id='word_1_87' title='bbox 3085 1868 3284 1919; x_wconf 87' lang='lat' dir='ltr'><strong>suam</strong></span> <span class='ocrx_word' id='word_1_88' title='bbox 3301 1901 3318 1935; x_wconf 94' lang='lat'><strong>,</strong></span> <span class='ocrx_word' id='word_1_89' title='bbox 3383 1845 3620 1939; x_wconf 85' lang='lat' dir='ltr'><strong>gladio</strong></span> <span class='ocrx_word' id='word_1_90' title='bbox 3675 1844 3958 1919; x_wconf 86' lang='lat' dir='ltr'><strong>occidit.</strong></span> 
     </span>
     <span class='ocr_line' id='line_1_10' title="bbox 854 1964 3962 2060; baseline -0 -22"><span class='ocrx_word' id='word_1_91' title='bbox 854 1965 950 2038; x_wconf 81' lang='lat' dir='ltr'><strong>Et</strong></span> <span class='ocrx_word' id='word_1_92' title='bbox 1000 1986 1161 2039; x_wconf 91' lang='lat' dir='ltr'><strong>cum</strong></span> <span class='ocrx_word' id='word_1_93' title='bbox 1214 1965 1607 2056; x_wconf 76' lang='lat' dir='ltr'><strong>civitatem,</strong></span> <span class='ocrx_word' id='word_1_94' title='bbox 1665 1965 1739 2038; x_wconf 90' lang='lat' dir='ltr'><strong>in</strong></span> <span class='ocrx_word' id='word_1_95' title='bbox 1793 1988 2003 2060; x_wconf 85' lang='lat' dir='ltr'><strong>quam</strong></span> <span class='ocrx_word' id='word_1_96' title='bbox 2058 1987 2165 2056; x_wconf 89' lang='lat' dir='ltr'><strong>se,</strong></span> <span class='ocrx_word' id='word_1_97' title='bbox 2222 1965 2644 2042; x_wconf 71' lang='lat' dir='ltr'><strong>necessitate</strong></span> <span class='ocrx_word' id='word_1_98' title='bbox 2695 1970 2988 2060; x_wconf 87' lang='lat' dir='ltr'><strong>urgente</strong></span> <span class='ocrx_word' id='word_1_99' title='bbox 3003 2023 3021 2054; x_wconf 94' lang='lat'><strong>,</strong></span> <span class='ocrx_word' id='word_1_100' title='bbox 3077 1964 3452 2058; x_wconf 88' lang='lat' dir='ltr'><strong>reciperet,</strong></span> <span class='ocrx_word' id='word_1_101' title='bbox 3511 1967 3762 2040; x_wconf 86' lang='lat' dir='ltr'><strong>fortem</strong></span> <span class='ocrx_word' id='word_1_102' title='bbox 3817 1986 3962 2038; x_wconf 89' lang='lat' dir='ltr'><strong>uon</strong></span> 
     </span>
     <span class='ocr_line' id='line_1_11' title="bbox 855 2084 3959 2180; baseline -0 -22"><span class='ocrx_word' id='word_1_103' title='bbox 855 2085 1176 2174; x_wconf 88' lang='lat' dir='ltr'><strong>haberet,</strong></span> <span class='ocrx_word' id='word_1_104' title='bbox 1233 2086 1321 2159; x_wconf 85' lang='lat' dir='ltr'><strong>ad</strong></span> <span class='ocrx_word' id='word_1_105' title='bbox 1374 2085 1877 2160; x_wconf 89' lang='lat' dir='ltr'><strong>Luschnicium</strong></span> <span class='ocrx_word' id='word_1_106' title='bbox 1906 2085 1969 2176; x_wconf 70' lang='grc'><strong>2)</strong></span> <span class='ocrx_word' id='word_1_107' title='bbox 2028 2107 2333 2175; x_wconf 89' lang='lat' dir='ltr'><strong>amnem,</strong></span> <span class='ocrx_word' id='word_1_108' title='bbox 2392 2087 2621 2160; x_wconf 88' lang='lat' dir='ltr'><strong>locum</strong></span> <span class='ocrx_word' id='word_1_109' title='bbox 2673 2089 2928 2159; x_wconf 87' lang='lat' dir='ltr'><strong>natura</strong></span> <span class='ocrx_word' id='word_1_110' title='bbox 2982 2084 3332 2159; x_wconf 88' lang='lat' dir='ltr'><strong>munitum</strong></span> <span class='ocrx_word' id='word_1_111' title='bbox 3385 2085 3636 2180; x_wconf 84' lang='lat' dir='ltr'><strong>elegit,</strong></span> <span class='ocrx_word' id='word_1_112' title='bbox 3693 2084 3959 2158; x_wconf 85' lang='lat' dir='ltr'><strong>moeni-</strong></span> 
     </span>
     <span class='ocr_line' id='line_1_12' title="bbox 855 2203 3956 2299; baseline 0 -22"><span class='ocrx_word' id='word_1_113' title='bbox 855 2205 1129 2297; x_wconf 82' lang='lat' dir='ltr'><strong>busque</strong></span> <span class='ocrx_word' id='word_1_114' title='bbox 1181 2203 1439 2295; x_wconf 78' lang='lat' dir='ltr'><strong>cinxit,</strong></span> <span class='ocrx_word' id='word_1_115' title='bbox 1499 2209 1569 2280; x_wconf 90' lang='lat' dir='ltr'><strong>et</strong></span> <span class='ocrx_word' id='word_1_116' title='bbox 1620 2209 1704 2278; x_wconf 93' lang='lat' dir='ltr'><strong>ut</strong></span> <span class='ocrx_word' id='word_1_117' title='bbox 1758 2205 2055 2299; x_wconf 89' lang='lat' dir='ltr'><strong>quisque</strong></span> <span class='ocrx_word' id='word_1_118' title='bbox 2110 2204 2419 2281; x_wconf 89' lang='lat' dir='ltr'><strong>tentoria</strong></span> <span class='ocrx_word' id='word_1_119' title='bbox 2469 2208 2756 2295; x_wconf 85' lang='lat' dir='ltr'><strong>fixerat,</strong></span> <span class='ocrx_word' id='word_1_120' title='bbox 2812 2205 2916 2278; x_wconf 85' lang='lat' dir='ltr'><strong>ita</strong></span> <span class='ocrx_word' id='word_1_121' title='bbox 2969 2204 3108 2278; x_wconf 88' lang='lat' dir='ltr'><strong>sibi</strong></span> <span class='ocrx_word' id='word_1_122' title='bbox 3143 2205 3384 2278; x_wconf 89' lang='lat' dir='ltr'><strong>domos</strong></span> <span class='ocrx_word' id='word_1_123' title='bbox 3421 2205 3788 2280; x_wconf 86' lang='lat' dir='ltr'><strong>aedificare</strong></span> <span class='ocrx_word' id='word_1_124' title='bbox 3824 2205 3956 2278; x_wconf 88' lang='lat' dir='ltr'><strong>im-</strong></span> 
     </span>
     <span class='ocr_line' id='line_1_13' title="bbox 854 2324 3958 2419; baseline -0 -21"><span class='ocrx_word' id='word_1_125' title='bbox 854 2324 1162 2418; x_wconf 84' lang='lat' dir='ltr'><strong>peravit,</strong></span> <span class='ocrx_word' id='word_1_126' title='bbox 1217 2325 1631 2419; x_wconf 74' lang='lat' dir='ltr'><strong>civitatique</strong></span> <span class='ocrx_word' id='word_1_127' title='bbox 1656 2401 1661 2408; x_wconf 75' lang='grc'><em>,</em></span> <span class='ocrx_word' id='word_1_128' title='bbox 1685 2326 1963 2400; x_wconf 84' lang='lat' dir='ltr'><strong>Thabor</strong></span> <span class='ocrx_word' id='word_1_129' title='bbox 2012 2347 2265 2400; x_wconf 90' lang='lat' dir='ltr'><strong>nomen</strong></span> <span class='ocrx_word' id='word_1_130' title='bbox 2317 2325 2608 2400; x_wconf 81' lang='lat' dir='ltr'><strong>indidit:</strong></span> <span class='ocrx_word' id='word_1_131' title='bbox 2666 2347 2708 2398; x_wconf 92' lang='lat' dir='ltr'><strong>a</strong></span> <span class='ocrx_word' id='word_1_132' title='bbox 2765 2346 2904 2418; x_wconf 83' lang='lat' dir='ltr'><strong>qua</strong></span> <span class='ocrx_word' id='word_1_133' title='bbox 2957 2332 3028 2398; x_wconf 90' lang='lat' dir='ltr'><strong>et</strong></span> <span class='ocrx_word' id='word_1_134' title='bbox 3081 2325 3372 2399; x_wconf 86' lang='lat' dir='ltr'><strong>comites</strong></span> <span class='ocrx_word' id='word_1_135' title='bbox 3425 2325 3580 2399; x_wconf 87' lang='lat' dir='ltr'><strong>eius</strong></span> <span class='ocrx_word' id='word_1_136' title='bbox 3617 2324 3958 2399; x_wconf 87' lang='lat' dir='ltr'><strong>Thabori-</strong></span> 
     </span>
     <span class='ocr_line' id='line_1_14' title="bbox 854 2443 3959 2539; baseline -0.001 -21"><span class='ocrx_word' id='word_1_137' title='bbox 854 2449 971 2518; x_wconf 83' lang='lat' dir='ltr'><strong>tae</strong></span> <span class='ocrx_word' id='word_1_138' title='bbox 1024 2444 1386 2539; x_wconf 87' lang='lat' dir='ltr'><strong>appellati.</strong></span> <span class='ocrx_word' id='word_1_139' title='bbox 1442 2445 1775 2522; x_wconf 82' lang='lat' dir='ltr'><strong>Maiorem</strong></span> <span class='ocrx_word' id='word_1_140' title='bbox 1826 2452 2061 2519; x_wconf 85' lang='lat' dir='ltr'><strong>autem</strong></span> <span class='ocrx_word' id='word_1_141' title='bbox 2096 2450 2370 2538; x_wconf 83' lang='lat' dir='ltr'><strong>partem</strong></span> <span class='ocrx_word' id='word_1_142' title='bbox 2407 2445 2720 2519; x_wconf 79' lang='lat' dir='ltr'><strong>civitatis</strong></span> <span class='ocrx_word' id='word_1_143' title='bbox 2757 2446 3070 2520; x_wconf 86' lang='lat' dir='ltr'><strong>eiusdem</strong></span> <span class='ocrx_word' id='word_1_144' title='bbox 3107 2444 3576 2519; x_wconf 88' lang='lat' dir='ltr'><strong>Luschnicins</strong></span> <span class='ocrx_word' id='word_1_145' title='bbox 3605 2443 3668 2535; x_wconf 73' lang='lat'><strong>³)</strong></span> <span class='ocrx_word' id='word_1_146' title='bbox 3724 2444 3959 2518; x_wconf 88' lang='lat' dir='ltr'><strong>amnis</strong></span> 
     </span>
     <span class='ocr_line' id='line_1_15' title="bbox 854 2563 3961 2658; baseline -0 -20"><span class='ocrx_word' id='word_1_147' title='bbox 854 2563 1116 2655; x_wconf 87' lang='lat' dir='ltr'><strong>abluit,</strong></span> <span class='ocrx_word' id='word_1_148' title='bbox 1180 2564 1533 2658; x_wconf 88' lang='lat' dir='ltr'><strong>reliquum</strong></span> <span class='ocrx_word' id='word_1_149' title='bbox 1598 2570 1869 2642; x_wconf 88' lang='lat' dir='ltr'><strong>torrens</strong></span> <span class='ocrx_word' id='word_1_150' title='bbox 1924 2587 2061 2639; x_wconf 89' lang='lat' dir='ltr'><strong>non</strong></span> <span class='ocrx_word' id='word_1_151' title='bbox 2116 2565 2432 2639; x_wconf 88' lang='lat' dir='ltr'><strong>modicus</strong></span> <span class='ocrx_word' id='word_1_152' title='bbox 2495 2565 2739 2639; x_wconf 90' lang='lat' dir='ltr'><strong>ambit.</strong></span> <span class='ocrx_word' id='word_1_153' title='bbox 2805 2565 3178 2639; x_wconf 87' lang='lat' dir='ltr'><strong>Nicolaum</strong></span> <span class='ocrx_word' id='word_1_154' title='bbox 3230 2566 3484 2639; x_wconf 85' lang='lat' dir='ltr'><strong>deinde</strong></span> <span class='ocrx_word' id='word_1_155' title='bbox 3539 2565 3961 2658; x_wconf 80' lang='lat' dir='ltr'><strong>Magistrum</strong></span> 
     </span>
     <span class='ocr_line' id='line_1_16' title="bbox 852 2683 3960 2780; baseline 0 -22"><span class='ocrx_word' id='word_1_156' title='bbox 852 2689 1204 2774; x_wconf 88' lang='lat' dir='ltr'><strong>monetae,</strong></span> <span class='ocrx_word' id='word_1_157' title='bbox 1270 2707 1313 2758; x_wconf 98' lang='lat' dir='ltr'><strong>a</strong></span> <span class='ocrx_word' id='word_1_158' title='bbox 1366 2683 1817 2780; x_wconf 73' lang='lat' dir='ltr'><strong>sigismundo</strong></span> <span class='ocrx_word' id='word_1_159' title='bbox 1881 2687 2074 2779; x_wconf 83' lang='lat' dir='ltr'><strong>Rege</strong></span> <span class='ocrx_word' id='word_1_160' title='bbox 2135 2685 2224 2759; x_wconf 89' lang='lat' dir='ltr'><strong>ad</strong></span> <span class='ocrx_word' id='word_1_161' title='bbox 2287 2686 2630 2759; x_wconf 87' lang='lat' dir='ltr'><strong>curandas</strong></span> <span class='ocrx_word' id='word_1_162' title='bbox 2693 2707 2805 2760; x_wconf 93' lang='lat' dir='ltr'><strong>res</strong></span> <span class='ocrx_word' id='word_1_163' title='bbox 2868 2683 2946 2759; x_wconf 89' lang='lat' dir='ltr'><strong>in</strong></span> <span class='ocrx_word' id='word_1_164' title='bbox 3009 2685 3414 2759; x_wconf 87' lang='lat' dir='ltr'><strong>Bohemiam</strong></span> <span class='ocrx_word' id='word_1_165' title='bbox 3479 2685 3774 2758; x_wconf 88' lang='lat' dir='ltr'><strong>missum</strong></span> <span class='ocrx_word' id='word_1_166' title='bbox 3791 2741 3808 2772; x_wconf 95' lang='lat'><strong>,</strong></span> <span class='ocrx_word' id='word_1_167' title='bbox 3878 2683 3960 2758; x_wconf 88' lang='lat' dir='ltr'><strong>in</strong></span> 
     </span>
     <span class='ocr_line' id='line_1_17' title="bbox 854 2786 3912 2898; baseline 0 -20"><span class='ocrx_word' id='word_1_168' title='bbox 854 2805 1275 2880; x_wconf 84' lang='lat' dir='ltr'><strong>Parasceves</strong></span> <span class='ocrx_word' id='word_1_169' title='bbox 1330 2809 1531 2882; x_wconf 89' lang='lat' dir='ltr'><strong>nocte</strong></span> <span class='ocrx_word' id='word_1_170' title='bbox 1584 2786 1937 2896; x_wconf 79' lang='lat' dir='ltr'><strong>conflixit,</strong></span> <span class='ocrx_word' id='word_1_171' title='bbox 1996 2811 2065 2880; x_wconf 91' lang='lat' dir='ltr'><strong>et</strong></span> <span class='ocrx_word' id='word_1_172' title='bbox 2118 2825 2358 2880; x_wconf 88' lang='lat' dir='ltr'><strong>omnes</strong></span> <span class='ocrx_word' id='word_1_173' title='bbox 2411 2805 2525 2878; x_wconf 89' lang='lat' dir='ltr'><strong>illi</strong></span> <span class='ocrx_word' id='word_1_174' title='bbox 2581 2826 2795 2898; x_wconf 89' lang='lat' dir='ltr'><strong>equos</strong></span> <span class='ocrx_word' id='word_1_175' title='bbox 2851 2805 3112 2878; x_wconf 84' lang='lat' dir='ltr'><strong>ademit</strong></span> <span class='ocrx_word' id='word_1_176' title='bbox 3165 2809 3236 2878; x_wconf 91' lang='lat' dir='ltr'><strong>et</strong></span> <span class='ocrx_word' id='word_1_177' title='bbox 3289 2827 3484 2879; x_wconf 89' lang='lat' dir='ltr'><strong>arma</strong></span> <span class='ocrx_word' id='word_1_178' title='bbox 3536 2803 3912 2897; x_wconf 86' lang='lat' dir='ltr'><strong>surripuit.</strong></span> 
     </span>
    </p>
   </div>
   <div class='ocr_carea' id='block_1_4' title="bbox 858 3101 3964 3474">
    <p class='ocr_par' dir='ltr' id='par_1_4' title="bbox 858 3101 3964 3474">
     <span class='ocr_line' id='line_1_18' title="bbox 858 3101 3964 3249; baseline -0.002 -14"><span class='ocrx_word' id='word_1_179' title='bbox 858 3155 1259 3235; x_wconf 66' lang='lat' dir='ltr'><strong>(leonum</strong></span> <span class='ocrx_word' id='word_1_180' title='bbox 1304 3157 1815 3232; x_wconf 72' lang='grc' dir='ltr'><strong>οοιιιὶιὶιῆοηιιι</strong></span> <span class='ocrx_word' id='word_1_181' title='bbox 1866 3157 2167 3233; x_wconf 71' lang='lat' dir='ltr'><strong>Poloniae</strong></span> <span class='ocrx_word' id='word_1_182' title='bbox 2211 3160 2281 3232; x_wconf 73' lang='lat' dir='ltr'><strong>in</strong></span> <span class='ocrx_word' id='word_1_183' title='bbox 2325 3101 2657 3233; x_wconf 67' lang='lat' dir='ltr'><strong>conventu</strong></span> <span class='ocrx_word' id='word_1_184' title='bbox 2709 3159 3110 3232; x_wconf 58' lang='lat' dir='ltr'><strong>hauniensi</strong></span> <span class='ocrx_word' id='word_1_185' title='bbox 3164 3175 3378 3233; x_wconf 74' lang='lat' dir='ltr'><strong>eorm</strong></span> <span class='ocrx_word' id='word_1_186' title='bbox 3421 3158 3732 3232; x_wconf 68' lang='lat' dir='ltr'><strong>tributii</strong></span> <span class='ocrx_word' id='word_1_187' title='bbox 3776 3159 3964 3249; x_wconf 76' lang='lat' dir='ltr'><strong>regio</strong></span> 
     </span>
     <span class='ocr_line' id='line_1_19' title="bbox 858 3277 3962 3370; baseline 0.001 -22"><span class='ocrx_word' id='word_1_188' title='bbox 858 3279 1093 3350; x_wconf 71' lang='lat' dir='ltr'><strong>exorta</strong></span> <span class='ocrx_word' id='word_1_189' title='bbox 1150 3277 1392 3350; x_wconf 72' lang='lat' dir='ltr'><strong>seditio</strong></span> <span class='ocrx_word' id='word_1_190' title='bbox 1450 3279 1567 3350; x_wconf 78' lang='lat' dir='ltr'><strong>vix</strong></span> <span class='ocrx_word' id='word_1_191' title='bbox 1626 3278 1926 3367; x_wconf 71' lang='lat' dir='ltr'><strong>sedatu,</strong></span> <span class='ocrx_word' id='word_1_192' title='bbox 1986 3282 2059 3352; x_wconf 75' lang='lat' dir='ltr'><strong>ot</strong></span> <span class='ocrx_word' id='word_1_193' title='bbox 2116 3280 2201 3352; x_wconf 75' lang='lat' dir='ltr'><strong>de</strong></span> <span class='ocrx_word' id='word_1_194' title='bbox 2258 3279 2481 3370; x_wconf 68' lang='lat' dir='ltr'><strong>unguo</strong></span> <span class='ocrx_word' id='word_1_195' title='bbox 2539 3280 2880 3352; x_wconf 71' lang='lat' dir='ltr'><strong>nehemiae</strong></span> <span class='ocrx_word' id='word_1_196' title='bbox 2938 3280 3354 3370; x_wconf 73' lang='lat' dir='ltr'><strong>suscipiendo</strong></span> <span class='ocrx_word' id='word_1_197' title='bbox 3411 3279 3520 3352; x_wconf 75' lang='lat' dir='ltr'><strong>vol</strong></span> <span class='ocrx_word' id='word_1_198' title='bbox 3564 3278 3962 3370; x_wconf 62' lang='lat' dir='ltr'><strong>uagum-d·</strong></span> 
     </span>
     <span class='ocr_line' id='line_1_20' title="bbox 2197 3400 2629 3474; baseline -0.002 0"><span class='ocrx_word' id='word_1_199' title='bbox 2197 3400 2629 3474; x_wconf 65' lang='lat' dir='ltr'><strong>contutatur.</strong></span> 
     </span>
    </p>
   </div>
   <div class='ocr_carea' id='block_1_5' title="bbox 850 3643 3971 5186">
    <p class='ocr_par' dir='ltr' id='par_1_5' title="bbox 850 3643 3971 5186">
     <span class='ocr_line' id='line_1_21' title="bbox 1063 3643 3962 3740; baseline -0 -20"><span class='ocrx_word' id='word_1_200' title='bbox 1063 3647 1171 3720; x_wconf 84' lang='lat' dir='ltr'><strong>Ex</strong></span> <span class='ocrx_word' id='word_1_201' title='bbox 1227 3648 1561 3740; x_wconf 79' lang='lat' dir='ltr'><strong>Kowalye</strong></span> <span class='ocrx_word' id='word_1_202' title='bbox 1615 3648 2054 3722; x_wconf 78' lang='lat' dir='ltr'><strong>wladislaus</strong></span> <span class='ocrx_word' id='word_1_203' title='bbox 2108 3646 2444 3722; x_wconf 87' lang='lat' dir='ltr'><strong>Poloniae</strong></span> <span class='ocrx_word' id='word_1_204' title='bbox 2497 3648 2653 3721; x_wconf 84' lang='lat' dir='ltr'><strong>Rex</strong></span> <span class='ocrx_word' id='word_1_205' title='bbox 2708 3669 2832 3740; x_wconf 90' lang='lat' dir='ltr'><strong>per</strong></span> <span class='ocrx_word' id='word_1_206' title='bbox 2885 3647 3135 3720; x_wconf 87' lang='lat' dir='ltr'><strong>solitas</strong></span> <span class='ocrx_word' id='word_1_207' title='bbox 3191 3646 3532 3720; x_wconf 86' lang='lat' dir='ltr'><strong>stationes</strong></span> <span class='ocrx_word' id='word_1_208' title='bbox 3585 3643 3661 3718; x_wconf 89' lang='lat' dir='ltr'><strong>in</strong></span> <span class='ocrx_word' id='word_1_209' title='bbox 3699 3649 3962 3719; x_wconf 90' lang='lat' dir='ltr'><strong>terram</strong></span> 
     </span>
     <span class='ocr_line' id='line_1_22' title="bbox 854 3765 3960 3860; baseline -0 -22"><span class='ocrx_word' id='word_1_210' title='bbox 854 3767 1398 3841; x_wconf 82' lang='lat' dir='ltr'><strong>Dobrzinensem</strong></span> <span class='ocrx_word' id='word_1_211' title='bbox 1450 3768 1813 3858; x_wconf 77' lang='lat' dir='ltr'><strong>secedenS,</strong></span> <span class='ocrx_word' id='word_1_212' title='bbox 1868 3768 2326 3842; x_wconf 88' lang='lat' dir='ltr'><strong>Pentecostes</strong></span> <span class='ocrx_word' id='word_1_213' title='bbox 2381 3769 2636 3841; x_wconf 86' lang='lat' dir='ltr'><strong>festum</strong></span> <span class='ocrx_word' id='word_1_214' title='bbox 2692 3767 2878 3860; x_wconf 85' lang='lat' dir='ltr'><strong>apud</strong></span> <span class='ocrx_word' id='word_1_215' title='bbox 2930 3766 3640 3854; x_wconf 83' lang='lat' dir='ltr'><strong>Iuniwladislaviam‚</strong></span> <span class='ocrx_word' id='word_1_216' title='bbox 3699 3765 3960 3856; x_wconf 84' lang='lat' dir='ltr'><strong>Corpo-</strong></span> 
     </span>
     <span class='ocr_line' id='line_1_23' title="bbox 850 3885 3958 3980; baseline -0.001 -21"><span class='ocrx_word' id='word_1_217' title='bbox 850 3885 953 3958; x_wconf 86' lang='lat' dir='ltr'><strong>ris</strong></span> <span class='ocrx_word' id='word_1_218' title='bbox 1008 3887 1271 3960; x_wconf 83' lang='lat' dir='ltr'><strong>Christi</strong></span> <span class='ocrx_word' id='word_1_219' title='bbox 1326 3907 1489 3960; x_wconf 77' lang='lat' dir='ltr'><strong>vero</strong></span> <span class='ocrx_word' id='word_1_220' title='bbox 1544 3888 1730 3980; x_wconf 86' lang='lat' dir='ltr'><strong>apud</strong></span> <span class='ocrx_word' id='word_1_221' title='bbox 1786 3887 2137 3963; x_wconf 82' lang='lat' dir='ltr'><strong>Gnesnam</strong></span> <span class='ocrx_word' id='word_1_222' title='bbox 2195 3887 2459 3976; x_wconf 85' lang='lat' dir='ltr'><strong>tenuit3</strong></span> <span class='ocrx_word' id='word_1_223' title='bbox 2527 3891 2596 3960; x_wconf 91' lang='lat' dir='ltr'><strong>et</strong></span> <span class='ocrx_word' id='word_1_224' title='bbox 2651 3885 2885 3960; x_wconf 91' lang='lat' dir='ltr'><strong>solitis</strong></span> <span class='ocrx_word' id='word_1_225' title='bbox 2950 3887 3438 3979; x_wconf 85' lang='lat' dir='ltr'><strong>progressibus</strong></span> <span class='ocrx_word' id='word_1_226' title='bbox 3502 3906 3710 3973; x_wconf 87' lang='lat' dir='ltr'><strong>usus,</strong></span> <span class='ocrx_word' id='word_1_227' title='bbox 3765 3886 3958 3958; x_wconf 89' lang='lat' dir='ltr'><strong>Lan-</strong></span> 
     </span>
     <span class='ocr_line' id='line_1_24' title="bbox 852 4005 3958 4101; baseline 0 -23"><span class='ocrx_word' id='word_1_228' title='bbox 852 4005 1134 4094; x_wconf 90' lang='lat' dir='ltr'><strong>ciciam,</strong></span> <span class='ocrx_word' id='word_1_229' title='bbox 1192 4007 1722 4080; x_wconf 79' lang='lat' dir='ltr'><strong>conventionem</strong></span> <span class='ocrx_word' id='word_1_230' title='bbox 1774 4009 2166 4101; x_wconf 87' lang='lat' dir='ltr'><strong>generalem</strong></span> <span class='ocrx_word' id='word_1_231' title='bbox 2223 4007 2736 4096; x_wconf 77' lang='lat' dir='ltr'><strong>celebraturuS,</strong></span> <span class='ocrx_word' id='word_1_232' title='bbox 2792 4007 2867 4079; x_wconf 90' lang='lat' dir='ltr'><strong>in</strong></span> <span class='ocrx_word' id='word_1_233' title='bbox 2923 4008 3104 4079; x_wconf 86' lang='lat' dir='ltr'><strong>festo</strong></span> <span class='ocrx_word' id='word_1_234' title='bbox 3161 4005 3400 4079; x_wconf 85' lang='lat' dir='ltr'><strong>Sancti</strong></span> <span class='ocrx_word' id='word_1_235' title='bbox 3455 4005 3696 4079; x_wconf 80' lang='lat' dir='ltr'><strong>Iacobi</strong></span> <span class='ocrx_word' id='word_1_236' title='bbox 3732 4005 3958 4078; x_wconf 88' lang='lat' dir='ltr'><strong>intra-</strong></span> 
     </span>
     <span class='ocr_line' id='line_1_25' title="bbox 855 4124 3957 4219; baseline 0 -22"><span class='ocrx_word' id='word_1_237' title='bbox 855 4124 986 4199; x_wconf 78' lang='lat' dir='ltr'><strong>vit.</strong></span> <span class='ocrx_word' id='word_1_238' title='bbox 1059 4126 1147 4199; x_wconf 90' lang='lat' dir='ltr'><strong>In</strong></span> <span class='ocrx_word' id='word_1_239' title='bbox 1202 4148 1339 4219; x_wconf 90' lang='lat' dir='ltr'><strong>qua</strong></span> <span class='ocrx_word' id='word_1_240' title='bbox 1402 4127 1753 4201; x_wconf 84' lang='lat' dir='ltr'><strong>universis</strong></span> <span class='ocrx_word' id='word_1_241' title='bbox 1808 4129 1949 4201; x_wconf 86' lang='lat' dir='ltr'><strong>fere</strong></span> <span class='ocrx_word' id='word_1_242' title='bbox 2004 4127 2352 4201; x_wconf 86' lang='lat' dir='ltr'><strong>Praelatis</strong></span> <span class='ocrx_word' id='word_1_243' title='bbox 2426 4133 2497 4199; x_wconf 90' lang='lat' dir='ltr'><strong>et</strong></span> <span class='ocrx_word' id='word_1_244' title='bbox 2549 4125 2929 4200; x_wconf 86' lang='lat' dir='ltr'><strong>baronibus</strong></span> <span class='ocrx_word' id='word_1_245' title='bbox 2992 4125 3221 4218; x_wconf 88' lang='lat' dir='ltr'><strong>Regni</strong></span> <span class='ocrx_word' id='word_1_246' title='bbox 3291 4125 3625 4198; x_wconf 86' lang='lat' dir='ltr'><strong>Poloniae</strong></span> <span class='ocrx_word' id='word_1_247' title='bbox 3701 4145 3957 4198; x_wconf 82' lang='lat' dir='ltr'><strong>conve-</strong></span> 
     </span>
     <span class='ocr_line' id='line_1_26' title="bbox 852 4244 3958 4338; baseline 0 -21"><span class='ocrx_word' id='word_1_248' title='bbox 852 4244 1245 4334; x_wconf 79' lang='lat' dir='ltr'><strong>nientibuS,</strong></span> <span class='ocrx_word' id='word_1_249' title='bbox 1301 4245 1739 4319; x_wconf 81' lang='lat' dir='ltr'><strong>Wladislaus</strong></span> <span class='ocrx_word' id='word_1_250' title='bbox 1792 4247 2135 4319; x_wconf 87' lang='lat' dir='ltr'><strong>Poloniae·</strong></span> <span class='ocrx_word' id='word_1_251' title='bbox 2182 4247 2338 4320; x_wconf 84' lang='lat' dir='ltr'><strong>Rex</strong></span> <span class='ocrx_word' id='word_1_252' title='bbox 2393 4246 2468 4318; x_wconf 89' lang='lat' dir='ltr'><strong>in</strong></span> <span class='ocrx_word' id='word_1_253' title='bbox 2521 4246 2896 4320; x_wconf 87' lang='lat' dir='ltr'><strong>Albertum</strong></span> <span class='ocrx_word' id='word_1_254' title='bbox 2951 4247 3508 4337; x_wconf 81' lang='lat' dir='ltr'><strong>Iastrzambyecz</strong></span> <span class='ocrx_word' id='word_1_255' title='bbox 3547 4245 3958 4338; x_wconf 87' lang='lat' dir='ltr'><strong>episcopum</strong></span> 
     </span>
     <span class='ocr_line' id='line_1_27' title="bbox 854 4365 3962 4460; baseline 0 -22"><span class='ocrx_word' id='word_1_256' title='bbox 854 4365 1375 4439; x_wconf 77' lang='lat' dir='ltr'><strong>cracoviensem</strong></span> <span class='ocrx_word' id='word_1_257' title='bbox 1394 4423 1411 4452; x_wconf 96' lang='lat'>‚</span> <span class='ocrx_word' id='word_1_258' title='bbox 1470 4365 1849 4459; x_wconf 86' lang='lat' dir='ltr'><strong>Sbigneum</strong></span> <span class='ocrx_word' id='word_1_259' title='bbox 1906 4368 1989 4441; x_wconf 92' lang='lat' dir='ltr'><strong>de</strong></span> <span class='ocrx_word' id='word_1_260' title='bbox 2044 4369 2344 4440; x_wconf 79' lang='lat' dir='ltr'><strong>Brzesze</strong></span> <span class='ocrx_word' id='word_1_261' title='bbox 2373 4368 2436 4457; x_wconf 89' lang='lat'><strong>⁴)</strong></span> <span class='ocrx_word' id='word_1_262' title='bbox 2493 4367 2723 4460; x_wconf 83' lang='lat' dir='ltr'><strong>Regni</strong></span> <span class='ocrx_word' id='word_1_263' title='bbox 2758 4366 3095 4440; x_wconf 89' lang='lat' dir='ltr'><strong>Poloniae</strong></span> <span class='ocrx_word' id='word_1_264' title='bbox 3133 4367 3554 4440; x_wconf 84' lang='lat' dir='ltr'><strong>marsalcum</strong></span> <span class='ocrx_word' id='word_1_265' title='bbox 3592 4371 3664 4438; x_wconf 86' lang='lat' dir='ltr'><strong>et</strong></span> <span class='ocrx_word' id='word_1_266' title='bbox 3701 4365 3962 4438; x_wconf 88' lang='lat' dir='ltr'><strong>Ianus·-</strong></span> 
     </span>
     <span class='ocr_line' id='line_1_28' title="bbox 864 4484 3971 4578; baseline 0 -20"><span class='ocrx_word' id='word_1_267' title='bbox 864 4485 1051 4558; x_wconf 87' lang='lat' dir='ltr'><strong>sium</strong></span> <span class='ocrx_word' id='word_1_268' title='bbox 1117 4486 1203 4560; x_wconf 88' lang='lat' dir='ltr'><strong>de</strong></span> <span class='ocrx_word' id='word_1_269' title='bbox 1264 4484 1711 4558; x_wconf 78' lang='lat' dir='ltr'><strong>Thuliskowo</strong></span> <span class='ocrx_word' id='word_1_270' title='bbox 1742 4487 1803 4578; x_wconf 75' lang='grc'><strong>5)</strong></span> <span class='ocrx_word' id='word_1_271' title='bbox 1856 4487 2322 4561; x_wconf 85' lang='lat' dir='ltr'><strong>castellanum</strong></span> <span class='ocrx_word' id='word_1_272' title='bbox 2385 4487 2872 4560; x_wconf 86' lang='lat' dir='ltr'><strong>Calissiensem</strong></span> <span class='ocrx_word' id='word_1_273' title='bbox 2892 4542 2909 4576; x_wconf 99' lang='lat'><strong>,</strong></span> <span class='ocrx_word' id='word_1_274' title='bbox 2975 4484 3176 4578; x_wconf 84' lang='lat' dir='ltr'><strong>quasi</strong></span> <span class='ocrx_word' id='word_1_275' title='bbox 3248 4485 3822 4577; x_wconf 89' lang='lat' dir='ltr'><strong>compromissum</strong></span> <span class='ocrx_word' id='word_1_276' title='bbox 3887 4486 3971 4559; x_wconf 89' lang='lat' dir='ltr'><strong>in</strong></span> 
     </span>
     <span class='ocr_line' id='line_1_29' title="bbox 852 4605 3964 4701; baseline 0 -21"><span class='ocrx_word' id='word_1_277' title='bbox 852 4627 1065 4680; x_wconf 87' lang='lat' dir='ltr'><strong>causa</strong></span> <span class='ocrx_word' id='word_1_278' title='bbox 1118 4605 1629 4680; x_wconf 75' lang='lat' dir='ltr'><strong>cruciferorum</strong></span> <span class='ocrx_word' id='word_1_279' title='bbox 1682 4607 1765 4681; x_wconf 88' lang='lat' dir='ltr'><strong>de</strong></span> <span class='ocrx_word' id='word_1_280' title='bbox 1818 4607 2144 4695; x_wconf 89' lang='lat' dir='ltr'><strong>Prussia,</strong></span> <span class='ocrx_word' id='word_1_281' title='bbox 2203 4607 2275 4678; x_wconf 89' lang='lat' dir='ltr'><strong>in</strong></span> <span class='ocrx_word' id='word_1_282' title='bbox 2333 4607 2862 4701; x_wconf 73' lang='lat' dir='ltr'><strong>sigismundum</strong></span> <span class='ocrx_word' id='word_1_283' title='bbox 2913 4607 3386 4680; x_wconf 84' lang='lat' dir='ltr'><strong>Romanorum</strong></span> <span class='ocrx_word' id='word_1_284' title='bbox 3441 4610 3512 4679; x_wconf 92' lang='lat' dir='ltr'><strong>et</strong></span> <span class='ocrx_word' id='word_1_285' title='bbox 3549 4606 3964 4698; x_wconf 81' lang='lat' dir='ltr'><strong>Hungariae</strong></span> 
     </span>
     <span class='ocr_line' id='line_1_30' title="bbox 853 4725 3962 4820; baseline 0 -20"><span class='ocrx_word' id='word_1_286' title='bbox 853 4726 1147 4820; x_wconf 85' lang='lat' dir='ltr'><strong>Regem,</strong></span> <span class='ocrx_word' id='word_1_287' title='bbox 1204 4726 1395 4819; x_wconf 84' lang='lat' dir='ltr'><strong>Rege</strong></span> <span class='ocrx_word' id='word_1_288' title='bbox 1425 4726 1489 4816; x_wconf 70' lang='grc' dir='ltr'><strong>θ)</strong></span> <span class='ocrx_word' id='word_1_289' title='bbox 1544 4725 1905 4802; x_wconf 89' lang='lat' dir='ltr'><strong>inhibente</strong></span> <span class='ocrx_word' id='word_1_290' title='bbox 1960 4733 2033 4801; x_wconf 91' lang='lat' dir='ltr'><strong>et</strong></span> <span class='ocrx_word' id='word_1_291' title='bbox 2084 4727 2364 4802; x_wconf 91' lang='lat' dir='ltr'><strong>iniussu</strong></span> <span class='ocrx_word' id='word_1_292' title='bbox 2429 4748 2589 4816; x_wconf 86' lang='lat' dir='ltr'><strong>suo,</strong></span> <span class='ocrx_word' id='word_1_293' title='bbox 2655 4728 2960 4820; x_wconf 87' lang='lat' dir='ltr'><strong>largum,</strong></span> <span class='ocrx_word' id='word_1_294' title='bbox 3029 4731 3400 4800; x_wconf 86' lang='lat' dir='ltr'><strong>extensum</strong></span> <span class='ocrx_word' id='word_1_295' title='bbox 3455 4733 3526 4800; x_wconf 92' lang='lat' dir='ltr'><strong>et</strong></span> <span class='ocrx_word' id='word_1_296' title='bbox 3579 4747 3718 4798; x_wconf 90' lang='lat' dir='ltr'><strong>non</strong></span> <span class='ocrx_word' id='word_1_297' title='bbox 3773 4730 3962 4800; x_wconf 89' lang='lat' dir='ltr'><strong>tem·</strong></span> 
     </span>
     <span class='ocr_line' id='line_1_31' title="bbox 850 4845 3964 4940; baseline 0.001 -21"><span class='ocrx_word' id='word_1_298' title='bbox 850 4845 1043 4938; x_wconf 90' lang='lat' dir='ltr'><strong>poris</strong></span> <span class='ocrx_word' id='word_1_299' title='bbox 1094 4845 1537 4920; x_wconf 87' lang='lat' dir='ltr'><strong>restrictione</strong></span> <span class='ocrx_word' id='word_1_300' title='bbox 1589 4845 2010 4936; x_wconf 90' lang='lat' dir='ltr'><strong>limitatum,</strong></span> <span class='ocrx_word' id='word_1_301' title='bbox 2070 4846 2284 4921; x_wconf 89' lang='lat' dir='ltr'><strong>scribi</strong></span> <span class='ocrx_word' id='word_1_302' title='bbox 2321 4851 2392 4920; x_wconf 89' lang='lat' dir='ltr'><strong>et</strong></span> <span class='ocrx_word' id='word_1_303' title='bbox 2430 4846 2735 4940; x_wconf 81' lang='lat' dir='ltr'><strong>sigillari</strong></span> <span class='ocrx_word' id='word_1_304' title='bbox 2789 4869 2916 4919; x_wconf 89' lang='lat' dir='ltr'><strong>suo</strong></span> <span class='ocrx_word' id='word_1_305' title='bbox 2969 4847 3154 4936; x_wconf 90' lang='lat' dir='ltr'><strong>iure,</strong></span> <span class='ocrx_word' id='word_1_306' title='bbox 3223 4866 3489 4940; x_wconf 86' lang='lat' dir='ltr'><strong>suaque</strong></span> <span class='ocrx_word' id='word_1_307' title='bbox 3555 4845 3964 4921; x_wconf 88' lang='lat' dir='ltr'><strong>temeritate</strong></span> 
     </span>
     <span class='ocr_line' id='line_1_32' title="bbox 852 4965 3966 5070; baseline 0.001 -33"><span class='ocrx_word' id='word_1_308' title='bbox 852 4965 1523 5070; x_wconf 87' lang='lat' dir='ltr'><strong>praesumpsissent,</strong></span> <span class='ocrx_word' id='word_1_309' title='bbox 1582 4965 1695 5040; x_wconf 91' lang='lat' dir='ltr'><strong>ius</strong></span> <span class='ocrx_word' id='word_1_310' title='bbox 1749 4967 2111 5058; x_wconf 89' lang='lat' dir='ltr'><strong>publicum</strong></span> <span class='ocrx_word' id='word_1_311' title='bbox 2166 4967 2550 5056; x_wconf 87' lang='lat' dir='ltr'><strong>instaurat,</strong></span> <span class='ocrx_word' id='word_1_312' title='bbox 2607 4965 3085 5059; x_wconf 88' lang='lat' dir='ltr'><strong>iudiciumque</strong></span> <span class='ocrx_word' id='word_1_313' title='bbox 3121 4967 3442 5053; x_wconf 89' lang='lat' dir='ltr'><strong>solenne,</strong></span> <span class='ocrx_word' id='word_1_314' title='bbox 3499 4965 3574 5038; x_wconf 91' lang='lat' dir='ltr'><strong>in</strong></span> <span class='ocrx_word' id='word_1_315' title='bbox 3612 4965 3966 5039; x_wconf 87' lang='lat' dir='ltr'><strong>tribunali</strong></span> 
     </span>
     <span class='ocr_line' id='line_1_33' title="bbox 850 5083 3956 5186; baseline 0.001 -30"><span class='ocrx_word' id='word_1_316' title='bbox 850 5083 1215 5158; x_wconf 87' lang='lat' dir='ltr'><strong>iudiciario</strong></span> <span class='ocrx_word' id='word_1_317' title='bbox 1254 5085 1403 5177; x_wconf 90' lang='lat' dir='ltr'><strong>ipse</strong></span> <span class='ocrx_word' id='word_1_318' title='bbox 1438 5086 1875 5178; x_wconf 74' lang='lat' dir='ltr'><strong>praesidenS,</strong></span> <span class='ocrx_word' id='word_1_319' title='bbox 1931 5087 2138 5159; x_wconf 89' lang='lat' dir='ltr'><strong>locat.</strong></span> <span class='ocrx_word' id='word_1_320' title='bbox 2196 5088 2568 5186; x_wconf 48' lang='lat' dir='ltr'><strong>Frequens·</strong></span> <span class='ocrx_word' id='word_1_321' title='bbox 2618 5087 2694 5158; x_wconf 91' lang='lat' dir='ltr'><strong>in</strong></span> <span class='ocrx_word' id='word_1_322' title='bbox 2746 5086 2819 5159; x_wconf 90' lang='lat' dir='ltr'><strong>id</strong></span> <span class='ocrx_word' id='word_1_323' title='bbox 2866 5087 3342 5179; x_wconf 89' lang='lat' dir='ltr'><strong>spectaculum</strong></span> <span class='ocrx_word' id='word_1_324' title='bbox 3401 5087 3727 5174; x_wconf 81' lang='lat' dir='ltr'><strong>fratrum,</strong></span> <span class='ocrx_word' id='word_1_325' title='bbox 3777 5105 3956 5159; x_wconf 86' lang='lat' dir='ltr'><strong>con·</strong></span> 
     </span>
    </p>
   </div>
   <div class='ocr_carea' id='block_1_6' title="bbox 857 5354 3970 5543">
    <p class='ocr_par' dir='ltr' id='par_1_6' title="bbox 857 5354 3970 5543">
     <span class='ocr_line' id='line_1_34' title="bbox 1072 5354 3970 5442; baseline 0.001 -25"><span class='ocrx_word' id='word_1_326' title='bbox 1072 5355 1119 5430; x_wconf 88' lang='lat'><strong>¹)</strong></span> <span class='ocrx_word' id='word_1_327' title='bbox 1162 5357 1290 5418; x_wconf 88' lang='lat' dir='ltr'><strong>eius</strong></span> <span class='ocrx_word' id='word_1_328' title='bbox 1332 5355 1459 5422; x_wconf 78' lang='lat' dir='ltr'><strong>Ed.</strong></span> <span class='ocrx_word' id='word_1_329' title='bbox 1506 5355 1686 5442; x_wconf 77' lang='lat' dir='ltr'><strong>Lips.</strong></span> <span class='ocrx_word' id='word_1_330' title='bbox 1750 5355 1799 5438; x_wconf 84' lang='lat'><strong>²)</strong></span> <span class='ocrx_word' id='word_1_331' title='bbox 1855 5358 2391 5435; x_wconf 80' lang='lat' dir='ltr'><strong>Lyuschnyczyum</strong></span> <span class='ocrx_word' id='word_1_332' title='bbox 2455 5354 2606 5420; x_wconf 80' lang='lat' dir='ltr'><strong>Cod.</strong></span> <span class='ocrx_word' id='word_1_333' title='bbox 2673 5354 2848 5420; x_wconf 86' lang='lat' dir='ltr'><strong><em>Calv.</em></strong></span> <span class='ocrx_word' id='word_1_334' title='bbox 2911 5357 3279 5418; x_wconf 87' lang='lat' dir='ltr'><strong>Lusinicium</strong></span> <span class='ocrx_word' id='word_1_335' title='bbox 3333 5355 3459 5418; x_wconf 75' lang='lat' dir='ltr'><strong>Ed.</strong></span> <span class='ocrx_word' id='word_1_336' title='bbox 3505 5355 3686 5440; x_wconf 77' lang='lat' dir='ltr'><strong>Lips.</strong></span> <span class='ocrx_word' id='word_1_337' title='bbox 3753 5355 3812 5436; x_wconf 83' lang='lat'><strong>⁸)</strong></span> <span class='ocrx_word' id='word_1_338' title='bbox 3854 5359 3970 5421; x_wconf 87' lang='lat' dir='ltr'><strong>Li·</strong></span> 
     </span>
     <span class='ocr_line' id='line_1_35' title="bbox 857 5455 3920 5543; baseline 0.002 -23"><span class='ocrx_word' id='word_1_339' title='bbox 857 5458 1099 5520; x_wconf 83' lang='lat' dir='ltr'><strong>sinicius</strong></span> <span class='ocrx_word' id='word_1_340' title='bbox 1142 5457 1267 5521; x_wconf 75' lang='lat' dir='ltr'><strong>Ed.</strong></span> <span class='ocrx_word' id='word_1_341' title='bbox 1314 5457 1495 5543; x_wconf 76' lang='lat' dir='ltr'><strong>Lips.</strong></span> <span class='ocrx_word' id='word_1_342' title='bbox 1542 5457 1596 5541; x_wconf 81' lang='lat'><strong>⁴)</strong></span> <span class='ocrx_word' id='word_1_343' title='bbox 1638 5461 1881 5522; x_wconf 79' lang='lat' dir='ltr'><strong>Brzezie</strong></span> <span class='ocrx_word' id='word_1_344' title='bbox 1930 5455 2081 5522; x_wconf 76' lang='lat'><strong><em>0001.</em></strong></span> <span class='ocrx_word' id='word_1_345' title='bbox 2142 5457 2319 5522; x_wconf 76' lang='lat' dir='ltr'><strong>Kost.</strong></span> <span class='ocrx_word' id='word_1_346' title='bbox 2369 5458 2424 5542; x_wconf 77' lang='lat'><strong>⁸)</strong></span> <span class='ocrx_word' id='word_1_347' title='bbox 2471 5461 2850 5522; x_wconf 81' lang='lat' dir='ltr'><strong>Tulisckowo</strong></span> <span class='ocrx_word' id='word_1_348' title='bbox 2893 5457 3022 5522; x_wconf 78' lang='lat' dir='ltr'><strong>Ed.</strong></span> <span class='ocrx_word' id='word_1_349' title='bbox 3069 5457 3250 5543; x_wconf 76' lang='lat' dir='ltr'><strong>Lips.</strong></span> <span class='ocrx_word' id='word_1_350' title='bbox 3299 5458 3352 5539; x_wconf 80' lang='lat'><strong>⁸)</strong></span> <span class='ocrx_word' id='word_1_351' title='bbox 3399 5479 3466 5522; x_wconf 87' lang='lat' dir='ltr'><strong>se</strong></span> <span class='ocrx_word' id='word_1_352' title='bbox 3513 5455 3666 5525; x_wconf 75' lang='lat' dir='ltr'><strong>cod.</strong></span> <span class='ocrx_word' id='word_1_353' title='bbox 3714 5456 3920 5526; x_wconf 76' lang='lat' dir='ltr'><strong>Rozr.</strong></span> 
     </span>
    </p>
   </div>
  </div>
 </body>
</html>
