<?xml version="1.0" encoding="UTF-8"?>
<!DOCTYPE html PUBLIC "-//W3C//DTD XHTML 1.0 Transitional//EN"
    "http://www.w3.org/TR/xhtml1/DTD/xhtml1-transitional.dtd">
<html xmlns="http://www.w3.org/1999/xhtml" xml:lang="en" lang="en">
 <head>
  <title>
</title>
<meta http-equiv="Content-Type" content="text/html;charset=utf-8" />
  <meta name='ocr-system' content='tesseract 3.04.00' />
  <meta name='ocr-capabilities' content='ocr_page ocr_carea ocr_par ocr_line ocrx_word'/>
</head>
<body>
  <div class='ocr_page' id='page_1' title='image "./dzieawszystkie00unkngoog_0595.png"; bbox 0 0 4342 6384; ppageno 0'>
   <div class='ocr_carea' id='block_1_1' title="bbox 128 5885 296 6384">
    <p class='ocr_par' dir='ltr' id='par_1_1' title="bbox 128 5885 296 6384">
     <span class='ocr_line' id='line_1_1' title="bbox 128 5885 296 6384; baseline 0 0"><span class='ocrx_word' id='word_1_1' title='bbox 128 5885 296 6384; x_wconf 95' lang='lat' dir='ltr'><strong> </strong></span> 
     </span>
    </p>
   </div>
   <div class='ocr_carea' id='block_1_2' title="bbox 896 541 4032 646">
    <p class='ocr_par' dir='ltr' id='par_1_2' title="bbox 896 541 4032 646">
     <span class='ocr_line' id='line_1_2' title="bbox 896 541 4032 646; baseline -0.002 -21"><span class='ocrx_word' id='word_1_2' title='bbox 896 552 1045 626; x_wconf 86' lang='lat'><strong>584</strong></span> <span class='ocrx_word' id='word_1_3' title='bbox 2062 568 2292 624; x_wconf 66' lang='grc'><strong>1111011</strong></span> <span class='ocrx_word' id='word_1_4' title='bbox 2343 567 2854 623; x_wconf 76' lang='grc' dir='ltr'><strong>111101111οω110.</strong></span> <span class='ocrx_word' id='word_1_5' title='bbox 3432 545 3572 646; x_wconf 85' lang='grc' dir='ltr'><strong>(Α.</strong></span> <span class='ocrx_word' id='word_1_6' title='bbox 3613 545 3716 618; x_wconf 88' lang='lat' dir='ltr'><strong>D.</strong></span> <span class='ocrx_word' id='word_1_7' title='bbox 3757 541 4032 643; x_wconf 74' lang='lat'><strong>1438.)</strong></span> 
     </span>
    </p>
   </div>
   <div class='ocr_carea' id='block_1_3' title="bbox 894 875 4036 5054">
    <p class='ocr_par' dir='ltr' id='par_1_3' title="bbox 948 875 3374 988">
     <span class='ocr_line' id='line_1_3' title="bbox 948 875 3374 988; baseline -0.002 -38"><span class='ocrx_word' id='word_1_8' title='bbox 948 947 981 988; x_wconf 64' lang='lat' dir='ltr'><strong>e</strong></span> <span class='ocrx_word' id='word_1_9' title='bbox 1524 877 1932 968; x_wconf 70' lang='lat' dir='ltr'><strong>sigismundo</strong></span> <span class='ocrx_word' id='word_1_10' title='bbox 1974 877 2367 966; x_wconf 70' lang='lat' dir='ltr'><strong>Imperatore</strong></span> <span class='ocrx_word' id='word_1_11' title='bbox 2411 878 2664 948; x_wconf 79' lang='lat' dir='ltr'><strong>mortuo</strong></span> <span class='ocrx_word' id='word_1_12' title='bbox 2715 875 3010 948; x_wconf 72' lang='lat' dir='ltr'><strong>succedit</strong></span> <span class='ocrx_word' id='word_1_13' title='bbox 3053 875 3374 946; x_wconf 71' lang='lat' dir='ltr'><strong>ubertus.</strong></span> 
     </span>
    </p>

    <p class='ocr_par' dir='ltr' id='par_1_4' title="bbox 894 1112 4036 5054">
     <span class='ocr_line' id='line_1_4' title="bbox 1108 1112 4026 1209; baseline -0.003 -19"><span class='ocrx_word' id='word_1_14' title='bbox 1108 1115 1539 1192; x_wconf 77' lang='lat' dir='ltr'><strong>consistenti</strong></span> <span class='ocrx_word' id='word_1_15' title='bbox 1594 1117 1779 1209; x_wconf 91' lang='lat' dir='ltr'><strong>apud</strong></span> <span class='ocrx_word' id='word_1_16' title='bbox 1815 1117 2115 1208; x_wconf 86' lang='lat' dir='ltr'><strong>Pragam</strong></span> <span class='ocrx_word' id='word_1_17' title='bbox 2170 1114 2621 1207; x_wconf 85' lang='lat' dir='ltr'><strong>Sigismundo</strong></span> <span class='ocrx_word' id='word_1_18' title='bbox 2659 1113 3080 1205; x_wconf 81' lang='lat' dir='ltr'>Imperatori</span> <span class='ocrx_word' id='word_1_19' title='bbox 3135 1117 3206 1186; x_wconf 91' lang='lat' dir='ltr'><strong>et</strong></span> <span class='ocrx_word' id='word_1_20' title='bbox 3255 1112 3542 1204; x_wconf 89' lang='lat' dir='ltr'><strong>publica</strong></span> <span class='ocrx_word' id='word_1_21' title='bbox 3595 1112 3850 1204; x_wconf 82' lang='lat' dir='ltr'>Regni</span> <span class='ocrx_word' id='word_1_22' title='bbox 3891 1113 4026 1182; x_wconf 87' lang='lat' dir='ltr'><strong>Bo-</strong></span> 
     </span>
     <span class='ocr_line' id='line_1_5' title="bbox 896 1232 4028 1331; baseline -0.004 -18"><span class='ocrx_word' id='word_1_23' title='bbox 896 1239 1171 1313; x_wconf 87' lang='lat' dir='ltr'><strong>hemiae</strong></span> <span class='ocrx_word' id='word_1_24' title='bbox 1225 1237 1513 1331; x_wconf 88' lang='lat' dir='ltr'><strong>negotia</strong></span> <span class='ocrx_word' id='word_1_25' title='bbox 1561 1238 1670 1318; x_wconf 65' lang='lat' dir='ltr'><strong>,ad</strong></span> <span class='ocrx_word' id='word_1_26' title='bbox 1732 1236 2113 1328; x_wconf 86' lang='lat' dir='ltr'><strong>puritatem</strong></span> <span class='ocrx_word' id='word_1_27' title='bbox 2185 1235 2550 1327; x_wconf 86' lang='lat' dir='ltr'><strong>religionis</strong></span> <span class='ocrx_word' id='word_1_28' title='bbox 2624 1235 3050 1307; x_wconf 76' lang='lat' dir='ltr'><strong>orthodoxae</strong></span> <span class='ocrx_word' id='word_1_29' title='bbox 3115 1238 3187 1306; x_wconf 92' lang='grc'><strong>01</strong></span> <span class='ocrx_word' id='word_1_30' title='bbox 3255 1232 3343 1304; x_wconf 93' lang='lat' dir='ltr'><strong>ad</strong></span> <span class='ocrx_word' id='word_1_31' title='bbox 3397 1237 3676 1305; x_wconf 83' lang='lat' dir='ltr'><strong>rectum</strong></span> <span class='ocrx_word' id='word_1_32' title='bbox 3755 1253 3854 1304; x_wconf 87' lang='lat' dir='ltr'><strong>ex</strong></span> <span class='ocrx_word' id='word_1_33' title='bbox 3911 1232 4028 1303; x_wconf 90' lang='lat' dir='ltr'><strong>de-</strong></span> 
     </span>
     <span class='ocr_line' id='line_1_6' title="bbox 894 1353 4026 1450; baseline -0.003 -18"><span class='ocrx_word' id='word_1_34' title='bbox 894 1359 1037 1433; x_wconf 81' lang='lat' dir='ltr'><strong>viis</strong></span> <span class='ocrx_word' id='word_1_35' title='bbox 1092 1356 1458 1450; x_wconf 80' lang='lat' dir='ltr'>dirigenti,</span> <span class='ocrx_word' id='word_1_36' title='bbox 1531 1357 1769 1450; x_wconf 83' lang='lat' dir='ltr'><strong>gravis</strong></span> <span class='ocrx_word' id='word_1_37' title='bbox 1832 1355 2200 1448; x_wconf 78' lang='lat' dir='ltr'><strong>aegritudo</strong></span> <span class='ocrx_word' id='word_1_38' title='bbox 2267 1355 2704 1448; x_wconf 82' lang='lat' dir='ltr'><strong>supervenit,</strong></span> <span class='ocrx_word' id='word_1_39' title='bbox 2763 1375 2940 1446; x_wconf 88' lang='lat' dir='ltr'><strong>quae</strong></span> <span class='ocrx_word' id='word_1_40' title='bbox 3002 1353 3235 1441; x_wconf 89' lang='lat' dir='ltr'><strong>illum,</strong></span> <span class='ocrx_word' id='word_1_41' title='bbox 3297 1357 3700 1446; x_wconf 90' lang='lat' dir='ltr'><strong>exaugente</strong></span> <span class='ocrx_word' id='word_1_42' title='bbox 3773 1353 4026 1424; x_wconf 89' lang='lat' dir='ltr'><strong>morbo</strong></span> 
     </span>
     <span class='ocr_line' id='line_1_7' title="bbox 898 1473 4030 1569; baseline -0.003 -17"><span class='ocrx_word' id='word_1_43' title='bbox 898 1476 1285 1552; x_wconf 75' lang='lat' dir='ltr'><strong>senectutis</strong></span> <span class='ocrx_word' id='word_1_44' title='bbox 1338 1477 1872 1565; x_wconf 88' lang='lat' dir='ltr'><strong>incommodum,</strong></span> <span class='ocrx_word' id='word_1_45' title='bbox 1912 1474 2313 1569; x_wconf 86' lang='lat' dir='ltr'><strong>propediem</strong></span> <span class='ocrx_word' id='word_1_46' title='bbox 2354 1475 2768 1548; x_wconf 90' lang='lat' dir='ltr'><strong>moriturum</strong></span> <span class='ocrx_word' id='word_1_47' title='bbox 2803 1473 3286 1566; x_wconf 80' lang='lat' dir='ltr'><strong>portendebat.</strong></span> <span class='ocrx_word' id='word_1_48' title='bbox 3342 1473 3661 1546; x_wconf 88' lang='lat' dir='ltr'><strong>Barbara</strong></span> <span class='ocrx_word' id='word_1_49' title='bbox 3701 1473 4030 1564; x_wconf 86' lang='lat' dir='ltr'><strong>Impera·</strong></span> 
     </span>
     <span class='ocr_line' id='line_1_8' title="bbox 902 1593 4028 1690; baseline -0.003 -18"><span class='ocrx_word' id='word_1_50' title='bbox 902 1599 1049 1672; x_wconf 86' lang='lat' dir='ltr'><strong>trix</strong></span> <span class='ocrx_word' id='word_1_51' title='bbox 1104 1597 1189 1672; x_wconf 93' lang='lat' dir='ltr'><strong>de</strong></span> <span class='ocrx_word' id='word_1_52' title='bbox 1240 1596 1607 1671; x_wconf 91' lang='lat' dir='ltr'><strong>retinendo</strong></span> <span class='ocrx_word' id='word_1_53' title='bbox 1644 1597 1886 1690; x_wconf 89' lang='lat' dir='ltr'><strong>Regno</strong></span> <span class='ocrx_word' id='word_1_54' title='bbox 1944 1596 2255 1683; x_wconf 87' lang='lat' dir='ltr'><strong>solicita,</strong></span> <span class='ocrx_word' id='word_1_55' title='bbox 2313 1597 2647 1668; x_wconf 86' lang='lat' dir='ltr'><strong>Alsonem</strong></span> <span class='ocrx_word' id='word_1_56' title='bbox 2701 1595 2787 1667; x_wconf 93' lang='lat' dir='ltr'><strong>de</strong></span> <span class='ocrx_word' id='word_1_57' title='bbox 2844 1593 3226 1686; x_wconf 89' lang='lat' dir='ltr'><strong>Sternberg</strong></span> <span class='ocrx_word' id='word_1_58' title='bbox 3259 1594 3338 1684; x_wconf 90' lang='lat'><strong>¹),</strong></span> <span class='ocrx_word' id='word_1_59' title='bbox 3395 1593 3800 1666; x_wconf 89' lang='lat' dir='ltr'><strong>Henricum</strong></span> <span class='ocrx_word' id='word_1_60' title='bbox 3858 1593 4028 1665; x_wconf 73' lang='lat' dir='ltr'><strong>Pta-</strong></span> 
     </span>
     <span class='ocr_line' id='line_1_9' title="bbox 901 1713 4028 1810; baseline -0.002 -17"><span class='ocrx_word' id='word_1_61' title='bbox 901 1721 1067 1793; x_wconf 86' lang='lat' dir='ltr'><strong>czek</strong></span> <span class='ocrx_word' id='word_1_62' title='bbox 1095 1716 1185 1808; x_wconf 80' lang='lat'><strong>²),</strong></span> <span class='ocrx_word' id='word_1_63' title='bbox 1262 1716 1638 1810; x_wconf 82' lang='lat' dir='ltr'><strong>Georgium</strong></span> <span class='ocrx_word' id='word_1_64' title='bbox 1710 1716 2286 1808; x_wconf 80' lang='lat' dir='ltr'><strong>Podzyebraczky</strong></span> <span class='ocrx_word' id='word_1_65' title='bbox 2350 1721 2420 1788; x_wconf 91' lang='lat' dir='ltr'><strong>et</strong></span> <span class='ocrx_word' id='word_1_66' title='bbox 2475 1715 2652 1788; x_wconf 91' lang='lat' dir='ltr'><strong>alios</strong></span> <span class='ocrx_word' id='word_1_67' title='bbox 2707 1713 3086 1788; x_wconf 88' lang='lat' dir='ltr'><strong>Bohemiae</strong></span> <span class='ocrx_word' id='word_1_68' title='bbox 3147 1715 3439 1788; x_wconf 90' lang='lat' dir='ltr'><strong>barones</strong></span> <span class='ocrx_word' id='word_1_69' title='bbox 3504 1713 3846 1787; x_wconf 87' lang='lat' dir='ltr'><strong>clanculo</strong></span> <span class='ocrx_word' id='word_1_70' title='bbox 3911 1735 4028 1786; x_wconf 76' lang='lat' dir='ltr'><strong>vo-</strong></span> 
     </span>
     <span class='ocr_line' id='line_1_10' title="bbox 902 1834 4022 1930; baseline -0.001 -18"><span class='ocrx_word' id='word_1_71' title='bbox 902 1860 1104 1929; x_wconf 87' lang='lat' dir='ltr'><strong>cans,</strong></span> <span class='ocrx_word' id='word_1_72' title='bbox 1161 1838 1237 1911; x_wconf 94' lang='lat' dir='ltr'><strong>id</strong></span> <span class='ocrx_word' id='word_1_73' title='bbox 1290 1838 1376 1911; x_wconf 89' lang='lat' dir='ltr'><strong>ab</strong></span> <span class='ocrx_word' id='word_1_74' title='bbox 1431 1838 1535 1911; x_wconf 90' lang='lat' dir='ltr'><strong>eis</strong></span> <span class='ocrx_word' id='word_1_75' title='bbox 1588 1857 2003 1930; x_wconf 75' lang='lat' dir='ltr'><strong>magnopere</strong></span> <span class='ocrx_word' id='word_1_76' title='bbox 2060 1835 2413 1927; x_wconf 77' lang='lat' dir='ltr'><strong>exposcit,</strong></span> <span class='ocrx_word' id='word_1_77' title='bbox 2470 1834 2937 1927; x_wconf 81' lang='lat' dir='ltr'><strong>imperatque,</strong></span> <span class='ocrx_word' id='word_1_78' title='bbox 2995 1840 3076 1907; x_wconf 91' lang='lat' dir='ltr'><strong>ut</strong></span> <span class='ocrx_word' id='word_1_79' title='bbox 3131 1835 3580 1928; x_wconf 75' lang='lat' dir='ltr'><strong>sigismundo</strong></span> <span class='ocrx_word' id='word_1_80' title='bbox 3641 1835 4022 1922; x_wconf 80' lang='lat' dir='ltr'><strong>moriente,</strong></span> 
     </span>
     <span class='ocr_line' id='line_1_11' title="bbox 902 1953 4021 2048; baseline -0.001 -16"><span class='ocrx_word' id='word_1_81' title='bbox 902 1981 1058 2032; x_wconf 87' lang='lat' dir='ltr'><strong>eam</strong></span> <span class='ocrx_word' id='word_1_82' title='bbox 1113 1957 1555 2032; x_wconf 86' lang='lat' dir='ltr'><strong>matrimonio</strong></span> <span class='ocrx_word' id='word_1_83' title='bbox 1610 1957 1945 2032; x_wconf 87' lang='lat' dir='ltr'><strong>Poloniae</strong></span> <span class='ocrx_word' id='word_1_84' title='bbox 2000 1956 2180 2048; x_wconf 86' lang='lat' dir='ltr'><strong>Regi</strong></span> <span class='ocrx_word' id='word_1_85' title='bbox 2233 1955 2627 2030; x_wconf 88' lang='lat' dir='ltr'><strong>Wladislao</strong></span> <span class='ocrx_word' id='word_1_86' title='bbox 2685 1956 3003 2048; x_wconf 88' lang='lat' dir='ltr'><strong>iungant.</strong></span> <span class='ocrx_word' id='word_1_87' title='bbox 3059 1953 3128 2026; x_wconf 89' lang='lat' dir='ltr'>N</span> <span class='ocrx_word' id='word_1_88' title='bbox 3133 1976 3220 2027; x_wconf 89' lang='lat' dir='ltr'><strong>on</strong></span> <span class='ocrx_word' id='word_1_89' title='bbox 3273 1957 3640 2028; x_wconf 90' lang='lat' dir='ltr'><strong>latuerunt</strong></span> <span class='ocrx_word' id='word_1_90' title='bbox 3693 1957 4021 2048; x_wconf 84' lang='lat' dir='ltr'><strong>Impera·</strong></span> 
     </span>
     <span class='ocr_line' id='line_1_12' title="bbox 904 2075 4024 2168; baseline -0.001 -16"><span class='ocrx_word' id='word_1_91' title='bbox 904 2083 1129 2153; x_wconf 91' lang='grc'><strong>1010111</strong></span> <span class='ocrx_word' id='word_1_92' title='bbox 1182 2078 1483 2151; x_wconf 88' lang='lat' dir='ltr'><strong>furentis</strong></span> <span class='ocrx_word' id='word_1_93' title='bbox 1538 2077 1839 2152; x_wconf 86' lang='lat' dir='ltr'><strong>feminae</strong></span> <span class='ocrx_word' id='word_1_94' title='bbox 1876 2083 2204 2165; x_wconf 75' lang='grc'><strong>0011111110,</strong></span> <span class='ocrx_word' id='word_1_95' title='bbox 2263 2076 2385 2168; x_wconf 90' lang='lat' dir='ltr'><strong>qui</strong></span> <span class='ocrx_word' id='word_1_96' title='bbox 2421 2081 2796 2168; x_wconf 86' lang='lat' dir='ltr'><strong>postquam</strong></span> <span class='ocrx_word' id='word_1_97' title='bbox 2849 2075 3312 2149; x_wconf 86' lang='lat' dir='ltr'><strong>referentibus</strong></span> <span class='ocrx_word' id='word_1_98' title='bbox 3349 2076 3678 2164; x_wconf 88' lang='lat' dir='ltr'><strong>medicis,</strong></span> <span class='ocrx_word' id='word_1_99' title='bbox 3721 2081 4024 2148; x_wconf 85' lang='grc'><strong>1110110111</strong></span> 
     </span>
     <span class='ocr_line' id='line_1_13' title="bbox 905 2195 4022 2292; baseline -0.002 -19"><span class='ocrx_word' id='word_1_100' title='bbox 905 2199 1043 2273; x_wconf 89' lang='lat' dir='ltr'><strong>sibi</strong></span> <span class='ocrx_word' id='word_1_101' title='bbox 1100 2199 1369 2272; x_wconf 89' lang='lat' dir='ltr'><strong>instare</strong></span> <span class='ocrx_word' id='word_1_102' title='bbox 1424 2198 1785 2292; x_wconf 80' lang='lat' dir='ltr'><strong>cognovit,</strong></span> <span class='ocrx_word' id='word_1_103' title='bbox 1863 2217 1951 2271; x_wconf 91' lang='lat' dir='ltr'><strong>ex</strong></span> <span class='ocrx_word' id='word_1_104' title='bbox 2015 2197 2356 2272; x_wconf 92' lang='lat' dir='ltr'><strong>Bohemia</strong></span> <span class='ocrx_word' id='word_1_105' title='bbox 2418 2201 2700 2289; x_wconf 89' lang='lat' dir='ltr'><strong>propter</strong></span> <span class='ocrx_word' id='word_1_106' title='bbox 2762 2196 3047 2269; x_wconf 86' lang='lat' dir='ltr'><strong>dubiam</strong></span> <span class='ocrx_word' id='word_1_107' title='bbox 3110 2197 3315 2269; x_wconf 90' lang='lat' dir='ltr'><strong>fidem</strong></span> <span class='ocrx_word' id='word_1_108' title='bbox 3370 2195 3746 2269; x_wconf 77' lang='lat' dir='ltr'><strong>discedens</strong></span> <span class='ocrx_word' id='word_1_109' title='bbox 3823 2203 3899 2268; x_wconf 90' lang='lat' dir='ltr'><strong>et</strong></span> <span class='ocrx_word' id='word_1_110' title='bbox 3951 2196 4022 2267; x_wconf 88' lang='lat' dir='ltr'><strong>in</strong></span> 
     </span>
     <span class='ocr_line' id='line_1_14' title="bbox 907 2316 4022 2412; baseline -0.001 -20"><span class='ocrx_word' id='word_1_111' title='bbox 907 2319 1284 2412; x_wconf 81' lang='lat' dir='ltr'><strong>Snoymam</strong></span> <span class='ocrx_word' id='word_1_112' title='bbox 1316 2317 1377 2409; x_wconf 77' lang='lat'><strong>³)</strong></span> <span class='ocrx_word' id='word_1_113' title='bbox 1450 2318 1897 2410; x_wconf 80' lang='lat' dir='ltr'><strong>perveniens,</strong></span> <span class='ocrx_word' id='word_1_114' title='bbox 1979 2317 2508 2409; x_wconf 86' lang='lat' dir='ltr'><strong>Imperatricem</strong></span> <span class='ocrx_word' id='word_1_115' title='bbox 2571 2317 2930 2390; x_wconf 84' lang='lat' dir='ltr'><strong>custodiae</strong></span> <span class='ocrx_word' id='word_1_116' title='bbox 3005 2317 3249 2389; x_wconf 88' lang='lat' dir='ltr'><strong>tradit.</strong></span> <span class='ocrx_word' id='word_1_117' title='bbox 3333 2317 3625 2389; x_wconf 86' lang='lat' dir='ltr'><strong>Ulricus</strong></span> <span class='ocrx_word' id='word_1_118' title='bbox 3700 2316 3931 2390; x_wconf 85' lang='lat' dir='ltr'><strong>Ciliae</strong></span> <span class='ocrx_word' id='word_1_119' title='bbox 3959 2319 4022 2405; x_wconf 81' lang='lat'><strong>⁴)</strong></span> 
     </span>
     <span class='ocr_line' id='line_1_15' title="bbox 912 2436 4021 2531; baseline -0.001 -19"><span class='ocrx_word' id='word_1_120' title='bbox 912 2439 1154 2513; x_wconf 81' lang='lat' dir='ltr'><strong>Comes</strong></span> <span class='ocrx_word' id='word_1_121' title='bbox 1206 2439 1685 2531; x_wconf 86' lang='lat' dir='ltr'><strong>praemonitus</strong></span> <span class='ocrx_word' id='word_1_122' title='bbox 1752 2439 1987 2531; x_wconf 83' lang='lat' dir='ltr'><strong>fugam</strong></span> <span class='ocrx_word' id='word_1_123' title='bbox 2054 2437 2336 2530; x_wconf 83' lang='lat' dir='ltr'><strong>arripit3</strong></span> <span class='ocrx_word' id='word_1_124' title='bbox 2411 2437 2802 2530; x_wconf 89' lang='lat' dir='ltr'><strong>Imperator</strong></span> <span class='ocrx_word' id='word_1_125' title='bbox 2854 2437 3233 2510; x_wconf 86' lang='lat' dir='ltr'><strong>baronibus</strong></span> <span class='ocrx_word' id='word_1_126' title='bbox 3289 2436 3700 2529; x_wconf 86' lang='lat' dir='ltr'><strong>Hungariae</strong></span> <span class='ocrx_word' id='word_1_127' title='bbox 3757 2441 3834 2510; x_wconf 91' lang='lat' dir='ltr'><strong>et</strong></span> <span class='ocrx_word' id='word_1_128' title='bbox 3887 2437 4021 2508; x_wconf 88' lang='lat' dir='ltr'><strong>Bo·</strong></span> 
     </span>
     <span class='ocr_line' id='line_1_16' title="bbox 910 2557 4020 2650; baseline -0.002 -17"><span class='ocrx_word' id='word_1_129' title='bbox 910 2559 1183 2632; x_wconf 89' lang='lat' dir='ltr'><strong>hemiae</strong></span> <span class='ocrx_word' id='word_1_130' title='bbox 1236 2559 1313 2632; x_wconf 92' lang='lat' dir='ltr'><strong>in</strong></span> <span class='ocrx_word' id='word_1_131' title='bbox 1367 2558 1767 2632; x_wconf 87' lang='lat' dir='ltr'><strong>cubiculum</strong></span> <span class='ocrx_word' id='word_1_132' title='bbox 1823 2558 2127 2646; x_wconf 81' lang='lat' dir='ltr'><strong>vocatis,</strong></span> <span class='ocrx_word' id='word_1_133' title='bbox 2185 2558 2604 2630; x_wconf 89' lang='lat' dir='ltr'><strong>moriturum</strong></span> <span class='ocrx_word' id='word_1_134' title='bbox 2661 2579 2736 2630; x_wconf 91' lang='lat' dir='ltr'><strong>se</strong></span> <span class='ocrx_word' id='word_1_135' title='bbox 2791 2557 3056 2630; x_wconf 86' lang='lat' dir='ltr'><strong>indicat</strong></span> <span class='ocrx_word' id='word_1_136' title='bbox 3109 2561 3182 2630; x_wconf 91' lang='grc'><strong>01</strong></span> <span class='ocrx_word' id='word_1_137' title='bbox 3235 2577 3569 2650; x_wconf 86' lang='lat' dir='ltr'><strong>generum</strong></span> <span class='ocrx_word' id='word_1_138' title='bbox 3627 2577 3844 2629; x_wconf 90' lang='lat' dir='ltr'><strong>suum</strong></span> <span class='ocrx_word' id='word_1_139' title='bbox 3898 2558 4020 2628; x_wconf 83' lang='lat' dir='ltr'><strong>Al-</strong></span> 
     </span>
     <span class='ocr_line' id='line_1_17' title="bbox 907 2677 4018 2771; baseline -0.002 -18"><span class='ocrx_word' id='word_1_140' title='bbox 907 2681 1184 2753; x_wconf 89' lang='lat' dir='ltr'><strong>bertum</strong></span> <span class='ocrx_word' id='word_1_141' title='bbox 1237 2679 1573 2753; x_wconf 88' lang='lat' dir='ltr'><strong>Austriae</strong></span> <span class='ocrx_word' id='word_1_142' title='bbox 1638 2679 1899 2751; x_wconf 85' lang='lat' dir='ltr'><strong>Ducem</strong></span> <span class='ocrx_word' id='word_1_143' title='bbox 1963 2685 2401 2770; x_wconf 84' lang='lat' dir='ltr'><strong>praesentem</strong></span> <span class='ocrx_word' id='word_1_144' title='bbox 2471 2700 2596 2771; x_wconf 92' lang='lat' dir='ltr'><strong>pro</strong></span> <span class='ocrx_word' id='word_1_145' title='bbox 2662 2679 2904 2771; x_wconf 85' lang='lat' dir='ltr'><strong>Regno</strong></span> <span class='ocrx_word' id='word_1_146' title='bbox 2975 2682 3278 2769; x_wconf 90' lang='lat' dir='ltr'><strong>utroque</strong></span> <span class='ocrx_word' id='word_1_147' title='bbox 3342 2678 3607 2768; x_wconf 86' lang='lat' dir='ltr'><strong>Regem</strong></span> <span class='ocrx_word' id='word_1_148' title='bbox 3684 2677 4018 2762; x_wconf 87' lang='lat' dir='ltr'><strong>declarat,</strong></span> 
     </span>
     <span class='ocr_line' id='line_1_18' title="bbox 912 2798 4022 2893; baseline -0.001 -20"><span class='ocrx_word' id='word_1_149' title='bbox 912 2821 1194 2893; x_wconf 84' lang='lat' dir='ltr'><strong>rogans,</strong></span> <span class='ocrx_word' id='word_1_150' title='bbox 1250 2804 1333 2871; x_wconf 89' lang='lat' dir='ltr'><strong>ut</strong></span> <span class='ocrx_word' id='word_1_151' title='bbox 1370 2820 1765 2890; x_wconf 86' lang='lat' dir='ltr'><strong>supremam</strong></span> <span class='ocrx_word' id='word_1_152' title='bbox 1802 2799 1958 2872; x_wconf 91' lang='lat' dir='ltr'><strong>eius</strong></span> <span class='ocrx_word' id='word_1_153' title='bbox 2010 2799 2448 2872; x_wconf 81' lang='lat' dir='ltr'><strong>voluntatem</strong></span> <span class='ocrx_word' id='word_1_154' title='bbox 2502 2799 2580 2871; x_wconf 93' lang='lat' dir='ltr'><strong>in</strong></span> <span class='ocrx_word' id='word_1_155' title='bbox 2616 2799 2749 2872; x_wconf 91' lang='lat' dir='ltr'><strong>hoc</strong></span> <span class='ocrx_word' id='word_1_156' title='bbox 2793 2802 3263 2890; x_wconf 84' lang='lat' dir='ltr'><strong>exequantur:</strong></span> <span class='ocrx_word' id='word_1_157' title='bbox 3321 2798 3524 2869; x_wconf 87' lang='lat' dir='ltr'><strong>beata</strong></span> <span class='ocrx_word' id='word_1_158' title='bbox 3563 2799 3712 2869; x_wconf 83' lang='lat' dir='ltr'><strong>fore</strong></span> <span class='ocrx_word' id='word_1_159' title='bbox 3751 2799 4022 2890; x_wconf 80' lang='lat' dir='ltr'><strong>Regna,</strong></span> 
     </span>
     <span class='ocr_line' id='line_1_19' title="bbox 920 2917 4022 3011; baseline -0.001 -19"><span class='ocrx_word' id='word_1_160' title='bbox 920 2920 1177 3011; x_wconf 90' lang='lat' dir='ltr'><strong>quibus</strong></span> <span class='ocrx_word' id='word_1_161' title='bbox 1215 2919 1552 2992; x_wconf 89' lang='lat' dir='ltr'><strong>Albertus</strong></span> <span class='ocrx_word' id='word_1_162' title='bbox 1606 2919 2003 3010; x_wconf 86' lang='lat' dir='ltr'><strong>imperabit.</strong></span> <span class='ocrx_word' id='word_1_163' title='bbox 2061 2919 2231 2991; x_wconf 84' lang='lat' dir='ltr'><strong>Cum</strong></span> <span class='ocrx_word' id='word_1_164' title='bbox 2270 2918 2542 3010; x_wconf 87' lang='lat' dir='ltr'><strong>ingenti</strong></span> <span class='ocrx_word' id='word_1_165' title='bbox 2582 2918 2832 2992; x_wconf 92' lang='lat' dir='ltr'><strong>deinde</strong></span> <span class='ocrx_word' id='word_1_166' title='bbox 2887 2917 3335 2991; x_wconf 88' lang='lat' dir='ltr'><strong>solicitudine</strong></span> <span class='ocrx_word' id='word_1_167' title='bbox 3373 2917 3792 2989; x_wconf 90' lang='lat' dir='ltr'><strong>nuntiorum</strong></span> <span class='ocrx_word' id='word_1_168' title='bbox 3831 2919 4022 2991; x_wconf 84' lang='lat' dir='ltr'><strong>Wla-</strong></span> 
     </span>
     <span class='ocr_line' id='line_1_20' title="bbox 921 3037 4026 3131; baseline -0 -20"><span class='ocrx_word' id='word_1_169' title='bbox 921 3039 1136 3112; x_wconf 89' lang='lat' dir='ltr'><strong>dislai</strong></span> <span class='ocrx_word' id='word_1_170' title='bbox 1196 3039 1413 3131; x_wconf 87' lang='lat' dir='ltr'><strong>Regis</strong></span> <span class='ocrx_word' id='word_1_171' title='bbox 1478 3040 1812 3112; x_wconf 89' lang='lat' dir='ltr'><strong>Poloniae</strong></span> <span class='ocrx_word' id='word_1_172' title='bbox 1873 3039 2439 3131; x_wconf 86' lang='lat' dir='ltr'><strong>praestolabatur</strong></span> <span class='ocrx_word' id='word_1_173' title='bbox 2509 3040 2918 3128; x_wconf 80' lang='lat' dir='ltr'><strong>adventum,</strong></span> <span class='ocrx_word' id='word_1_174' title='bbox 2995 3039 3484 3130; x_wconf 90' lang='lat' dir='ltr'><strong>frequentique</strong></span> <span class='ocrx_word' id='word_1_175' title='bbox 3557 3037 4026 3129; x_wconf 85' lang='lat' dir='ltr'><strong>inquisitione</strong></span> 
     </span>
     <span class='ocr_line' id='line_1_21' title="bbox 918 3157 4029 3251; baseline -0 -21"><span class='ocrx_word' id='word_1_176' title='bbox 918 3159 1329 3251; x_wconf 86' lang='lat' dir='ltr'><strong>quaerebat,</strong></span> <span class='ocrx_word' id='word_1_177' title='bbox 1402 3178 1491 3229; x_wconf 90' lang='lat' dir='ltr'><strong>an</strong></span> <span class='ocrx_word' id='word_1_178' title='bbox 1556 3157 1817 3249; x_wconf 91' lang='lat' dir='ltr'><strong>aliquis</strong></span> <span class='ocrx_word' id='word_1_179' title='bbox 1882 3158 2045 3230; x_wconf 88' lang='lat' dir='ltr'><strong>illos</strong></span> <span class='ocrx_word' id='word_1_180' title='bbox 2112 3158 2186 3230; x_wconf 93' lang='lat' dir='ltr'><strong>in</strong></span> <span class='ocrx_word' id='word_1_181' title='bbox 2250 3158 2501 3230; x_wconf 91' lang='lat' dir='ltr'><strong>itinere</strong></span> <span class='ocrx_word' id='word_1_182' title='bbox 2565 3159 2863 3232; x_wconf 87' lang='lat' dir='ltr'><strong>sentiret</strong></span> <span class='ocrx_word' id='word_1_183' title='bbox 2925 3180 3110 3248; x_wconf 90' lang='lat' dir='ltr'><strong>esse;</strong></span> <span class='ocrx_word' id='word_1_184' title='bbox 3187 3158 3308 3230; x_wconf 86' lang='lat' dir='ltr'><strong>sed</strong></span> <span class='ocrx_word' id='word_1_185' title='bbox 3371 3163 3442 3231; x_wconf 92' lang='grc'><strong>01</strong></span> <span class='ocrx_word' id='word_1_186' title='bbox 3495 3159 3811 3231; x_wconf 88' lang='grc' dir='ltr'><strong>Ρο101100</strong></span> <span class='ocrx_word' id='word_1_187' title='bbox 3871 3181 4029 3231; x_wconf 86' lang='grc'><strong>01100</strong></span> 
     </span>
     <span class='ocr_line' id='line_1_22' title="bbox 922 3277 4026 3372; baseline 0 -21"><span class='ocrx_word' id='word_1_188' title='bbox 922 3277 1279 3351; x_wconf 89' lang='lat' dir='ltr'><strong>curienses</strong></span> <span class='ocrx_word' id='word_1_189' title='bbox 1332 3278 1767 3367; x_wconf 86' lang='lat' dir='ltr'><strong>hortabatur,</strong></span> <span class='ocrx_word' id='word_1_190' title='bbox 1824 3282 1907 3349; x_wconf 92' lang='lat' dir='ltr'><strong>ut</strong></span> <span class='ocrx_word' id='word_1_191' title='bbox 1960 3278 2316 3350; x_wconf 81' lang='lat' dir='ltr'><strong>avisarent</strong></span> <span class='ocrx_word' id='word_1_192' title='bbox 2369 3279 2632 3372; x_wconf 86' lang='lat' dir='ltr'><strong>Regem</strong></span> <span class='ocrx_word' id='word_1_193' title='bbox 2688 3279 3022 3351; x_wconf 90' lang='lat' dir='ltr'><strong>Poloniae</strong></span> <span class='ocrx_word' id='word_1_194' title='bbox 3078 3279 3162 3351; x_wconf 90' lang='lat' dir='ltr'><strong>de</strong></span> <span class='ocrx_word' id='word_1_195' title='bbox 3217 3279 3432 3351; x_wconf 89' lang='lat' dir='ltr'><strong>celeri</strong></span> <span class='ocrx_word' id='word_1_196' title='bbox 3483 3277 3867 3369; x_wconf 86' lang='lat' dir='ltr'><strong>missione,</strong></span> <span class='ocrx_word' id='word_1_197' title='bbox 3925 3301 4026 3352; x_wconf 88' lang='lat' dir='ltr'><strong>se-</strong></span> 
     </span>
     <span class='ocr_line' id='line_1_23' title="bbox 920 3397 4028 3492; baseline -0 -20"><span class='ocrx_word' id='word_1_198' title='bbox 920 3399 1161 3472; x_wconf 89' lang='lat' dir='ltr'><strong>curius</strong></span> <span class='ocrx_word' id='word_1_199' title='bbox 1228 3419 1303 3472; x_wconf 90' lang='lat' dir='ltr'><strong>se</strong></span> <span class='ocrx_word' id='word_1_200' title='bbox 1364 3399 1775 3490; x_wconf 90' lang='lat' dir='ltr'><strong>praedicans</strong></span> <span class='ocrx_word' id='word_1_201' title='bbox 1840 3397 2289 3488; x_wconf 90' lang='lat' dir='ltr'><strong>moriturum,</strong></span> <span class='ocrx_word' id='word_1_202' title='bbox 2365 3399 2428 3471; x_wconf 90' lang='lat' dir='ltr'><strong>si</strong></span> <span class='ocrx_word' id='word_1_203' title='bbox 2490 3405 2736 3492; x_wconf 90' lang='lat' dir='ltr'><strong>neptes</strong></span> <span class='ocrx_word' id='word_1_204' title='bbox 2809 3421 2974 3472; x_wconf 90' lang='lat' dir='ltr'><strong>suas</strong></span> <span class='ocrx_word' id='word_1_205' title='bbox 3040 3398 3431 3472; x_wconf 86' lang='lat' dir='ltr'><strong>Wladislao</strong></span> <span class='ocrx_word' id='word_1_206' title='bbox 3507 3400 3692 3491; x_wconf 89' lang='lat' dir='ltr'><strong>Regi</strong></span> <span class='ocrx_word' id='word_1_207' title='bbox 3767 3406 3846 3472; x_wconf 91' lang='grc'><strong>01</strong></span> <span class='ocrx_word' id='word_1_208' title='bbox 3909 3421 4028 3473; x_wconf 85' lang='grc'><strong>0110</strong></span> 
     </span>
     <span class='ocr_line' id='line_1_24' title="bbox 922 3518 4025 3613; baseline 0.001 -21"><span class='ocrx_word' id='word_1_209' title='bbox 922 3539 1250 3613; x_wconf 85' lang='lat' dir='ltr'><strong>germano</strong></span> <span class='ocrx_word' id='word_1_210' title='bbox 1306 3519 1523 3611; x_wconf 88' lang='lat' dir='ltr'><strong>(quod</strong></span> <span class='ocrx_word' id='word_1_211' title='bbox 1577 3524 1812 3590; x_wconf 88' lang='lat' dir='ltr'><strong>tamen</strong></span> <span class='ocrx_word' id='word_1_212' title='bbox 1867 3518 1980 3590; x_wconf 93' lang='lat' dir='ltr'><strong>illi</strong></span> <span class='ocrx_word' id='word_1_213' title='bbox 2034 3518 2436 3612; x_wconf 87' lang='lat' dir='ltr'><strong>contingere</strong></span> <span class='ocrx_word' id='word_1_214' title='bbox 2489 3541 2630 3592; x_wconf 92' lang='lat' dir='ltr'><strong>non</strong></span> <span class='ocrx_word' id='word_1_215' title='bbox 2681 3525 2989 3612; x_wconf 92' lang='lat' dir='ltr'><strong>poterat,</strong></span> <span class='ocrx_word' id='word_1_216' title='bbox 3067 3520 3277 3592; x_wconf 89' lang='lat' dir='ltr'><strong>celeri</strong></span> <span class='ocrx_word' id='word_1_217' title='bbox 3339 3525 3562 3592; x_wconf 90' lang='lat' dir='ltr'><strong>morte</strong></span> <span class='ocrx_word' id='word_1_218' title='bbox 3617 3521 3918 3611; x_wconf 88' lang='lat' dir='ltr'><strong>obruto)</strong></span> <span class='ocrx_word' id='word_1_219' title='bbox 3947 3521 4025 3610; x_wconf 85' lang='lat'><strong>⁵),</strong></span> 
     </span>
     <span class='ocr_line' id='line_1_25' title="bbox 924 3638 4027 3740; baseline 0 -28"><span class='ocrx_word' id='word_1_220' title='bbox 924 3639 1444 3731; x_wconf 86' lang='lat' dir='ltr'><strong>desponsasset.</strong></span> <span class='ocrx_word' id='word_1_221' title='bbox 1502 3638 1996 3729; x_wconf 87' lang='lat' dir='ltr'><strong>Sigismundus</strong></span> <span class='ocrx_word' id='word_1_222' title='bbox 2052 3641 2398 3731; x_wconf 87' lang='lat' dir='ltr'><strong>supremis</strong></span> <span class='ocrx_word' id='word_1_223' title='bbox 2439 3641 2588 3712; x_wconf 91' lang='lat' dir='ltr'><strong>suis</strong></span> <span class='ocrx_word' id='word_1_224' title='bbox 2627 3641 3002 3729; x_wconf 76' lang='lat' dir='ltr'><strong>ordinatiS,</strong></span> <span class='ocrx_word' id='word_1_225' title='bbox 3059 3639 3248 3712; x_wconf 89' lang='lat' dir='ltr'><strong>inter</strong></span> <span class='ocrx_word' id='word_1_226' title='bbox 3281 3639 3664 3740; x_wconf 78' lang='lat' dir='ltr'><strong>amicorum</strong></span> <span class='ocrx_word' id='word_1_227' title='bbox 3722 3643 4027 3732; x_wconf 89' lang='lat' dir='ltr'><strong>complo-</strong></span> 
     </span>
     <span class='ocr_line' id='line_1_26' title="bbox 920 3757 4026 3851; baseline 0.001 -19"><span class='ocrx_word' id='word_1_228' title='bbox 920 3759 1263 3832; x_wconf 87' lang='lat' dir='ltr'><strong>rationem</strong></span> <span class='ocrx_word' id='word_1_229' title='bbox 1318 3757 1621 3850; x_wconf 89' lang='lat' dir='ltr'><strong>septima</strong></span> <span class='ocrx_word' id='word_1_230' title='bbox 1673 3757 2075 3831; x_wconf 88' lang='lat' dir='ltr'><strong>Decembris</strong></span> <span class='ocrx_word' id='word_1_231' title='bbox 2106 3759 2170 3849; x_wconf 68' lang='grc'><strong>6)</strong></span> <span class='ocrx_word' id='word_1_232' title='bbox 2227 3759 2302 3830; x_wconf 91' lang='grc'><strong>111</strong></span> <span class='ocrx_word' id='word_1_233' title='bbox 2357 3761 2662 3851; x_wconf 78' lang='lat' dir='ltr'><strong>Snoyma</strong></span> <span class='ocrx_word' id='word_1_234' title='bbox 2691 3761 2752 3850; x_wconf 78' lang='lat'><strong>⁷)</strong></span> <span class='ocrx_word' id='word_1_235' title='bbox 2807 3761 3127 3849; x_wconf 90' lang='lat' dir='ltr'><strong>moritur,</strong></span> <span class='ocrx_word' id='word_1_236' title='bbox 3195 3758 3395 3832; x_wconf 91' lang='lat' dir='ltr'><strong>cuius</strong></span> <span class='ocrx_word' id='word_1_237' title='bbox 3449 3780 3705 3850; x_wconf 89' lang='lat' dir='ltr'><strong>corpus</strong></span> <span class='ocrx_word' id='word_1_238' title='bbox 3763 3761 3841 3834; x_wconf 92' lang='lat' dir='ltr'><strong>in</strong></span> <span class='ocrx_word' id='word_1_239' title='bbox 3900 3762 4026 3834; x_wconf 89' lang='lat' dir='ltr'><strong>Va·</strong></span> 
     </span>
     <span class='ocr_line' id='line_1_27' title="bbox 920 3878 4034 3972; baseline 0.002 -21"><span class='ocrx_word' id='word_1_240' title='bbox 920 3879 1199 3969; x_wconf 90' lang='lat' dir='ltr'><strong>radino,</strong></span> <span class='ocrx_word' id='word_1_241' title='bbox 1272 3883 1355 3950; x_wconf 93' lang='lat' dir='ltr'><strong>ut</strong></span> <span class='ocrx_word' id='word_1_242' title='bbox 1416 3878 1491 3951; x_wconf 92' lang='lat' dir='ltr'><strong>in</strong></span> <span class='ocrx_word' id='word_1_243' title='bbox 1552 3878 1808 3951; x_wconf 89' lang='lat' dir='ltr'><strong>ultima</strong></span> <span class='ocrx_word' id='word_1_244' title='bbox 1870 3878 2238 3951; x_wconf 83' lang='lat' dir='ltr'><strong>voluntate</strong></span> <span class='ocrx_word' id='word_1_245' title='bbox 2301 3879 2734 3968; x_wconf 83' lang='lat' dir='ltr'><strong>decreverat,</strong></span> <span class='ocrx_word' id='word_1_246' title='bbox 2803 3880 3168 3972; x_wconf 87' lang='lat' dir='ltr'><strong>sepelitur.</strong></span> <span class='ocrx_word' id='word_1_247' title='bbox 3257 3880 3676 3972; x_wconf 86' lang='lat' dir='ltr'><strong>Hungariae</strong></span> <span class='ocrx_word' id='word_1_248' title='bbox 3743 3883 4034 3956; x_wconf 70' lang='lat' dir='ltr'><strong>barones</strong></span> 
     </span>
     <span class='ocr_line' id='line_1_28' title="bbox 922 3996 4036 4094; baseline 0.002 -24"><span class='ocrx_word' id='word_1_249' title='bbox 922 3996 1379 4070; x_wconf 88' lang='lat' dir='ltr'><strong>concordibus</strong></span> <span class='ocrx_word' id='word_1_250' title='bbox 1436 3996 1691 4069; x_wconf 90' lang='lat' dir='ltr'><strong>animis</strong></span> <span class='ocrx_word' id='word_1_251' title='bbox 1744 3998 2038 4071; x_wconf 86' lang='lat' dir='ltr'><strong>Alberto</strong></span> <span class='ocrx_word' id='word_1_252' title='bbox 2103 3999 2176 4070; x_wconf 91' lang='lat' dir='ltr'><strong>iu</strong></span> <span class='ocrx_word' id='word_1_253' title='bbox 2233 3999 2492 4091; x_wconf 91' lang='lat' dir='ltr'><strong>Regem</strong></span> <span class='ocrx_word' id='word_1_254' title='bbox 2557 4002 2810 4090; x_wconf 86' lang='lat' dir='ltr'><strong>electe,</strong></span> <span class='ocrx_word' id='word_1_255' title='bbox 2879 4000 3094 4073; x_wconf 86' lang='lat' dir='ltr'><strong>Calon</strong></span> <span class='ocrx_word' id='word_1_256' title='bbox 3114 3999 3240 4072; x_wconf 88' lang='lat' dir='ltr'><strong>das</strong></span> <span class='ocrx_word' id='word_1_257' title='bbox 3295 4001 3612 4073; x_wconf 87' lang='lat' dir='ltr'><strong>Ianuarii</strong></span> <span class='ocrx_word' id='word_1_258' title='bbox 3673 4001 3917 4094; x_wconf 87' lang='lat' dir='ltr'><strong>ipsum</strong></span> <span class='ocrx_word' id='word_1_259' title='bbox 3969 4003 4036 4075; x_wconf 89' lang='lat' dir='ltr'><strong>in</strong></span> 
     </span>
     <span class='ocr_line' id='line_1_29' title="bbox 922 4116 4035 4213; baseline 0.002 -23"><span class='ocrx_word' id='word_1_260' title='bbox 922 4117 1189 4209; x_wconf 89' lang='lat' dir='ltr'><strong>Regem</strong></span> <span class='ocrx_word' id='word_1_261' title='bbox 1242 4122 1313 4189; x_wconf 90' lang='lat' dir='ltr'><strong>et</strong></span> <span class='ocrx_word' id='word_1_262' title='bbox 1365 4116 1733 4190; x_wconf 89' lang='lat' dir='ltr'><strong>Elisabeth</strong></span> <span class='ocrx_word' id='word_1_263' title='bbox 1788 4124 2176 4191; x_wconf 86' lang='lat' dir='ltr'><strong>consortem</strong></span> <span class='ocrx_word' id='word_1_264' title='bbox 2215 4140 2413 4191; x_wconf 91' lang='lat' dir='ltr'><strong>suam</strong></span> <span class='ocrx_word' id='word_1_265' title='bbox 2449 4119 2522 4191; x_wconf 92' lang='lat' dir='ltr'><strong>iu</strong></span> <span class='ocrx_word' id='word_1_266' title='bbox 2559 4120 2905 4213; x_wconf 86' lang='lat' dir='ltr'><strong>Reginam</strong></span> <span class='ocrx_word' id='word_1_267' title='bbox 2985 4121 3060 4192; x_wconf 91' lang='lat' dir='ltr'><strong>in</strong></span> <span class='ocrx_word' id='word_1_268' title='bbox 3098 4121 3285 4193; x_wconf 88' lang='lat' dir='ltr'><strong>Alba</strong></span> <span class='ocrx_word' id='word_1_269' title='bbox 3317 4120 3541 4213; x_wconf 86' lang='lat' dir='ltr'><strong>regali</strong></span> <span class='ocrx_word' id='word_1_270' title='bbox 3593 4129 4035 4195; x_wconf 85' lang='lat' dir='ltr'><strong>coronarunt.</strong></span> 
     </span>
     <span class='ocr_line' id='line_1_30' title="bbox 920 4233 4035 4336; baseline 0.003 -27"><span class='ocrx_word' id='word_1_271' title='bbox 920 4233 1349 4328; x_wconf 85' lang='lat' dir='ltr'><strong>Imperatrix</strong></span> <span class='ocrx_word' id='word_1_272' title='bbox 1402 4235 1713 4308; x_wconf 86' lang='lat' dir='ltr'><strong>Barbara</strong></span> <span class='ocrx_word' id='word_1_273' title='bbox 1735 4292 1752 4325; x_wconf 92' lang='lat'>‚</span> <span class='ocrx_word' id='word_1_274' title='bbox 1810 4236 2153 4327; x_wconf 90' lang='lat' dir='ltr'><strong>dimissis,</strong></span> <span class='ocrx_word' id='word_1_275' title='bbox 2213 4260 2390 4330; x_wconf 89' lang='lat' dir='ltr'><strong>quae</strong></span> <span class='ocrx_word' id='word_1_276' title='bbox 2453 4239 2528 4310; x_wconf 92' lang='lat' dir='ltr'><strong>in</strong></span> <span class='ocrx_word' id='word_1_277' title='bbox 2582 4240 2948 4332; x_wconf 84' lang='lat' dir='ltr'><strong>Hungaria</strong></span> <span class='ocrx_word' id='word_1_278' title='bbox 3003 4241 3410 4330; x_wconf 89' lang='lat' dir='ltr'><strong>obtinebat,</strong></span> <span class='ocrx_word' id='word_1_279' title='bbox 3467 4241 4035 4336; x_wconf 85' lang='lat' dir='ltr'><strong>inexpugnabili·</strong></span> 
     </span>
     <span class='ocr_line' id='line_1_31' title="bbox 921 4354 4035 4453; baseline 0.002 -24"><span class='ocrx_word' id='word_1_280' title='bbox 921 4354 1056 4430; x_wconf 87' lang='lat' dir='ltr'><strong>bus</strong></span> <span class='ocrx_word' id='word_1_281' title='bbox 1108 4355 1395 4445; x_wconf 89' lang='lat' dir='ltr'><strong>castris,</strong></span> <span class='ocrx_word' id='word_1_282' title='bbox 1450 4355 1767 4428; x_wconf 89' lang='lat' dir='ltr'><strong>libertati</strong></span> <span class='ocrx_word' id='word_1_283' title='bbox 1819 4356 2091 4429; x_wconf 87' lang='lat' dir='ltr'><strong>reddita</strong></span> <span class='ocrx_word' id='word_1_284' title='bbox 2144 4362 2287 4446; x_wconf 88' lang='lat' dir='ltr'><strong>est,</strong></span> <span class='ocrx_word' id='word_1_285' title='bbox 2357 4358 2720 4432; x_wconf 89' lang='lat' dir='ltr'><strong>duodecim</strong></span> <span class='ocrx_word' id='word_1_286' title='bbox 2777 4361 3007 4432; x_wconf 88' lang='lat' dir='ltr'><strong>miUia</strong></span> <span class='ocrx_word' id='word_1_287' title='bbox 3067 4361 3266 4450; x_wconf 91' lang='lat' dir='ltr'><strong>auri,</strong></span> <span class='ocrx_word' id='word_1_288' title='bbox 3333 4362 3562 4453; x_wconf 89' lang='lat' dir='ltr'><strong>quoad</strong></span> <span class='ocrx_word' id='word_1_289' title='bbox 3613 4362 3928 4452; x_wconf 77' lang='lat' dir='ltr'><strong>viveret,</strong></span> <span class='ocrx_word' id='word_1_290' title='bbox 3978 4362 4035 4436; x_wconf 90' lang='lat' dir='ltr'><strong>ei</strong></span> 
     </span>
     <span class='ocr_line' id='line_1_32' title="bbox 926 4474 4036 4577; baseline 0.003 -30"><span class='ocrx_word' id='word_1_291' title='bbox 926 4475 1302 4566; x_wconf 89' lang='lat' dir='ltr'><strong>quotannis</strong></span> <span class='ocrx_word' id='word_1_292' title='bbox 1357 4474 1431 4546; x_wconf 93' lang='lat' dir='ltr'><strong>in</strong></span> <span class='ocrx_word' id='word_1_293' title='bbox 1468 4475 1683 4548; x_wconf 85' lang='lat' dir='ltr'><strong>certis</strong></span> <span class='ocrx_word' id='word_1_294' title='bbox 1721 4476 2066 4550; x_wconf 87' lang='lat' dir='ltr'><strong>reditibus</strong></span> <span class='ocrx_word' id='word_1_295' title='bbox 2108 4478 2517 4552; x_wconf 88' lang='lat' dir='ltr'><strong>constituta.</strong></span> <span class='ocrx_word' id='word_1_296' title='bbox 2575 4479 2944 4554; x_wconf 88' lang='lat' dir='ltr'><strong>Electores</strong></span> <span class='ocrx_word' id='word_1_297' title='bbox 2982 4481 3296 4573; x_wconf 90' lang='lat' dir='ltr'><strong>Imperii,</strong></span> <span class='ocrx_word' id='word_1_298' title='bbox 3341 4481 3684 4555; x_wconf 89' lang='lat' dir='ltr'><strong>scrutinio</strong></span> <span class='ocrx_word' id='word_1_299' title='bbox 3719 4482 4036 4577; x_wconf 87' lang='lat' dir='ltr'><strong>diligenti</strong></span> 
     </span>
     <span class='ocr_line' id='line_1_33' title="bbox 929 4593 4028 4687; baseline 0.004 -22"><span class='ocrx_word' id='word_1_300' title='bbox 929 4593 1015 4667; x_wconf 92' lang='lat' dir='ltr'><strong>de</strong></span> <span class='ocrx_word' id='word_1_301' title='bbox 1068 4593 1562 4670; x_wconf 87' lang='lat' dir='ltr'><strong>substituendo</strong></span> <span class='ocrx_word' id='word_1_302' title='bbox 1617 4593 1907 4668; x_wconf 84' lang='lat' dir='ltr'><strong>Caesare</strong></span> <span class='ocrx_word' id='word_1_303' title='bbox 1959 4597 2227 4687; x_wconf 88' lang='lat' dir='ltr'><strong>habito,</strong></span> <span class='ocrx_word' id='word_1_304' title='bbox 2283 4598 2357 4670; x_wconf 92' lang='lat' dir='ltr'><strong>in</strong></span> <span class='ocrx_word' id='word_1_305' title='bbox 2395 4599 2770 4674; x_wconf 87' lang='lat' dir='ltr'><strong>Albertum</strong></span> <span class='ocrx_word' id='word_1_306' title='bbox 2810 4601 3151 4674; x_wconf 87' lang='lat' dir='ltr'><strong>Austriae</strong></span> <span class='ocrx_word' id='word_1_307' title='bbox 3205 4602 3469 4675; x_wconf 91' lang='lat' dir='ltr'><strong>Ducem</strong></span> <span class='ocrx_word' id='word_1_308' title='bbox 3521 4603 3716 4675; x_wconf 91' lang='lat' dir='ltr'><strong>ultro</strong></span> <span class='ocrx_word' id='word_1_309' title='bbox 3753 4623 4028 4678; x_wconf 86' lang='lat' dir='ltr'><strong>consen·</strong></span> 
     </span>
     <span class='ocr_line' id='line_1_34' title="bbox 923 4712 4026 4814; baseline 0.004 -30"><span class='ocrx_word' id='word_1_310' title='bbox 923 4712 1150 4802; x_wconf 86' lang='lat' dir='ltr'><strong>tiunt,</strong></span> <span class='ocrx_word' id='word_1_311' title='bbox 1208 4712 1413 4805; x_wconf 76' lang='lat' dir='ltr'><strong>eique</strong></span> <span class='ocrx_word' id='word_1_312' title='bbox 1465 4713 1938 4788; x_wconf 86' lang='lat' dir='ltr'><strong>Romanorum</strong></span> <span class='ocrx_word' id='word_1_313' title='bbox 1977 4722 2252 4808; x_wconf 88' lang='lat' dir='ltr'><strong>sceptra</strong></span> <span class='ocrx_word' id='word_1_314' title='bbox 2304 4720 2783 4810; x_wconf 90' lang='lat' dir='ltr'><strong>committunt,</strong></span> <span class='ocrx_word' id='word_1_315' title='bbox 2841 4721 3076 4795; x_wconf 89' lang='lat' dir='ltr'><strong>diaeta</strong></span> <span class='ocrx_word' id='word_1_316' title='bbox 3111 4721 3300 4814; x_wconf 89' lang='lat' dir='ltr'><strong>apud</strong></span> <span class='ocrx_word' id='word_1_317' title='bbox 3335 4722 3880 4797; x_wconf 81' lang='lat' dir='ltr'><strong>Frankfordiam</strong></span> <span class='ocrx_word' id='word_1_318' title='bbox 3931 4744 4026 4796; x_wconf 83' lang='lat' dir='ltr'><strong>ee·</strong></span> 
     </span>
     <span class='ocr_line' id='line_1_35' title="bbox 928 4831 4020 4936; baseline 0.004 -34"><span class='ocrx_word' id='word_1_319' title='bbox 928 4831 1224 4906; x_wconf 87' lang='lat' dir='ltr'><strong>lebrata.</strong></span> <span class='ocrx_word' id='word_1_320' title='bbox 1301 4831 1557 4906; x_wconf 87' lang='lat' dir='ltr'><strong>Verum</strong></span> <span class='ocrx_word' id='word_1_321' title='bbox 1622 4832 1961 4907; x_wconf 87' lang='lat' dir='ltr'><strong>Albertus</strong></span> <span class='ocrx_word' id='word_1_322' title='bbox 2025 4835 2305 4910; x_wconf 90' lang='lat' dir='ltr'><strong>iniussu</strong></span> <span class='ocrx_word' id='word_1_323' title='bbox 2369 4838 2706 4912; x_wconf 91' lang='lat' dir='ltr'><strong>baronum</strong></span> <span class='ocrx_word' id='word_1_324' title='bbox 2771 4840 3179 4934; x_wconf 88' lang='lat' dir='ltr'><strong>Hungariae</strong></span> <span class='ocrx_word' id='word_1_325' title='bbox 3253 4839 3360 4933; x_wconf 93' lang='lat' dir='ltr'><strong>(id</strong></span> <span class='ocrx_word' id='word_1_326' title='bbox 3414 4841 3602 4915; x_wconf 90' lang='lat' dir='ltr'><strong>enim</strong></span> <span class='ocrx_word' id='word_1_327' title='bbox 3670 4842 3828 4916; x_wconf 93' lang='lat' dir='ltr'><strong>illis</strong></span> <span class='ocrx_word' id='word_1_328' title='bbox 3881 4863 4020 4936; x_wconf 86' lang='lat' dir='ltr'><strong>spo-</strong></span> 
     </span>
     <span class='ocr_line' id='line_1_36' title="bbox 936 4948 4027 5054; baseline 0.004 -33"><span class='ocrx_word' id='word_1_329' title='bbox 936 4948 1304 5038; x_wconf 89' lang='lat' dir='ltr'><strong>ponderat)</strong></span> <span class='ocrx_word' id='word_1_330' title='bbox 1376 4954 1737 5043; x_wconf 86' lang='lat' dir='ltr'><strong>acceptare</strong></span> <span class='ocrx_word' id='word_1_331' title='bbox 1810 4953 2194 5045; x_wconf 90' lang='lat' dir='ltr'><strong>Imperium</strong></span> <span class='ocrx_word' id='word_1_332' title='bbox 2265 4959 2461 5030; x_wconf 86' lang='lat' dir='ltr'><strong>nefas</strong></span> <span class='ocrx_word' id='word_1_333' title='bbox 2535 4960 2870 5050; x_wconf 84' lang='lat' dir='ltr'><strong>putabat,</strong></span> <span class='ocrx_word' id='word_1_334' title='bbox 2946 4964 3217 5034; x_wconf 91' lang='lat' dir='ltr'><strong>attento</strong></span> <span class='ocrx_word' id='word_1_335' title='bbox 3289 4961 3476 5053; x_wconf 86' lang='lat' dir='ltr'><strong>quod</strong></span> <span class='ocrx_word' id='word_1_336' title='bbox 3547 4961 4027 5054; x_wconf 82' lang='lat' dir='ltr'><strong>Sigismundus</strong></span> 
     </span>
    </p>
   </div>
   <div class='ocr_carea' id='block_1_4' title="bbox 1147 5233 4028 5334">
    <p class='ocr_par' dir='ltr' id='par_1_5' title="bbox 1147 5233 4028 5334">
     <span class='ocr_line' id='line_1_37' title="bbox 1147 5233 4028 5334; baseline 0.006 -35"><span class='ocrx_word' id='word_1_337' title='bbox 1147 5233 1197 5320; x_wconf 92' lang='lat'><strong>¹)</strong></span> <span class='ocrx_word' id='word_1_338' title='bbox 1244 5239 1583 5318; x_wconf 85' lang='lat' dir='ltr'><strong>Stremberg</strong></span> <span class='ocrx_word' id='word_1_339' title='bbox 1632 5236 1783 5304; x_wconf 76' lang='lat' dir='ltr'><strong>cod.</strong></span> <span class='ocrx_word' id='word_1_340' title='bbox 1818 5237 1995 5306; x_wconf 72' lang='lat' dir='ltr'><strong>Gale.</strong></span> <span class='ocrx_word' id='word_1_341' title='bbox 2052 5240 2107 5326; x_wconf 75' lang='lat'><strong>²)</strong></span> <span class='ocrx_word' id='word_1_342' title='bbox 2152 5245 2415 5307; x_wconf 77' lang='lat' dir='ltr'><strong>Placzok</strong></span> <span class='ocrx_word' id='word_1_343' title='bbox 2459 5244 2590 5311; x_wconf 77' lang='lat' dir='ltr'><strong>Ed.</strong></span> <span class='ocrx_word' id='word_1_344' title='bbox 2639 5245 2820 5330; x_wconf 77' lang='lat' dir='ltr'><strong>Lips.</strong></span> <span class='ocrx_word' id='word_1_345' title='bbox 2869 5247 2926 5329; x_wconf 75' lang='lat'><strong>³)</strong></span> <span class='ocrx_word' id='word_1_346' title='bbox 2973 5249 3259 5311; x_wconf 82' lang='lat' dir='ltr'><strong>Zveinam</strong></span> <span class='ocrx_word' id='word_1_347' title='bbox 3303 5243 3433 5312; x_wconf 74' lang='lat' dir='ltr'><strong>Ed.</strong></span> <span class='ocrx_word' id='word_1_348' title='bbox 3482 5247 3667 5334; x_wconf 72' lang='lat' dir='ltr'><strong>Lips.</strong></span> <span class='ocrx_word' id='word_1_349' title='bbox 3717 5248 3774 5332; x_wconf 86' lang='lat'><strong>⁴)</strong></span> <span class='ocrx_word' id='word_1_350' title='bbox 3821 5253 4028 5314; x_wconf 68' lang='lat' dir='ltr'><strong>cliviae</strong></span> 
     </span>
    </p>
   </div>
   <div class='ocr_carea' id='block_1_5' title="bbox 934 5332 4027 5525">
    <p class='ocr_par' dir='ltr' id='par_1_6' title="bbox 934 5332 4027 5525">
     <span class='ocr_line' id='line_1_38' title="bbox 934 5332 4027 5503; baseline 0.006 -105"><span class='ocrx_word' id='word_1_351' title='bbox 934 5332 1063 5399; x_wconf 74' lang='lat' dir='ltr'><strong>Ed.</strong></span> <span class='ocrx_word' id='word_1_352' title='bbox 1082 5335 1389 5503; x_wconf 53' lang='grc' dir='ltr'>Εὶὲρῖἕ)</span> <span class='ocrx_word' id='word_1_353' title='bbox 1435 5347 1640 5404; x_wconf 83' lang='lat' dir='ltr'><strong>secuta</strong></span> <span class='ocrx_word' id='word_1_354' title='bbox 1686 5338 1839 5406; x_wconf 73' lang='lat' dir='ltr'><strong>Coa.</strong></span> <span class='ocrx_word' id='word_1_355' title='bbox 1869 5341 2093 5408; x_wconf 65' lang='lat' dir='ltr'><strong>Praez.</strong></span> <span class='ocrx_word' id='word_1_356' title='bbox 2138 5347 2380 5408; x_wconf 87' lang='lat' dir='ltr'><strong>obtento</strong></span> <span class='ocrx_word' id='word_1_357' title='bbox 2409 5341 2536 5413; x_wconf 78' lang='lat' dir='ltr'><strong>Ed.</strong></span> <span class='ocrx_word' id='word_1_358' title='bbox 2571 5347 2758 5434; x_wconf 66' lang='lat' dir='ltr'><strong>L‘aejps.</strong></span> <span class='ocrx_word' id='word_1_359' title='bbox 2807 5349 2861 5432; x_wconf 77' lang='lat'><strong>⁶)</strong></span> <span class='ocrx_word' id='word_1_360' title='bbox 2909 5355 2992 5412; x_wconf 82' lang='lat'><strong>22</strong></span> <span class='ocrx_word' id='word_1_361' title='bbox 3023 5353 3372 5415; x_wconf 85' lang='lat' dir='ltr'><strong>Decembris</strong></span> <span class='ocrx_word' id='word_1_362' title='bbox 3417 5349 3547 5415; x_wconf 79' lang='lat' dir='ltr'><strong>Ed.</strong></span> <span class='ocrx_word' id='word_1_363' title='bbox 3579 5351 3758 5437; x_wconf 69' lang='lat' dir='ltr'><strong>Lips.</strong></span> <span class='ocrx_word' id='word_1_364' title='bbox 3807 5353 3858 5434; x_wconf 86' lang='lat'><strong>⁷)</strong></span> <span class='ocrx_word' id='word_1_365' title='bbox 3898 5356 4027 5416; x_wconf 83' lang='lat' dir='ltr'><strong>Zue.</strong></span> 
     </span>
     <span class='ocr_line' id='line_1_39' title="bbox 934 5451 1455 5525; baseline 0.012 -28"><span class='ocrx_word' id='word_1_366' title='bbox 934 5451 1043 5512; x_wconf 66' lang='lat' dir='ltr'><strong>ina</strong></span> <span class='ocrx_word' id='word_1_367' title='bbox 1194 5485 1211 5502; x_wconf 93' lang='lat'><strong>.</strong></span> <span class='ocrx_word' id='word_1_368' title='bbox 1332 5460 1455 5525; x_wconf 71' lang='lat' dir='ltr'><strong>ps.</strong></span> 
     </span>
    </p>
   </div>
  </div>
 </body>
</html>
