4342 6384
1095 499 1247 582 424
2301 529 2528 582 mmm
2580 529 3028 584 tmmecnms.
3613 500 3745 602 (A-
3785 498 3880 573 D·
3923 490 4212 589 Ι430·)

1092 817 1435 910 Praecipiti
1495 822 1830 894 wladislai
1884 824 2081 914 Regis
2141 827 2412 899 consilio
2457 827 2539 899 (16
2582 827 3011 900 restituendis
3070 822 3525 913 svitrigauoni
3577 818 3902 907 ademptis
3946 810 4223 885 casui:

1093 938 1422 1026 Podoliae,
1467 941 1680 1013 invito
1726 960 1847 1014 suo
1893 947 2161 1031 senatu,
2208 946 2512 1034 prudenti
2560 950 2630 1018 et
2673 946 2903 1018 audaci
2948 947 3125 1018 racto
3167 944 3453 1016 ndreae
3496 936 3951 1023 uncant!
3995 934 4079 1003 ot
4108 929 4223 1000 ffi-

1985 1064 2150 1135 66161
2194 1065 2613 1155 nnoviozky
2659 1067 2900 1154 optino
2944 1064 3313 1137 occurritur.

1302 1306 1658 1378 Baronum
1716 1311 1787 1380 et
1839 1308 2184 1381 nobilium
2239 1310 2571 1384 Poloniae
2626 1311 3046 1403 conspiratio
3101 1311 3174 1382 in
3221 1312 3507 1381 mortem
3544 1302 3759 1376 Ducis
3798 1293 4223 1387 svin-igal,

274 1435 297 1486 ⁴71
517 1485 526 1495 .
1091 1423 1170 1496 16
1223 1426 1551 1498 1161111616
1608 1426 1989 1500 Wladislai
2045 1429 2263 1522 Regis
2302 1431 2629 1515 deducta,
2688 1430 3204 1504 solicitudinem
3239 1402 3568 1518 magnam'
3594 1421 3730 1496 sibi
3764 1416 4088 1511 ingessit
4130 1415 4226 1501 ¹),

216 1546 217 1553 ’
282 1497 294 1611 Ί
1093 1564 1183 1616 66
1238 1544 1697 1618 deduceretur
1747 1546 1822 1619 in
1882 1548 2236 1638 effectum,
2294 1554 2364 1623 61
2417 1571 2504 1623 ne
2557 1550 2631 1622 in
2668 1551 2929 1623 Ducem
2968 1546 3324 1640 Switrigal
3360 1543 3626 1636 aliquid
3671 1537 4049 1615 crudelius
4090 1552 4230 1624 per

280 1638 291 1713 1
1095 1662 1402 1735 Ρ616666
1459 1665 1640 1737 ferro
1695 1667 2204 1740 consuleretur.
2260 1668 2511 1760 Itaque
2551 1668 3092 1742 submovendam
3129 1666 3490 1739 materiam
3528 1682 3801 1734 omnem
3838 1656 4223 1737 cholerae,

1096 1786 1169 1855 et
1222 1781 1691 1875 mitigandum
1749 1786 2072 1892 'animum
2145 1788 2362 1860 Ducis
2418 1787 2805 1881 Switrigal,
2862 1788 3044 1860 facto
3100 1785 3439 1878 optimum
3481 1787 3711 1869 ratus,
3766 1775 4111 1851 destinat
4147 1776 4230 1843 et

1097 1901 1471 1974 constituit
1508 1903 1584 1974 in
1620 1904 1825 1977 corde
1880 1926 2041 1994 suo,
2099 1912 2354 1980 terram
2408 1907 2741 1980 Podoliae
2778 1928 2934 1980 cum
2970 1910 3198 1979 castro
3252 1905 3732 1994 Kamyenyecz
3789 1896 3940 1969 sibi
3972 1893 4045 1982 ²)
4106 1912 4228 1963 re-

1099 2019 1426 2108 stituere,
1485 2020 1635 2092 sive
1689 2026 1771 2094 ut
1825 2044 1982 2096 eum
2037 2025 2394 2115 placatum
2447 2026 2781 2113 efficeret,
2842 2025 2991 2097 sive
3045 2024 3210 2116 quia
3262 2023 3424 2114 plus
3479 2020 3615 2092 sibi
3653 2023 3723 2091 61
3759 2010 4232 2088 Lithuaniae

1097 2138 1407 2211 Ducatui
1463 2138 1548 2212 (16
1603 2144 1821 2229 16116,
1881 2163 2088 2233 quam
2142 2144 2422 2235 proprio
2478 2145 2754 2236 Regno,
2814 2144 3115 2215 favebat.
3182 2138 3770 2214 Dissuadentibus
3828 2135 4096 2223 itaque
4155 2132 4235 2200 et

1097 2257 1595 2331 recusantibus
1659 2260 1998 2332 Poloniae
2030 2258 2093 2350 ²³)
2159 2266 2230 2335 61
2281 2261 2661 2335 baronibus
2715 2268 2785 2335 61
2838 2241 3226 2348 nobilibus,
3293 2257 3727 2333 Wladislaus
3790 2256 3961 2327 Rex
4032 2246 4235 2321 Duci

1099 2377 1460 2472 Switrigal
1513 2377 1848 2456 Podoliae
1884 2383 2143 2452 terram
2189 2381 2536 2470 restituit,
2594 2382 2975 2473 literasque
3010 2380 3437 2454 necessarias
3474 2378 3559 2450 ad
3596 2373 4030 2448 Michaelem
4071 2370 4228 2440 Bu·

1096 2498 1392 2589 czaczky
1448 2497 1730 2586 scribit,
1787 2497 2140 2590 imperans
2198 2499 2474 2589 stricte,
2531 2505 2612 2572 61
2666 2501 2752 2573 (16
2805 2506 3032 2573 666116
3086 2499 3571 2591 Kamyenyecz
3608 2499 3680 2568 61
3716 2494 3887 2566 61116
3948 2486 4230 2562 6661116

1093 2615 1430 2689 Ρ6(161166
1482 2616 1666 2689 Duci
1722 2616 2081 2708 Switrigal
2133 2617 2348 2691 faciat
2400 2618 2831 2692 effectualem
2881 2617 3289 2693 cessionem.
3347 2618 3439 2689 Et
3492 2636 3627 2708 quo
3679 2634 3794 2686 res
3854 2605 4229 2684 efficacio-

1091 2736 1195 2808 ris
1251 2735 1523 2809 roboris
1577 2736 1735 2823 fiat,
1791 2735 2211 2827 nullumque
2265 2736 2613 2830 interponi
2669 2738 3109 2810 obstaculum
3145 2736 3406 2827 possit,
3464 2733 3832 2806 Zaklikam
3870 2727 4102 2799 Tarlo
4141 2725 4233 2795 de

1097 2852 1729 2940 Sczekarzowicze,
1787 2853 2086 2926 militem
2140 2856 2227 2927 de
2281 2856 2493 2928 armis
2548 2858 2805 2948 Topor,
2861 2856 2935 2928 in
2971 2856 3456 2947 Kamyenyecz
3494 2848 3971 2935 transmittit,
4034 2849 4129 2915 ut
4165 2841 4233 2913 is

1097 2972 1315 3046 6116111
1378 2970 1784 3043 mandatum
1845 2973 2082 3065 163616
2147 2973 2232 3047 (16
2285 2973 2719 3066 16613666(116
2783 2974 3035 3047 6661116
3100 2973 3433 3046 Ρ6ᾶ61166
3493 2971 3708 3043 faciat
3762 2971 3835 3041 et
3891 2968 4234 3038 castrum

1094 3093 1585 3183 Kamyenyecz
1641 3090 1717 3162 in
1772 3112 2020 3163 manus
2075 3093 2292 3165 Ducis
2347 3093 2710 3166 Michaelis
2777 3095 2972 3165 Baba
3034 3093 3351 3165 Ruthem'
3401 3087 3745 3182 resignari
3799 3082 4233 3165 demandet,

1095 3232 1184 3284 66
1237 3209 1517 3283 11161616
1573 3209 1947 3301 imperium
2001 3209 2255 3283 habeat
2309 3211 2577 3302 aliquid
2631 3210 2887 3284 tacitae
2942 3210 3389 3303 suspicionis.
3447 3204 3938 3282 Restitutione
3985 3208 4235 3275 terrae

1093 3329 1430 3402 Podoliae
1482 3329 1649 3400 Dux
1705 3328 2095 3421 Switrigal,
2152 3331 2316 3420 plus
2372 3351 2578 3421 quam
2614 3331 3100 3422 credipotest,
3158 3331 3494 3416 laetatus,
3535 3325 3724 3398 omni
3762 3323 4066 3396 cholera
4105 3318 4233 3389 ‹le-

1093 3448 1331 3541 posita
1385 3446 1986 3534 61·1611611166116,
2043 3448 2483 3521 reconciliari
2544 3449 2724 3541 Regi
2778 3449 3046 3537 studet,
3114 3453 3184 3522 et
3238 3452 3580 3539 quantum
3642 3446 3919 3535 potest,
3996 3435 4240 3512 efficit

1095 3567 1235 3642 sibi
1280 3568 1487 3639 illum
1525 3566 1982 3658 placabilem,
2042 3566 2392 3658 donatque
2428 3567 2564 3640 sibi
2601 3568 2797 3640 mille
2834 3572 3120 3640 centum
3158 3566 3389 3659 cyclos
3428 3563 3732 3656 argenti,
3773 3582 3941 3633 curn
3990 3557 4237 3630 Schu-

284 2302 297 2445 ’ἒ

285 2463 295 2522 1

1093 3685 1207 3759 bis
1242 3686 1306 3775 ⁴)
1362 3690 1433 3759 61
1484 3684 1812 3776 pelliceis
1865 3684 2234 3775 plurimis,
2294 3685 2771 3777 clenodiisque
2838 3692 2909 3759 61
2969 3685 3222 3777 pannis
3284 3685 3636 3757 variarum
3706 3678 4236 3752 maneriemm.

1090 3805 1350 3877 Dolore
1405 3823 1658 3895 magno
1712 3802 2007 3875 barones
2065 3807 2133 3875 61
2187 3803 2458 3876 nobiles
2510 3805 2878 3892 Poloniae,
2935 3806 3058 3896 qui
3104 3805 3191 3877 ad
3238 3804 3429 3876 latus
3466 3801 3686 3893 Regis
3742 3801 3991 3884 erant,
4055 3815 4232 3868 con-

1095 3922 1395 3996 sternati
1460 3922 1545 3994 de
1599 3925 1825 3994 terrae
1878 3921 2216 3994 Podoliae
2268 3921 2720 4010 alienatione,
2796 3923 3058 3996 crebris
3122 3922 3439 3996 consiliis
3495 3918 3897 3993 6166616116
3959 3913 4233 4005 exqui-

1092 4046 1263 4113 runt
1315 4040 1471 4112 vias
1528 4044 1598 4112 61
1651 4040 1966 4132 1636616,
2027 4039 2283 4130 quibus
2337 4040 2674 4131 impedire
2726 4029 3161 4132 propositum
3214 4041 3431 4133 Regis
3485 4041 3799 4130 possent.
3871 4035 3973 4106 Et
4034 4033 4238 4105 inter

1097 4160 1279 4231 alias
1334 4157 1490 4229 vias
1545 4156 1900 4247 placebat,
1957 4161 2040 4229 ut
2094 4158 2411 4249 sigillum
2479 4159 2752 4251 regium
2824 4180 3004 4249 aqna
3056 4161 3172 4233 vel
3226 4160 3388 4250 1366
3441 4157 3890 4249 perderetur,
3962 4157 4237 4244 quate·

1090 4299 1226 4349 666
1284 4276 1599 4348 defectus
1655 4275 1882 4366 sigilli
1945 4276 2062 4347 vel
2113 4297 2261 4348 rem
2313 4276 2628 4349 redderet
2682 4282 3107 4368 suspectam,
3165 4279 3282 4349 vel
3333 4278 3409 4348 in
3464 4276 3663 4348 aliud
3716 4279 4013 4363 tempus
4083 4271 4232 4342 dif-

1098 4398 1298 4469 feret.
1357 4393 1723 4466 Zakliczae
1777 4398 2013 4465 tamen
2068 4394 2388 4465 Tarlonis
2451 4394 2692 4466 missio
2756 4416 3078 4487 magnam
3130 4394 3489 4487 proposito
3544 4399 3617 4466 et
3670 4391 4055 4464 molitioni
4116 4410 4237 4463 eo-

1089 4536 1249 4587 rum
1305 4511 1862 4603 desperationem
1917 4509 2273 4583 afferebat.
2331 4513 2551 4584 Erant
2601 4516 2768 4584 tunc
2804 4513 2990 4585 inter
3025 4514 3204 4587 alios
3242 4514 3577 4587 Poloniae
3614 4511 3923 4584 barones
3976 4515 4060 4582 et
4109 4531 4240 4581 no-

975 4616 980 4621 ’
1090 4633 1308 4720 biles,
1375 4631 1698 4703 Andreas
1754 4630 1841 4701 (16
1896 4629 2249 4701 Thanczin
2313 4628 2397 4701 de
2451 4629 2647 4702 domo
2715 4632 3172 4722 Bipennium,
3231 4638 3302 4704 et
3355 4631 3698 4704 Nicolaus
3756 4629 4240 4720 Drzewiczky

1091 4756 1334 4823 666166
1400 4746 2028 4835 Sandomiriensis,
2110 4747 2513 4819 adolescens
2576 4748 2915 4840 ingennus
2972 4751 3056 4823 de
3110 4752 3311 4823 domo
3366 4752 3791 4836 Taurorum,
3867 4748 4006 4839 qui
4065 4754 4248 4820 tunc

1093 4869 1414 4962 6131116111
1466 4865 1740 4959 regium
1795 4865 2181 4937 deferebat:
2249 4866 2495 4937 horum
2547 4867 2825 4957 ingenio
2872 4874 3067 4940 tanto
3105 4867 3496 4941 discrimini
3534 4866 3638 4939 rei
3674 4867 4031 4957 publicae
4074 4868 4245 4941 sub·

1091 4994 1386 5060 ventum
1454 4990 1588 5058 est.
1656 4984 1993 5056 Scribunt
2058 4982 2339 5054 literam
2369 4983 2430 5071 5)
2484 4982 2810 5056 Michaeli
2877 4987 3285 5079 Buczaczky
3340 4987 3708 5079 capitaneo
3776 4986 3860 5058 in
3918 4988 4248 5081 Kamye-

1310 5249 1360 5334 ¹)
1408 5255 1464 5313 ei
1508 5253 1714 5313 iniecit
1761 5248 1916 5315 cod.
1961 5249 2156 5312 Rozr.
2207 5250 2258 5328 ⁹)
2305 5252 2360 5311 61
2409 5245 2559 5313 Cod.
2603 5248 2794 5314 Rozr.
2845 5250 2901 5335 ³)
2946 5256 3186 5318 Polonis
3236 5254 3391 5320 Cod.
3438 5256 3637 5319 Rozr.
3691 5256 3751 5339 ⁴)
3788 5279 3942 5322 cum
3974 5266 4256 5326 vestibus

1091 5356 1354 5440 pellibus
1399 5353 1712 5415 subductis
1761 5348 1915 5415 Cod.
1959 5350 2154 5413 Rozr.
2206 5350 2260 5432 ⁵)
2304 5353 2507 5412 literas
2555 5348 2707 5415 Cod.
2756 5351 2946 5417 Rozr.
