4342 6384
795 546 941 618 148
1961 562 2189 614 LIBER
2240 564 2700 617 UNDEGIMUS.
3352 540 3484 641 (Α.
3524 542 3616 616 D.
3657 539 3889 640 1412.)

789 751 932 824 nisi
986 751 1321 823 Albertus
1375 750 1932 841 Iastrzambyecz
1988 748 2564 835 insimulabatur:
2632 749 2754 841 qui
2817 750 3087 841 primus
3142 750 3328 841 apud
3381 746 3687 821 Polonos
3742 754 3887 822 tam

789 870 1109 963 pestiferi
1165 870 1470 962 exempli
1526 870 1911 962 deponendi
1966 870 2321 961 pontificis
2376 874 2447 942 et
2502 870 2640 943 sibi
2696 869 3110 942 succedendi
3158 870 3410 941 author
3450 869 3723 957 extitit,
3782 869 3887 942 in-

791 991 1058 1083 signem
1115 988 1520 1063 ambitionis
1578 989 1868 1062 titulum
1923 994 2415 1081 occupaturus,

792 1346 1074 1434 togatus
1127 1344 1512 1433 sigismundi
1569 1343 1931 1433 ilungariae
1985 1342 2179 1431 aegis
2226 1360 2339 1432 pro
2384 1342 2757 1432 repetendis
2814 1342 3249 1432 quadraginta
3292 1341 3573 1413 millibus
3620 1359 3889 1431 sexage-

789 1481 1014 1537 narum
1058 1466 1513 1556 promissarum
1557 1482 1675 1535 suo
1721 1462 1877 1552 Regi
1922 1464 1990 1533 in
2037 1464 2275 1553 pignus
2329 1466 2545 1534 terrae
2600 1462 3115 1553 Sozopusionsis,
3168 1463 3252 1534 ad
3296 1462 3670 1552 lagistrum
3712 1463 3890 1534 Pru·

919 1588 1058 1658 siae
1101 1585 1487 1670 remittitur,
1535 1587 1604 1655 et
1652 1584 1958 1672 templum
2002 1582 2368 1655 liuthemun
2412 1583 2643 1654 Latino
2697 1583 2830 1655 ritu
2872 1582 3277 1654 Przemisliae
3322 1586 3759 1656 cousecratur.

999 1832 1466 1904 Conventione
1507 1832 1562 1919 1)
1621 1853 1832 1921 supra
1886 1830 2180 1901 fluvium
2237 1832 2395 1921 Bug
2448 1851 2571 1920 pro
2610 1828 2723 1901 die
2764 1830 3006 1902 Sancti
3060 1829 3425 1903 Michaelis
3482 1834 3707 1918 tenta,
3763 1851 3887 1903 ex-

792 1952 1030 2045 pedita
1059 1951 1146 2040 2),
1207 1951 1643 2023 Wladislaus
1697 1950 2032 2021 Poloniae
2087 1950 2241 2022 Rex
2297 1950 2371 2021 in
2428 1948 2774 2023 Medikam
2830 1949 3194 2039 processit.
3254 1950 3403 2040 Quo
3451 1948 3605 2023 illic
3642 1950 3888 2023 diebus

795 2072 1190 2163 quindecim
1245 2074 1744 2158 commorante,
1807 2069 2244 2162 Sigismundi
2298 2070 2767 2141 Roma-norum
2806 2072 2877 2141 et
2913 2069 3320 2161 Hungariae
3374 2070 3589 2163 Regis
3645 2070 3887 2161 legati,

794 2192 1124 2265 videlicet
1186 2192 1534 2262 Iohannes
1601 2188 2108 2281 Strigoniensis
2172 2188 2737 2280 archiepiscopus
2804 2192 2873 2261 et
2938 2188 3240 2261 Michael
3303 2188 3794 2263 Kochmeister
3824 2188 3888 2278 ³)

795 2312 1036 2384 Novae
1091 2310 1438 2382 Marchiae
1491 2309 1901 2396 advocatae,
1960 2309 2032 2381 in
2091 2307 2204 2381 die
2262 2309 2556 2381 Sanctae
2622 2308 2966 2400 Hedvigis
3022 2310 3110 2380 ad
3164 2330 3363 2380 suam
3428 2308 3889 2383 Serenitatem

794 2430 1233 2521 perveniunt.
1301 2428 1429 2516 Hi,
1497 2429 1662 2499 data
1725 2427 2114 2515 audientia,
2182 2430 2383 2498 orant
2435 2430 2981 2519 precanturque:
3050 2432 3395 2519 quatenus
3451 2429 3889 2502 Wladislaus

795 2549 1127 2622 Poloniae
1181 2550 1335 2621 Rex
1391 2546 1479 2619 ad
1532 2546 2089 2638 prosecutionem
2146 2544 2534 2637 imperialis
2600 2546 2902 2638 fastigii,
2970 2546 3419 2639 Sigismundo
3481 2548 3663 2641 Regi
3717 2570 3887 2640 qua-

792 2669 1116 2763 draginta
1171 2689 1672 2760 sexagenarum
1727 2667 2030 2738 latorum
2096 2686 2498 2758 grossorum
2564 2666 3023 2757 Pragensium
3078 2666 3336 2755 millia,
3407 2690 3587 2759 quae
3638 2690 3885 2760 prope-

792 2790 974 2863 diem
1041 2788 1377 2880 Magister
1439 2792 1510 2859 et
1563 2787 1744 2860 Ordo
1809 2786 2139 2859 Prussiae
2204 2778 2629 2859 Polonorum
2693 2786 2904 2879 Regi,
2972 2785 3175 2859 iuxta
3241 2788 3887 2861 condemnationem

793 2906 1231 2979 iudiciariam
1283 2925 1408 2997 pro
1463 2926 1713 2997 poena,
1774 2906 2046 2978 damnis
2103 2910 2172 2978 et
2231 2904 2604 2993 interesse,
2662 2906 2848 2997 quod
2902 2905 2975 2977 in
3029 2906 3437 2979 constitutis
3476 2908 3723 2981 diebus
3772 2931 3884 2982 ca-

793 3027 1085 3118 pitalem
1124 3047 1498 3115 summam,
1556 3029 1832 3097 centum
1871 3025 2202 3098 videlicet
2242 3024 2467 3097 millia
2504 3026 2774 3098 solvere
2810 3026 3251 3117 neglexerat,
3310 3028 3671 3101 soluturus
3709 3034 3883 3117 erat,

795 3149 1149 3218 mutuaret
1178 3146 1275 3234 ⁴);
1343 3144 1707 3218 offerentes
1772 3144 1846 3217 in
1909 3146 2358 3237 pecuniarum
2423 3145 2937 3237 praedictarum
3001 3166 3303 3235 summa,
3370 3151 3627 3220 terram
3684 3149 3885 3223 Scze-

792 3266 1193 3358 pusiensem
1224 3264 1285 3353 ⁵)
1341 3264 1570 3356 Regni
1623 3264 2062 3356 Hungariae,
2119 3264 2300 3357 Regi
2356 3270 2425 3337 et
2480 3266 2721 3357 Regno
2776 3265 3111 3338 Poloniae
3164 3265 3329 3339 dare
3384 3266 3457 3338 in
3512 3267 3884 3360 obligatio-

794 3406 950 3459 nem
1007 3388 1078 3458 et
1129 3384 1409 3477 pignus.
1473 3384 1906 3456 Wladislaus
1961 3388 2191 3457 autem
2249 3384 2585 3457 Poloniae
2639 3385 2829 3473 Rex,
2886 3384 3306 3477 participato
3362 3406 3647 3459 suorum
3681 3388 3885 3461 baro-

794 3527 960 3577 num
1017 3494 1342 3591 consili0,
1401 3507 1472 3575 et
1525 3507 1605 3575 ut
1661 3503 2187 3595 Sigismundum
2252 3504 2513 3595 Regem
2580 3504 2826 3576 maiori
2892 3504 3335 3577 necessitatis
3400 3510 3473 3577 et
3533 3506 3888 3580 amicitiae

795 3625 1075 3697 vinculo
1132 3621 1628 3715 obstringeret,
1689 3627 1758 3695 et
1813 3623 1900 3695 ad
1954 3616 2385 3715 implendum
2443 3625 2686 3696 foedus
2742 3625 2826 3697 de
2880 3624 3385 3697 cruciferorum
3440 3625 3886 3716 exterminio,

792 3746 1183 3817 iuramento
1236 3743 1568 3835 utrinque
1619 3744 2004 3832 firmatum,
2063 3742 2327 3815 arctius
2385 3743 2758 3835 obligaret,
2826 3749 3147 3816 mutuare
3204 3744 3651 3837 Sigismundo
3706 3746 3889 3839 Regi

791 3865 1106 3956 praefata
1162 3862 1624 3954 quadraginta
1679 3883 2183 3955 sexagenarum
2240 3864 2541 3935 latorum
2594 3884 2995 3955 grossorum
3034 3864 3297 3954 millia,
3354 3870 3543 3937 terra
3580 3866 3885 3957 Sczepu-

797 3984 1013 4058 siensi
1077 3983 1150 4054 in
1203 3982 1461 4074 pignus
1531 3987 1844 4075 recepta,
1921 3983 2305 4071 consentit,
2381 3984 2831 4074 praefatoque
2904 3983 3232 4057 Michaeli
3304 3984 3794 4058 Kochmeister
3822 3986 3889 4075 ⁶)

795 4104 1040 4176 Novae
1103 4101 1450 4174 Marchiae
1514 4102 1848 4174 advocato
1911 4103 2374 4193 personaliter
2440 4102 2839 4187 demandat,
2904 4108 2987 4174 ut
3048 4105 3362 4196 praefata
3426 4104 3893 4198 quadraginta

799 4241 1302 4311 sexagenamm
1356 4221 1659 4292 latorum
1711 4242 2110 4313 grossorum
2167 4222 2395 4292 millia
2450 4221 2521 4293 in
2576 4226 2996 4312 potestatem
3037 4228 3107 4296 et
3143 4244 3391 4296 manus
3448 4223 3891 4317 Sigismundi

797 4340 1014 4432 Regis
1071 4338 1460 4431 consignet,
1519 4339 1933 4431 Magistrum
1973 4346 2042 4413 et
2080 4341 2410 4414 Ordinem
2466 4341 2973 4414 cruciferorum
3012 4343 3095 4415 de
3131 4342 3423 4415 Prussia
3461 4344 3890 4434 specialibus

795 4459 1024 4533 literis
1083 4458 1408 4549 quietans
1463 4459 1546 4530 de
1601 4459 1880 4531 eisdem.
1939 4460 2289 4531 Iohannes
2346 4460 2584 4552 itaque
2640 4461 3203 4553 archiepiscopus
3243 4462 3748 4555 strigoniensis
3786 4464 3889 4537 le-

795 4579 1076 4673 gatione
1133 4598 1258 4650 sua
1313 4576 1549 4649 votive
1603 4578 2042 4669 perfunctuS,
2100 4579 2567 4671 plurimisque
2598 4580 2658 4669 ⁷)
2716 4585 2783 4653 et
2818 4580 3249 4653 notabilibus
3288 4580 3489 4653 donis
3525 4603 3652 4674 per
3686 4582 3889 4655 Wla-

796 4700 1100 4772 dislaum
1155 4696 1488 4769 Poloniae
1525 4698 1786 4789 Regem
1820 4699 2240 4786 honoratuS,
2298 4699 2371 4770 in
2411 4700 2843 4791 Hungariam
2880 4701 3379 4773 revertebatur.
3437 4702 3547 4773 Ex
3585 4701 3889 4791 Medika,

796 4818 1280 4892 Przemisliam
1344 4817 1784 4888 Wladislaus
1852 4818 2039 4905 Rex,
2115 4818 2379 4890 habens
2446 4818 2527 4890 in·
2574 4840 2698 4890 suo
2764 4820 3099 4891 comitatu
3172 4820 3719 4912 Strigoniensem
3774 4842 3889 4893 ar-

797 4939 1313 5030 chiepiscopum
1378 4940 1450 5009 et
1503 4936 1913 5010 Michaelem
1979 4937 2468 5011 Kochmeister
2496 4938 2583 5027 8.),
2649 4938 3021 5029 processit,
3092 4943 3162 5011 et
3227 4939 3355 5011 sub
3422 4960 3656 5012 eorum
3722 4961 3887 5013 con-

1013 5226 1057 5305 ¹)
1105 5227 1506 5287 conventione
1551 5227 1852 5305 expedita,
1900 5245 2052 5302 quae
2109 5224 2260 5289 eod.
2309 5225 2501 5290 Rozr.
2560 5226 2611 5307 ςΙ)
2659 5228 2864 5289 habita
2908 5234 3000 5289 est
3047 5224 3197 5290 Cod.
3242 5226 3437 5290 Rozr.
3494 5227 3547 5306 ³)
3590 5230 3891 5291 Kochma-

645 5370 660 5384 .
796 5331 985 5405 gister
1031 5324 1181 5389 C'od.
1227 5326 1418 5389 Rozr.
1466 5326 1520 5407 ⁴)
1567 5334 1767 5390 mutuo
1814 5331 1982 5390 daret
2029 5326 2180 5392 Cod.
2232 5328 2423 5392 Rozr.
2474 5329 2528 5411 ὅ)
2574 5332 3021 5408 Scepusiensem
3070 5326 3221 5393 Cod.
3268 5328 3459 5395 Rozr.
3508 5329 3564 5411 ⁶)
3593 5334 3893 5395 Kochma·

799 5432 986 5509 gister
1035 5425 1185 5492 Cod.
1232 5427 1425 5492 Rozr.
1477 5428 1530 5511 ⁷)
1577 5433 1963 5508 pluribusque
2006 5430 2132 5494 Ed.
2180 5430 2361 5517 Lipa
2412 5431 2460 5511 ⁸)
2506 5434 2960 5510 Kochmagister
3008 5429 3158 5495 Cod.
3200 5431 3393 5496 Rozr.
