4342 6384
873 460 1020 529 666
2033 481 2261 533 numu
2312 478 2821 532 Dnonscnms,
3440 452 3579 551 (Α.
3622 448 3719 524 D.
3758 448 3967 547 1441.)

871 665 1046 737 tiato
1102 668 1398 756 utroque
1454 663 1799 753 exercitu,
1858 664 1930 736 in
1987 664 2258 737 Budam
2296 665 2538 753 rediit,
2596 664 2848 737 castris
2886 661 3313 754 conquisitis
3350 661 3747 734 baronibus
3785 658 3961 729 Hun-

868 785 1102 875 gariae
1155 784 1338 856 datis
1396 784 1467 855 in
1524 787 1859 856 tenutam.
1917 785 2004 856 In
2059 784 2214 875 ipso
2270 790 2502 857 autem
2559 785 2745 857 bello
2802 784 3045 856 taliter
3097 803 3225 875 per
3280 780 3769 855 wladislaum
3808 787 3965 863 acto,

872 905 1102 976 ferunt
1158 904 1742 997 Quadragesimae
1795 911 2106 996 tempore
2161 906 2516 977 exercitus
2573 905 2683 977 8111
2722 904 3041 977 homines
3081 903 3487 976 temeritate
3525 900 3848 992 improba
3880 900 3961 970 le-

867 1045 1098 1115 porem
1157 1024 1610 1097 manducasse
1666 1030 1737 1097 et
1789 1025 2155 1115 repentina
2193 1032 2414 1097 morte
2453 1026 2806 1097 extinctos
2846 1044 3031 1111 esse;
3092 1024 3311 1096 alium
3370 1022 3730 1115 quendam
3770 1019 3965 1091 simili

869 1145 1044 1216 vitio
1101 1166 1232 1217 ova
1285 1145 1454 1232 duo,
1513 1166 1668 1217 cum
1725 1145 1988 1217 cibaria
2042 1145 2185 1218 alia
2238 1149 2724 1238 suppeterent,
2785 1166 3102 1232 vorasse,
3162 1150 3235 1217 et
3282 1167 3320 1217 e
3358 1142 3673 1235 vestigio
3734 1141 3963 1232 viginti

867 1287 998 1337 ova
1051 1265 1263 1339 cruda
1317 1266 1592 1357 integra
1647 1265 1928 1355 quidem
1984 1271 2053 1337 et
2109 1269 2329 1338 testas
2374 1265 2707 1338 habentia
2744 1264 3164 1337 evomuisse.
3225 1266 3581 1338 Recessus
3622 1262 3859 1353 regius
3893 1281 3964 1331 ex

871 1406 1110 1477 campo
1175 1391 1335 1476 post
1389 1389 1494 1457 tot
1550 1386 1788 1459 felices
1853 1386 2187 1458 victorias
2246 1391 2314 1458 et
2368 1406 2735 1459 successus
2798 1385 3126 1476 pluribus
3194 1384 3583 1457 baronibus
3652 1381 3963 1454 Poloniae

871 1512 940 1577 et
995 1505 1401 1599 Hungariae
1475 1510 1624 1578 erat
1695 1507 2024 1595 infestus,
2087 1506 2208 1597 qui
2264 1507 2553 1579 moleste
2602 1506 2946 1594 ferebant,
3007 1506 3193 1597 quod
3250 1506 3409 1577 Rex
3450 1504 3845 1577 exercitum
3882 1502 3964 1572 ita

873 1629 1117 1699 fortem
1174 1648 1312 1697 non
1367 1648 1404 1698 e
1460 1626 1758 1718 vestigio
1823 1625 1908 1697 ad
1964 1626 2311 1709 hostium,
2380 1627 2844 1698 Bobemorum
2911 1626 3360 1717 praesertim,
3430 1624 3798 1697 domicilia
3856 1622 3961 1691 du·

868 1747 1125 1819 xisset:
1193 1751 1466 1838 poterat
1530 1747 1875 1838 siquidem
1931 1752 2037 1819 tot
2090 1748 2407 1839 gentium
2470 1748 2714 1819 robore
2776 1747 3117 1837 stipatuS,
3190 1768 3431 1819 omnes
3489 1746 3823 1818 civitates
3872 1762 3960 1813 re-

869 1869 1087 1940 belles
1143 1868 1228 1939 ad
1285 1867 1750 1940 obedientiam
1804 1867 2131 1940 reducere
2188 1873 2258 1941 et
2314 1867 2667 1959 quoslibet
2721 1868 2961 1938 hostes
3018 1888 3181 1937 suos
3240 1868 3637 1952 debellare;
3701 1864 3821 1935 sed
3872 1883 3959 1933 se-

869 1994 1076 2060 cutus
1147 1988 1544 2078 aliquorum
1618 2007 1900 2059 suorum
1975 1987 2533 2060 consiliariorum
2600 1986 3125 2078 persuasioneS‚
3198 1987 3319 2077 qui
3384 2008 3547 2058 cum
3615 1982 3961 2056 Elisabeth

869 2108 1141 2200 Regina
1195 2109 1499 2179 oblatam
1554 2126 1676 2199 per
1731 2128 1915 2194 eam,
1975 2107 2047 2178 in
2103 2107 2261 2178 dolo
2320 2113 2581 2193 tamen,
2640 2106 3077 2178 concordiam
3128 2106 3634 2197 acceptandam
3676 2126 3827 2177 esse
3860 2102 3955 2174 de-

870 2227 1274 2315 cernebant,
1333 2248 1420 2299 ex
1477 2248 1716 2319 campo
1782 2227 2132 2299 discessit.
2201 2229 2374 2299 Post
2429 2248 2634 2318 quem
2689 2226 3077 2299 discessum
3144 2226 3520 2299 Elisabeth
3580 2224 3852 2317 Regina
3900 2222 3957 2292 in

869 2348 1167 2438 priorem
1225 2349 1482 2420 fastum
1539 2354 1798 2436 erecta,
1857 2346 2128 2419 nuntiis
2186 2348 2402 2439 regiis
2442 2346 2873 2419 notabilibus
2913 2347 3295 2419 baronibus
3333 2346 3706 2438 Hungaris
3742 2352 3813 2416 et
3846 2344 3957 2413 Po-

872 2469 1052 2540 lonis
1106 2490 1228 2560 pro
1285 2489 1452 2559 pace
1507 2468 1870 2541 tractanda
1924 2468 1998 2539 in
2054 2468 2435 2540 Posonium
2492 2468 2695 2539 iuxta
2750 2467 3175 2539 oblationem
3232 2469 3491 2539 factam
3540 2462 3955 2538 advenienti-

870 2589 1000 2660 bus
1055 2590 1228 2659 dura
1283 2586 1475 2661 dedit
1528 2609 1898 2679 responsa,
1958 2608 2082 2660 nec
2138 2587 2224 2659 ad
2281 2588 2587 2678 aliquam
2644 2586 2879 2678 potuit
2927 2587 3193 2659 molliri
3247 2608 3490 2677 pacem
3562 2590 3693 2657 aut
3746 2582 3955 2674 aequi·

869 2713 1086 2781 tatem
1128 2710 1206 2797 ¹),
1269 2730 1617 2781 asserens:
1687 2728 1829 2781 rem
1899 2707 2405 2798 impossibilem
2474 2729 2662 2794 esse,
2716 2708 2802 2778 ad
2858 2728 3009 2780 eam
3076 2730 3150 2778 se
3216 2706 3645 2779 dementiam
3712 2702 3955 2785 deduci,

869 2850 1006 2919 qua
1073 2830 1233 2919 plus
1299 2834 1662 2901 notaretur
1725 2827 2118 2900 Wladislao
2186 2828 2364 2921 Regi
2429 2828 2762 2900 Poloniae
2819 2827 2903 2899 de
2958 2828 3202 2918 Regno
3270 2826 3717 2919 Hungariae,
3774 2843 3955 2915 quam

871 2948 1015 3019 filio
1073 2949 1351 3039 proprio
1412 2950 1644 3020 favere
1699 2949 1907 3021 velle.

2059 3302 2275 3373 Pestis
2316 3303 2386 3373 111
2432 3302 2777 3392 nungaria.

1081 3550 1446 3623 Finitimis
1503 3548 1756 3621 castris
1814 3549 2231 3641 conquisitis
2297 3555 2367 3621 et
2422 3550 2505 3621 de
2553 3570 2762 3621 manu
2819 3549 3262 3621 Australium
3296 3547 3357 3638 ²)
3414 3548 3715 3639 ereptiS,
3773 3552 3955 3637 atque

867 3672 954 3743 ad
1020 3672 1249 3763 Regni
1313 3671 1720 3763 Hungariae
1777 3670 2255 3742 obedientiam
2322 3670 2728 3742 huiusmodi
2794 3671 2981 3743 bello
3045 3670 3353 3743 reductis
3383 3666 3468 3757 3),
3537 3667 3955 3741 wladislaus

869 3793 1022 3863 Rex
1093 3792 1360 3862 Rudam
1427 3812 1784 3877 reversuS,
1845 3810 2044 3863 omne
2109 3794 2385 3880 tempus
2452 3790 2743 3863 aestatis
2814 3790 2966 3861 illic
3033 3796 3140 3862 est
3204 3796 3709 3877 commoratuS,
3776 3805 3954 3875 saepe

868 3927 1101 3982 tamen
1157 3910 1242 3982 ad
1299 3912 1606 3982 insulam
1664 3910 1941 4000 Ozepel,
2013 3911 2125 3982 vel
2183 3910 2578 3982 venationis
2635 3914 2705 3981 et
2762 3910 3024 4001 quietis
3078 3910 3339 4003 gratia,
3398 3909 3511 3981 vel
3568 3914 3653 3980 ut
3708 3914 3951 3999 pestem

871 4031 1242 4123 epidimiae
1295 4030 1662 4122 effugeret,
1730 4029 2213 4102 descendebat.
2285 4030 2455 4120 Ipsa
2510 4029 2693 4101 enim
2748 4030 2971 4120 pestis
3040 4027 3495 4121 singulariter
3551 4032 3723 4100 tunc
3778 4028 3951 4098 Hun-

871 4149 1106 4240 g‘ariae
1172 4150 1531 4241 Regnum,
1599 4150 1748 4222 sive
1815 4170 1900 4221 ex
1957 4150 2491 4221 constellatione
2557 4148 2877 4237 coelesti,
2948 4150 3097 4222 sive
3163 4149 3375 4221 etiam
3405 4149 3469 4237 4)
3536 4146 3953 4238 corruptione

873 4269 1084 4357 aeriS,
1146 4273 1603 4359 occupaverat
1667 4276 1734 4341 et
1790 4270 2167 4343 crudeliter
2224 4271 2295 4341 in
2344 4277 2627 4342 cunctos
2684 4270 2913 4361 Regni
2966 4269 3165 4341 1111118
3223 4268 3657 4341 habitatores
3706 4265 3950 4339 saevie-

871 4388 1015 4460 bat.
1072 4388 1286 4459 Multi
1341 4388 1538 4459 illius
1597 4390 1928 4481 voragine
1984 4389 2461 4463 adolescentes
2528 4390 2814 4483 ingenui
2874 4411 2960 4461 ex
3016 4390 3257 4481 Regno
3323 4387 3691 4475 Poloniae,
3750 4388 3951 4458 aetate

873 4508 1193 4596 florente,
1252 4509 1462 4579 multi
1519 4508 1683 4596 viri,
1742 4510 1950 4581 multi
2006 4532 2207 4582 senes
2265 4516 2435 4601 (non
2490 4511 2673 4583 enim
2713 4510 2928 4582 alicui
2966 4510 3319 4582 deferebat
3354 4508 3604 4596 aetati)
3663 4501 3949 4604 absumti

875 4634 1063 4700 sunt.
1123 4630 1278 4701 Rex
1335 4628 1486 4719 ipse
1541 4632 1738 4698 tanto
1796 4629 2024 4701 animo
2091 4629 2241 4701 eius
2298 4631 2786 4702 contemnebat
2852 4629 3222 4720 impetum,
3290 4634 3371 4699 ut
3424 4648 3551 4699 nec
3616 4626 3949 4699 hominum

877 4754 1114 4820 coetus
1173 4753 1240 4821 et
1299 4747 1896 4820 conversationem
1953 4750 2257 4840 fugeret,
2314 4771 2538 4839 neque
2593 4750 2666 4821 in
2714 4749 2887 4821 locis
2927 4748 3301 4821 abstractis
3341 4747 3463 4819 sed
3500 4745 3837 4838 publiciS,
3888 4742 3949 4813 in

875 4870 1030 4959 ipsa
1088 4867 1498 4958 praesertim
1555 4865 1867 4938 Budensi
1923 4866 2244 4959 civitate,
2302 4868 2375 4938 111
2432 4890 2569 4959 qua
2621 4869 2845 4959 pestis
2885 4869 3041 4960 ipsa
3077 4869 3380 4959 amplius
3420 4867 3771 4958 serpebat,
3826 4882 3945 4935 mo-

875 4993 1177 5059 raretur:
1237 4987 1419 5059 unde
1475 4990 1545 5058 et
1600 4987 1674 5057 in
1713 4964 2020 5058 thalamo
2061 4986 2170 5059 sui
2210 4987 2465 5059 cubilis
2502 4988 2775 5079 plures,
2816 4989 3271 5061 illucescente
3306 4987 3453 5077 die,
3496 4987 3583 5059 de
3620 4990 3811 5078 peste
3845 5002 3944 5055 ex-

1390 5166 1573 5172 —.—.----.
1591 5166 1637 5172 .-
1656 5166 1701 5173 --

1096 5258 1142 5335 ¹)
1189 5266 1290 5317 ant
1335 5266 1696 5320 constantem
1746 5256 1898 5329 Cocl.
1947 5258 2162 5332 Przez.
2216 5257 2269 5341 ²)
2316 5261 2755 5321 Aristriacorum
2806 5256 2958 5325 C'od.
3006 5259 3139 5325 Life.
3190 5260 3244 5342 ³)
3292 5260 3549 5322 redactis
3600 5256 3745 5323 Coa.
3794 5253 3946 5329 Kost,

886 5358 940 5436 ⁴)
987 5360 1110 5417 sive
1157 5378 1226 5419 ex
1279 5355 1430 5421 Cod.
1475 5358 1650 5423 Kost.
