4342 6384
890 627 1041 698 446
2081 647 2309 702 Lmnn
2360 649 2817 702 [monemus.
3442 624 3573 726 (Α.
3613 626 3707 702 D.
3744 625 3967 725 1431.)

892 833 1116 921 denti,
1183 832 1374 906 fideli
1445 838 1514 906 et
1586 831 1887 925 integre,
1955 834 2193 926 reique
2256 834 2579 926 publicae
2643 834 2947 908 maximo
3013 833 3335 923 zelatori,
3402 833 3683 908 interim
3752 833 3969 908 consi-

889 957 1176 1045 gnatum
1215 953 1290 1042 ¹),
1349 953 1570 1027 nobili
1625 955 1710 1028 de
1764 955 2148 1028 Taurorum
2202 955 2427 1028 domo.

887 1306 1279 1378 wladislaus
1323 1308 1462 1379 Rex
1507 1307 1806 1398 oppidum
1849 1307 2279 1398 merlinsen
2326 1308 2504 1399 capit
2550 1313 2622 1382 et
2664 1309 2818 1380 nuci
2863 1309 3307 1382 redusohRoni
3352 1307 3726 1398 nepotiano
3756 1307 3974 1380 donat.

1100 1555 1308 1629 Feria
1379 1554 1682 1627 secunda
1727 1554 1800 1626 in
1849 1554 1959 1628 die
2024 1555 2267 1629 Sancti
2329 1556 2793 1646 Apollinari3‚
2862 1577 2951 1628 ex
3014 1554 3356 1647 Usczilug
3418 1555 3629 1628 motis
3704 1554 3976 1642 castriS‚

892 1676 1330 1750 Wladislaus
1383 1676 1538 1747 Rex
1594 1679 1664 1747 et
1719 1674 2071 1746 exercitus
2127 1696 2299 1748 suus
2356 1675 2730 1748 transitum
2783 1697 2909 1766 per
2964 1674 3294 1767 oppidum
3352 1674 3825 1766 Wladimyerz
3880 1677 3975 1746 fa-

893 1796 1114 1884 cienS,
1170 1799 1400 1868 castra
1445 1816 1572 1866 sua
1608 1794 1912 1868 medium
1967 1794 2270 1868 milliare
2323 1800 2485 1886 post
2538 1795 2869 1886 oppidum
2926 1794 3429 1886 Wladimyerz,
3488 1815 3701 1886 prope
3736 1794 3981 1866 villam

894 1917 1147 1988 Zemno
1178 1913 1240 2004 2)
1296 1915 1634 2007 Msczugii
1691 1914 1774 1988 de
1821 1914 2107 2003 Skrzin,
2165 1916 2382 2003 locat,
2441 1915 2807 2007 tribusque
2846 1915 3093 1988 diebus
3132 1914 3395 1987 stativa
3432 1914 3583 1988 illic
3619 1913 3863 1987 habita
3894 1912 3979 2002 ²),

894 2036 1025 2108 sub
1091 2035 1346 2126 quibus
1409 2037 1556 2106 tres
1619 2034 1895 2107 insulae
1956 2056 2215 2126 parvae
2270 2041 2339 2108 et
2393 2056 2533 2108 una
2597 2035 2812 2124 silva,
2882 2035 3153 2128 stagnis
3207 2040 3279 2107 et
3329 2035 3623 2106 lacubus
3690 2033 3979 2106 circum-

897 2160 1167 2246 septae,
1224 2155 1582 2228 difficilem
1620 2155 1957 2227 habentes
1995 2159 2064 2228 et
2101 2155 2573 2246 periculosum
2612 2155 2912 2243 aditum,
2962 2177 3086 2247 per
3123 2154 3511 2228 exercitum
3548 2154 3765 2246 Regis
3804 2174 3979 2226 com-

897 2276 1281 2365 prehensae
1337 2279 1535 2361 sunt,
1593 2274 2002 2350 defendente
2055 2274 2221 2346 illas
2277 2275 2733 2348 multitudine
2788 2276 3307 2363 Ruthenorum,
3366 2274 3488 2366 qui
3536 2295 3645 2360 se,
3700 2294 3979 2360 uxorae,

895 2393 1218 2486 pignora,
1273 2415 1522 2485 pecora
1573 2398 1644 2466 et
1701 2394 2012 2467 fortunas
2069 2416 2267 2483 suaS,
2324 2396 2523 2470 velut
2558 2395 2631 2467 in
2673 2399 2824 2466 tuto
2881 2395 3033 2467 illic
3086 2396 3510 2467 locaverant.
3567 2393 3841 2466 Praeda
3877 2393 3981 2464 in·

826 2511 833 2516 ’
895 2534 1068 2607 gens
1138 2519 1412 2605 reperta
1475 2514 1548 2586 in
1605 2514 1987 2587 exercitum
2043 2514 2261 2608 Regis
2291 2514 2353 2603 ⁴)
2418 2513 2680 2606 partita
2733 2509 2871 2602 est,
2933 2513 3262 2605 oppidum
3318 2513 3793 2604 Wladimyerz
3830 2533 3986 2584 cum

894 2633 1220 2726 pluribus
1283 2634 1515 2723 villis,
1581 2636 1774 2726 Rege
1837 2634 2340 2726 necquicquam
2407 2634 2851 2726 prohibente,
2920 2639 3269 2708 exustum.
3336 2633 3544 2707 Feria
3610 2638 3860 2725 quarta
3915 2631 3989 2703 in

898 2753 1010 2828 die
1065 2753 1306 2827 Sancti
1356 2754 1595 2828 Iacobi
1650 2754 2010 2846 Apostoli,
2067 2761 2323 2828 ventus
2378 2755 2690 2844 validae,
2746 2755 3114 2848 grandine,
3172 2753 3649 2828 coruscatione
3718 2759 3791 2826 et
3848 2752 3984 2823 ful·

897 2894 1094 2967 gore,
1150 2873 1532 2966 pluviaque
1586 2874 1889 2962 minue,
1946 2875 2218 2947 duabus
2276 2879 2346 2947 et
2402 2875 2704 2968 amplius
2741 2875 2933 2946 horis
2972 2874 3355 2948 exercitum
3394 2873 3745 2960 turbavit,
3785 2873 3992 2965 plura

901 2993 1202 3067 tentoria
1256 2998 1378 3066 aut
1431 2993 1795 3082 deiiciens,
1853 2998 1976 3066 aut
2029 2993 2505 3087 confringens:
2564 2995 2685 3071 sed
2739 2999 2810 3068 et
2862 2994 3078 3086 Regis
3144 2994 3483 3086 capellam
3516 2993 3603 3083 5),
3657 2993 3815 3084 ipso
3870 2994 3987 3064 ad-

901 3116 1042 3186 huc
1097 3112 1528 3187 orationibus
1581 3117 1905 3200 vacante,
1962 3113 2034 3187 vi
2074 3114 2516 3206 tempestatis
2546 3115 2611 3204 θ)
2668 3113 2916 3187 allisit.
2974 3115 3141 3188 Tres
3175 3113 3233 3203 ⁷)
3289 3113 3605 3186 homines
3645 3112 3718 3185 in
3757 3118 3985 3186 tento-

903 3233 1032 3306 riis
1087 3232 1380 3305 fulmine
1433 3233 1732 3306 extincti
1759 3232 1847 3322 8),
1902 3233 2148 3324 pluvia
2202 3233 2475 3326 ingenti
2525 3255 2750 3328 usque
2805 3234 2893 3306 ad
2945 3237 3219 3306 noctem
3266 3233 3583 3306 durante.
3642 3231 3993 3324 Oppidum

905 3352 1374 3445 Wladimyerz
1429 3373 1583 3426 cum
1641 3374 1766 3426 sno
1821 3351 2150 3426 districtu
2205 3353 2643 3426 Wladislaus
2680 3355 2835 3428 Rex
2872 3353 3051 3426 Duci
3086 3353 3578 3426 Feduschkoni
3606 3353 3695 3441 ⁹),
3752 3353 3993 3444 nepoti

905 3474 1183 3566 quidem
1239 3494 1364 3546 suo
1415 3494 1776 3566 germano,
1834 3473 1955 3546 sed
2011 3473 2456 3546 schismatico
2492 3474 2673 3546 ritus
2714 3473 3230 3562 Ruthenorum‚
3287 3473 3500 3545 donat
3537 3479 3607 3546 et
3644 3472 3993 3545 inscribit.

1521 3827 1740 3901 Nuntii
1785 3827 1975 3898 Ducis
2020 3827 2494 3916 Switrigalonis
2539 3843 2761 3916 pacem
2807 3827 3078 3916 superbe
3124 3828 3381 3916 petunt.

1119 4074 1326 4148 Feria
1381 4081 1582 4148 sexta
1633 4079 1792 4165 post
1849 4077 2104 4147 festum
2161 4073 2404 4147 Sancti
2457 4074 2695 4148 Iacobi
2750 4072 3108 4166 Apostoli,
3165 4071 3373 4144 motis
3428 4071 3681 4143 castris
3736 4095 3779 4144 a
3826 4073 4001 4144 villa

913 4195 1168 4267 Zemno
1207 4195 1320 4284 ¹⁰),
1377 4194 1812 4267 Wladislaus
1851 4195 2006 4268 Rex
2044 4193 2117 4266 in
2153 4193 2367 4266 villas
2414 4194 2885 4266 Brzozowicze
2924 4193 3036 4282 ¹¹),
3094 4191 3573 4265 Iakubowicze
3612 4191 3701 4278 ¹²)
3758 4199 3831 4264 et
3868 4191 4003 4264 Mi-

912 4313 1292 4387 kulowicze
1327 4312 1416 4403 ¹³)
1471 4313 1664 4385 venit
1719 4319 1788 4386 et
1843 4320 2071 4387 castra
2125 4313 2277 4386 illic
2330 4314 2591 4405 posuit.
2650 4315 3115 4404 Defectusque
3170 4333 3389 4403 aquae
3446 4312 3747 4404 angebat
3800 4333 4003 4384 exer-

913 4437 1162 4523 citum,
1221 4456 1378 4506 cum
1433 4454 1614 4526 aqua
1665 4435 1946 4508 nonnisi
2001 4455 2329 4522 coenosa,
2386 4435 2725 4526 profunde
2781 4419 3131 4528 quaesita,
3189 4436 3427 4523 posset
3478 4431 3795 4522 reperiri.
3856 4432 4005 4502 Ex-

913 4556 1074 4630 inde
1131 4555 1436 4628 Sabbato
1491 4553 1563 4625 in
1617 4553 1728 4628 die
1785 4555 2024 4629 Sancti
2078 4555 2534 4628 Pantaleonis
2590 4574 3046 4647 consurgem,
3105 4557 3335 4624 castra
3390 4551 3463 4622 in
3509 4551 3819 4622 amoenis
3860 4553 4007 4623 col-

911 4678 1134 4764 libus,
1203 4674 1594 4766 quercubus
1659 4674 1942 4762 obsitiS,
2007 4696 2220 4766 prope
2283 4673 2495 4746 villas
2562 4674 2859 4748 Skorcze
2922 4679 2992 4746 et
3054 4670 3507 4762 Biskupicze‚
3572 4669 3865 4743 Cristini
3918 4671 4011 4742 de

913 4798 1182 4871 Ostrow
1238 4793 1608 4870 castellani
1651 4794 2170 4881 -GracoviensiS,
2228 4796 2436 4867 locat.
2494 4795 2609 4866 Ibi
2663 4815 2913 4888 magna
2958 4812 3119 4884 pars
3161 4791 3513 4864 exercitus
3552 4791 4011 4864 Sacramento

1132 5019 1179 5097 ¹)
1225 5019 1630 5096 consignatum
1685 5020 1796 5080 fuit
1858 5014 2008 5080 0οᾶ.
2052 5015 2245 5079 Rozr.
2309 5015 2363 5094 ⁹)
2408 5018 2645 5093 Syenno
2694 5010 2847 5078 Cod.
2902 5012 3093 5075 Romu
3140 5012 3372 5092 (Zimno
3415 5008 3653 5087 hodie).
3703 5010 3755 5090 ³)
3800 5012 4015 5072 habita

917 5129 1054 5184 sunt
1100 5117 1251 5184 Cod.
1299 5121 1496 5184 Rozr.
1548 5119 1600 5198 4)
1649 5123 1874 5200 regium
1919 5117 2045 5181 Ed.
2097 5117 2274 5200 Lips.
2324 5117 2376 5197 ⁵)
2422 5120 2703 5179 sacellum
2753 5111 2905 5179 Ood.
2940 5113 3129 5177 Rozr.
3179 5111 3231 5194 ⁶)
3265 5121 3587 5192 tempestas
3622 5110 3772 5176 Cod.
3817 5112 4009 5174 Rozr.

921 5224 972 5304 ⁷)
1020 5231 1080 5287 et
1121 5231 1242 5286 tres
1292 5220 1444 5286 Cod.
1495 5222 1686 5285 Rozr.
1735 5223 1788 5304 8)
1835 5224 2075 5284 extincti
2121 5227 2259 5283 sunt
2308 5217 2457 5283 Cod.
2503 5219 2695 5282 Rozr.
2744 5217 2796 5298 ⁹)
2842 5219 3247 5296 Fyeduskonij
3300 5213 3451 5279 Cod.
3496 5213 3674 5279 Calv.
3708 5217 4013 5296 (Theodo-

915 5347 982 5390 ro
1011 5326 1162 5410 filio
1220 5325 1428 5389 Ducis
1485 5323 1876 5409 Koributhi).
1934 5325 2010 5404 ¹⁰)
2057 5327 2259 5386 Zenno
2315 5319 2466 5387 God.
2518 5319 2695 5386 Calv.
2743 5323 2981 5400 Syenno
3046 5316 3197 5384 Cod.
3249 5318 3437 5382 Rozr.
3496 5318 3571 5396 ¹¹)
3604 5321 4013 5380 Brzeschowi-

918 5449 1020 5494 cze
1078 5427 1205 5492 Ed.
1267 5427 1446 5513 Lips.
1507 5431 1934 5508 (Berezowicze
1993 5424 2232 5505 hodic).
2308 5425 2383 5507 ¹⁹)
2444 5428 2873 5503 Iakubowycze
2937 5419 3088 5487 God.
3146 5420 3321 5486 Calv.
3369 5423 3723 5502 (Iakowieze
3768 5419 4015 5504 hodie).

930 5534 998 5616 ¹³)
1043 5535 1436 5610 Miknlowyce
1483 5528 1635 5595 Cod.
1681 5531 1874 5595 Rozr.
1920 5533 2259 5610 (Mikulicze
2302 5529 2540 5614 hodie).
