4342 6384
973 640 1118 712 722
2115 666 2340 718 mna-u
2391 664 2903 720 Duonncnms.
3490 647 3622 747 (Α.
3661 648 3756 722 D.
3799 648 4070 748 1444.)

963 847 1184 919 dendo
1242 848 1513 938 ordine,
1571 849 1916 922 vexillum
1970 850 2250 944 nigrum
2307 852 2832 944 Hungarorum,
2888 857 3051 945 post
3101 854 3234 926 hoc
3287 855 3629 928 vexillum
3687 856 4064 947 Agriensis

964 968 1273 1059 episcopi
1330 967 1635 1040 Simonis
1690 970 1774 1041 de
1812 970 2132 1062 Rozgon,
2188 977 2352 1062 post
2408 972 2591 1062 quod
2647 979 2716 1045 et
2769 980 3014 1064 gentes
3071 974 3466 1046 Mathkonis
3521 975 3606 1047 de
3658 976 3976 1048 Thalocz
4013 978 4065 1063 ¹)

962 1088 1143 1159 Bani
1198 1088 1570 1161 Slavoniae
1626 1090 1754 1161 sub
1809 1089 2168 1163 Francone
2225 1092 2419 1163 Bano
2473 1113 2798 1184 germano
2855 1114 3012 1179 suo,
3081 1093 3241 1165 inde
3295 1094 3636 1167 vexillum
3692 1096 4058 1168 Ecclesiae

964 1208 1093 1280 sub
1147 1207 1427 1279 Iuliano
1483 1208 1777 1300 Legat0,
1838 1214 1908 1282 et
1960 1211 2211 1283 ultimo
2266 1213 2417 1283 loco
2474 1212 2546 1284 in
2583 1214 2720 1285 fine
2775 1234 2991 1285 cornu
3047 1213 3310 1301 dextri,
3366 1234 3610 1286 versus
3664 1214 4058 1299 desertum,

963 1326 1309 1399 vexillum
1368 1327 1609 1400 Sancti
1663 1329 1976 1402 Ladislai
2045 1332 2175 1404 sub
2231 1332 2541 1404 Iohanne
2605 1333 2690 1405 de
2745 1332 2918 1405 Arbi
2981 1334 3306 1423 praesule
3335 1331 3396 1423 2)
3470 1334 3928 1407 Waradiensi
3979 1334 4062 1405 ad

963 1446 1098 1517 duo
1157 1448 1294 1519 fere
1355 1448 1583 1520 millia
1636 1468 2001 1539 passuum:
2079 1452 2314 1523 eodem
2373 1452 2611 1524 ordine
2667 1452 2952 1524 Teucris
3009 1452 3279 1524 obviam
3336 1453 3502 1539 itur,
3571 1454 3906 1525 curribus
3959 1476 4056 1525 re-

962 1567 1100 1659 giis
1156 1567 1348 1659 ipsas
1404 1568 1587 1641 acies
1644 1574 1712 1640 et
1766 1569 2035 1643 vexilla
2090 1572 2711 1663 subsequentibus,
2771 1573 3254 1664 adventusque
3306 1574 3724 1646 Teucrorum
3783 1574 3858 1645 in
3919 1575 4060 1646 loeo

965 1688 1117 1778 ipso
1172 1687 1399 1760 tribus
1458 1690 1600 1759 fere
1664 1690 1855 1761 horis
1920 1695 2358 1782 expectatus.
2443 1692 2535 1763 Et
2590 1714 3008 1784 quamquam
3063 1714 3182 1765 aer
3245 1700 3394 1765 erat
3449 1693 3950 1766 serenissimus
3977 1692 4058 1781 ³),

966 1828 1291 1899 mareque
1346 1810 1841 1900 tranquillum,
1900 1814 2099 1883 tanta
2136 1815 2370 1883 tamen
2409 1812 2604 1884 venti
2659 1818 3041 1903 tempestas
3099 1820 3168 1885 et
3221 1815 3526 1904 procella
3578 1813 3664 1884 ab
3704 1813 4058 1885 occidente

966 1927 1253 2000 suborta
1306 1933 1443 2015 est,
1512 1932 1591 2001 ut
1647 1929 1878 2001 omnia
1943 1932 2082 2002 fere
2148 1931 2350 2023 signa
2410 1932 2636 2023 regia,
2705 1934 2968 2005 vexillo
3035 1932 3380 2004 duntaxat
3447 1933 3687 2005 Sancti
3746 1932 4054 2024 Georgii,

965 2047 1151 2137 quod
1209 2049 1337 2120 sub
1394 2069 1561 2121 cura
1616 2049 1835 2121 solius
1891 2050 2107 2142 Regis
2164 2056 2344 2139 erat,
2403 2058 2721 2144 excepto,
2779 2048 2863 2124 ad
2921 2054 3160 2124 hastas
3215 2072 3437 2144 usque
3489 2054 3848 2124 confracta
3903 2060 4060 2123 sunt

966 2172 1036 2239 et
1088 2168 1423 2256 lacerata,
1480 2173 1561 2240 ut
1614 2190 1751 2240 non
1810 2169 2059 2260 Superi
2116 2173 2621 2260 tantummodo,
2679 2173 2801 2243 sed
2857 2177 2925 2243 et
2981 2174 3326 2244 elementa
3378 2172 3781 2245 barbaricae
3838 2172 4052 2243 victo-

964 2288 1111 2359 riae
1165 2287 1673 2363 adniterentur.

1053 2648 1331 2740 Hungari
1376 2650 1567 2723 dubio
1612 2652 1857 2740 proelio
1904 2669 2046 2724 cum
2090 2653 2308 2723 Turcis
2354 2654 2523 2744 apud
2568 2653 2868 2724 vatnam
2914 2654 3163 2725 diutius
3207 2653 3632 2743 confligentes
3650 2708 3668 2738 ,
3714 2654 3986 2724 tando-

2042 2773 2413 2860 vincnntur,
2469 2773 2992 2863 dilabunturqn.

1173 3008 1453 3082 Interea
1518 3011 1766 3083 Teucri
1796 3012 1859 3100 ⁴)
1933 3032 2181 3103 magno
2258 3011 2530 3099 ordine,
2608 3011 3016 3103 magnisque
3091 3011 3312 3102 copiis
3384 3031 3520 3081 non
3593 3030 3718 3100 per
3789 3016 4059 3100 apertos

970 3150 1248 3219 campos
1306 3136 1375 3201 et
1430 3131 1721 3218 vallem,
1789 3131 1907 3203 sed
1962 3152 2088 3222 per
2140 3132 2386 3203 rubeta
2441 3134 2510 3203 et
2565 3132 2816 3217 colles,
2886 3152 3058 3222 quos
3115 3123 3460 3218 diximuS,
3529 3150 3778 3201 versus
3833 3130 4056 3201 deser·

970 3254 1152 3338 tum,
1211 3250 1693 3341 exploratione
1757 3256 1827 3322 et
1882 3251 2273 3323 calliditate
2327 3250 2474 3338 usi,
2540 3250 3024 3341 paulatimque
3088 3250 3174 3321 ad
3230 3250 3612 3323 exercitum
3678 3249 3895 3341 Regis
3953 3270 4052 3320 ac-

971 3369 1324 3455 cedentes,
1382 3369 1653 3459 pedites
1712 3390 1875 3441 suos
1931 3369 2370 3461 sagittarios,
2440 3391 2612 3460 quos
2668 3370 3016 3442 Ianitores
3072 3390 3195 3441 seu
3250 3371 3616 3442 Ianczaros
3681 3370 4052 3460 appellant,

970 3488 1601 3579 praestolabantur,
1660 3489 1907 3561 deinde
1946 3490 2270 3561 dextrum
2307 3510 2521 3562 cornu
2551 3488 2611 3577 5)
2669 3490 3022 3561 exercitus
3057 3490 3266 3584 regii,
3323 3490 3435 3562 cui
3492 3490 3881 3581 praefectus
3917 3496 4056 3560 erat

972 3608 1456 3681 Waradiensis
1524 3609 1925 3701 episcopus,
2001 3609 2170 3681 licet
2235 3609 2452 3681 debili
2516 3609 2815 3701 impetu,
2883 3610 3197 3702 aggressi
3263 3614 3457 3681 sunt:
3533 3609 3769 3701 ibique
3831 3629 4056 3700 pugna

976 3728 1431 3821 primordium
1486 3728 1737 3820 coepit.
1796 3718 1935 3800 Sed
1971 3729 2206 3801 nescio
2263 3751 2400 3821 qua
2435 3730 2874 3820 planetarum
2905 3730 2970 3818 6)
3029 3729 3474 3802 inclementia
3511 3733 3680 3801 tunc
3732 3728 4052 3809 evenerit,

972 3849 1157 3940 quod
1212 3848 1533 3940 Hungari
1585 3849 1967 3939 primarum
2022 3849 2326 3922 acierum
2381 3853 2449 3921 et
2487 3853 2787 3941 quatuor
2823 3850 3280 3937 vexillorum,
3337 3848 3816 3921 Waradiensis
3867 3848 4050 3919 vide-

970 3970 1141 4042 licet
1196 3968 1535 4059 episcopi,
1595 3968 1861 4040 Iuliani
1915 3961 2196 4060 Legati,
2255 3968 2638 4040 Franconis
2693 3969 2903 4057 Bani,
2964 3974 3034 4041 et
3086 3970 3433 4060 praesulis
3472 3968 3858 4060 AgriensiS,
3911 3968 4045 4057 pri·

974 4110 1163 4160 mum
1235 4088 1653 4161 Teucrorum
1727 4086 2066 4179 impetum
2138 4109 2278 4159 non
2345 4088 2859 4176 sustinuerant,
2938 4089 3057 4161 sed
3119 4088 3364 4179 paucis
3436 4088 3682 4160 occisis
3753 4086 4048 4171 Teucria,

975 4208 1215 4280 statim
1272 4228 1517 4280 versus
1576 4207 1946 4280 Galatham
2001 4208 2187 4280 inter
2243 4208 2509 4295 sinum,
2569 4228 2773 4298 quem
2829 4206 3164 4294 diximus,
3224 4207 3436 4280 maris
3491 4210 3561 4279 et
3597 4207 3780 4278 inter
3829 4207 4048 4277 lacum

974 4332 1043 4400 et
1074 4331 1368 4400 'montes
1423 4347 1668 4399 versus
1724 4327 2136 4399 Romaniam
2193 4328 2684 4417 confugerunt,
2743 4347 2916 4418 quos
2973 4330 3044 4398 et
3081 4327 3328 4399 Teucri
3359 4327 3420 4415 ⁷)
3475 4326 3614 4417 ipsi
3659 4324 3910 4397 acriter
3963 4325 4046 4395 fe-

974 4448 1235 4521 rientes
1291 4446 1515 4518 hastis
1582 4450 1653 4518 et
1708 4446 2021 4533 frameiS,
2090 4446 2180 4517 ad
2234 4446 2370 4517 duo
2426 4445 2790 4533 milliaria,
2859 4446 3093 4519 decem
3149 4446 3477 4518 videlicet
3538 4445 3852 4516 millibus
3903 4464 4045 4535 pas·

976 4588 1214 4655 suum,
1270 4587 1394 4658 per
1448 4566 1759 4638 excelsos
1816 4571 2086 4637 montes
2144 4570 2214 4637 et
2251 4564 2670 4637 densissima
2725 4565 2936 4637 etiam
2983 4584 3266 4637 nemora
3320 4564 3620 4637 insecuti
3657 4568 3842 4636 sunt.
3897 4562 4045 4634 Wa-

977 4687 1164 4759 lachi
1216 4686 1370 4778 pari
1428 4686 1745 4776 exemplo
1800 4684 1966 4757 hinc
2031 4685 2192 4757 inde
2249 4684 2548 4775 dispersi
2613 4684 2898 4757 Teucris
2944 4683 3229 4757 minime
3281 4686 3715 4757 restiterunt.
3771 4680 4048 4755 Restitit

977 4812 1209 4879 autem
1274 4826 1361 4878 ex
1419 4810 1721 4896 quatuor
1782 4804 2072 4877 vexillis
2146 4804 2491 4877 vexillum
2559 4804 2800 4876 Sancti
2854 4804 3171 4877 Ladislai
3233 4808 3500 4877 rectum
3564 4808 3632 4876 et
3693 4802 4044 4894 integrum,

980 4925 1301 5017 quamvis
1359 4927 1499 4997 fere
1566 4945 1804 4996 omnes
1869 4924 2131 4998 milites
2199 4925 2350 4996 eius
2413 4923 2952 5016 profugissent,
3003 4925 3088 4996 ad
3145 4925 3328 5016 quod
3380 4923 3890 4998 ‘defendendum
3941 4920 4044 4992 Iu-

976 5046 1209 5118 lianus
1265 5046 1575 5137 Legatus
1640 5048 1710 5117 et
1764 5045 2033 5116 Franco
2103 5046 2341 5117 Banus
2409 5048 2858 5117 accurrerunt
2921 5064 3080 5116 cum
3135 5043 3490 5135 equitibus
3547 5044 3670 5115 vix
3723 5038 4044 5115 ducentis.

1193 5334 1237 5415 ¹)
1286 5337 1539 5397 Palencz
1602 5322 1755 5397 Codss
1810 5330 1987 5395 Kost.
2054 5335 2315 5394 Talancz
2384 5328 2537 5395 cod.
2598 5331 2815 5396 Przez,
2865 5332 2918 5412 ²)
2963 5332 3247 5395 Praeside
3307 5328 3430 5393 Ed.
3479 5329 3658 5415 Lipe.
3722 5330 3771 5410 ³)
3827 5346 4046 5391 serenus

982 5433 1133 5500 Cod.
1167 5436 1343 5499 Kost.
1394 5435 1446 5517 ⁴)
1494 5440 1675 5499 Tul-ci
1726 5433 1877 5500 Cod.
1932 5434 2060 5498 Lis.
2128 5434 2180 5516 ⁶)
2230 5455 2429 5498 eorum
2479 5432 2628 5499 Cod.
2677 5432 2854 5497 Kost.
2928 5434 2983 5515 θ)
3031 5437 3281 5496 fatorum
3345 5430 3499 5497 cod.
3545 5433 3721 5497 Kost.
3795 5432 3844 5511 ⁷)
3889 5430 4050 5491 'rurei

986 5536 1136 5609 Cod.
1185 5538 1315 5601 Lis.
