4342 6384
851 587 1002 659 236
2046 603 2275 656 mmm
2328 577 2785 655 Unnncmns.
3408 571 3540 675 (Α.
3578 573 3672 650 D.
3712 571 3939 672 1419.)

848 812 974 885 per
1035 789 1245 864 solita
1307 791 1462 862 loca
1523 787 1977 862 Lithuaniam
2041 786 2417 879 processit,
2484 787 3031 878 perfunctusqne
3095 785 3247 859 illic
3312 781 3763 858 venationum
3816 803 3929 854 ro-

850 913 1155 1005 luptate,
1216 910 1285 984 N
1289 911 1476 984 atale
1531 908 1926 989 Salvatoris
1979 907 2168 1000 apud
2223 907 2487 980 Merecz
2526 907 2581 995 ¹)
2636 904 3039 980 celebravit.

1429 1265 1686 1337 scelera
1730 1264 1914 1338 varia
1957 1263 2497 1354 Viclephistarum
2538 1261 2709 1334 Duco
2752 1261 3036 1334 Iohanne
3081 1259 3373 1333 ziaohka.

1057 1514 1405 1587 Tardante
1471 1511 1921 1604 sigismundo
1985 1511 2454 1585 Romanorum
2521 1515 2591 1584 et
2644 1507 3051 1602 Hungariae
3114 1508 3307 1601 Rege
3370 1506 3939 1600 Viclephisticam

848 1634 1195 1709 haeresim
1250 1634 1326 1706 in
1380 1631 1758 1706 Bohemiae
1810 1632 2052 1725 Regno
2106 1631 2521 1724 gliscentem
2580 1630 3000 1723 opprimere,
3066 1633 3352 1721 repente
3414 1628 3599 1703 vires
3654 1629 3937 1721 conqui-

849 1778 1044 1845 rens,
1111 1775 1418 1846 eousque
1479 1752 1898 1845 pullulavit,
1964 1750 2478 1845 processitque,
2546 1757 2627 1824 ut
2680 1755 2949 1825 armata
3002 1771 3211 1824 manu
3265 1750 3341 1823 in
3394 1751 3597 1824 fidem
3652 1755 3725 1824 et
3776 1752 3936 1826 reli-

849 1877 1123 1971 gionem
1180 1875 1638 1948 orthodoxam
1689 1878 2160 1967 grassaretur,
2240 1871 2703 1946 sectatoribus
2755 1871 2980 1964 pestis
3034 1875 3177 1943 tam
3232 1871 3569 1945 nefandae
3622 1871 3936 1965 singulos

849 1998 1093 2070 fideles
1157 1993 1740 2087 compellentibus
1805 1995 1892 2066 ad
1954 1993 2326 2085 utriusque
2398 1991 2655 2086 speciei
2720 1992 3304 2080 communionem,
3380 1997 3941 2084 caeterorumque

850 2135 1291 2192 erroneorum
1347 2114 1801 2188 articulorum
1857 2113 2396 2188 observantiam.
2465 2114 2556 2185 Et
2611 2113 2937 2204 qnoniam
2993 2112 3305 2186 haeresis
3357 2112 3713 2204 praedicta
3767 2117 3936 2186 tem·

850 2237 1200 2330 poralium
1271 2235 1605 2309 bonorum
1677 2234 2190 2327 possessionem
2262 2233 2515 2308 habere
2586 2234 2948 2307 ecclesiam
3023 2233 3395 2306 scelestum
3466 2238 3537 2305 et
3608 2232 3940 2306 illicitum

855 2355 1251 2432 astruebat:
1303 2358 1697 2428 saeculares
1735 2355 2028 2428 Bohemi
2066 2355 2453 2427 doctrinam
2491 2353 2701 2426 huius
2740 2354 3054 2442 articuli,
3112 2352 3475 2426 ambitioni
3510 2373 3743 2426 eorum
3780 2374 3938 2427 con-

849 2482 1215 2572 gruentem
1272 2475 1529 2564 secuti,
1587 2475 1761 2548 duce
1816 2474 2128 2547 Iohanne
2183 2475 2483 2548 Zischka
2510 2472 2573 2564 2)
2630 2475 2715 2548 de
2752 2474 3222 2548 Troschnovia
3256 2473 3555 2565 primum
3592 2479 3937 2548 monaste·

848 2599 1033 2672 rium
1098 2595 1702 2671 Carthusiensium
1734 2593 1796 2684 ³)
1860 2594 1934 2667 in
1998 2597 2259 2688 Praga,
2336 2595 2581 2669 eiectis
2612 2595 2674 2682 ⁴)
2730 2615 2817 2668 ex
2872 2616 2985 2684 e0,
3048 2594 3305 2688 partim
3372 2593 3738 2668 trucidatis
3804 2596 3939 2668 fra·

849 2719 1078 2793 tribus
1153 2715 1803 2805 CarthusiensibuS,
1880 2715 2259 2808 diripiunt,
2335 2715 2700 2789 disiiciunt
2764 2721 2835 2788 et
2888 2736 3123 2788 muros
3186 2714 3337 2788 eius
3401 2715 3549 2786 solo
3612 2719 3939 2807 aequant,

847 2840 1168 2931 bonaque
1221 2835 1636 2929 temporalia
1691 2835 2004 2910 eiusdem
2068 2835 2476 2909 monasterii
2538 2840 2913 2929 occupant3
2978 2834 3475 2909 monasterium
3528 2835 3775 2909 deinde
3830 2835 3939 2910 Gi·

852 2957 1232 3032 sterciense
1286 2957 1552 3030 dictum
1605 2958 1799 3029 Aula
1846 2957 2073 3050 regia,
2132 2979 2271 3029 nno
2328 2956 2624 3030 milliari
2678 2979 2719 3029 a
2772 2957 3001 3050 Praga
3057 2956 3360 3045 distans,
3418 2955 3637 3029 simili
3681 2956 3939 3030 abomi-

851 3079 1135 3151 natione
1191 3077 1266 3150 in
1321 3076 1813 3151 exterminium
1877 3083 2181 3170 ponunt,
2246 3078 2429 3151 bona
2494 3077 2693 3149 illius
2748 3077 3174 3169 diripiendo,
3240 3097 3491 3169 corpus
3545 3078 3943 3152 Wenceslai

850 3199 1070 3292 Regis
1101 3197 1162 3288 ⁵)
1218 3197 1495 3273 noviter
1546 3198 1934 3292 absumpti,
1994 3199 2065 3271 in
2121 3199 2359 3272 eodem
2416 3198 2839 3272 monasterio
2894 3199 3084 3270 Aula
3135 3199 3332 3291 regia
3384 3199 3737 3291 sepultum
3784 3219 3940 3294 ege-

849 3323 1019 3394 runt
1082 3323 1152 3392 et
1206 3318 1282 3390 in
1336 3318 1593 3391 flumen
1655 3319 2061 3408 Molthawa,
2119 3319 2307 3391 vivis
2348 3323 2417 3390 et
2454 3319 2753 3391 mortuis
2791 3319 3147 3392 inferendo
3185 3318 3481 3410 bellum,
3536 3319 3940 3412 proiieinnt.

852 3439 1049 3532 Quod
1101 3439 1411 3532 piscator
1463 3437 1847 3527 offendens,
1907 3440 1979 3512 in
2035 3461 2162 3512 suo
2218 3438 2501 3532 tugurio
2558 3438 2920 3530 sepelivit,
2976 3439 3331 3532 vilemque
3376 3439 3798 3533 egestionem
3836 3439 3941 3512 vi-

854 3559 992 3632 lior
1045 3558 1411 3651 sepultura
1475 3563 1718 3632 secuta
1778 3564 1908 3633 est.
1977 3560 2289 3633 Conrado
2352 3560 2641 3651 insuper
2694 3560 2779 3632 de
2832 3559 3279 3652 Westphalia
3306 3562 3373 3649 ὅ)
3428 3559 3945 3653 archiepiscopo

852 3678 1229 3773 Pragensi,
1288 3677 1566 3750 Albicio
1623 3699 1772 3751 eam
1828 3679 2060 3754 sedem
2115 3679 2776 3772 archiepiscopalem
2810 3680 2870 3770 ⁷)
2924 3680 3308 3769 refutante,
3379 3685 3695 3774 promoto
3749 3687 3817 3755 et
3870 3683 3947 3754 in

857 3800 1242 3891 praefatam
1297 3797 1640 3872 haeresim
1699 3804 2013 3884 metune,
2070 3801 2415 3874 incertum
2479 3807 2619 3890 est,
2693 3823 2782 3873 an
2838 3801 3139 3894 caligine
3194 3806 3265 3874 et
3318 3800 3633 3893 nequitia
3690 3802 3945 3876 mentis

855 3919 1214 4011 prolapso,
1271 3939 1445 4010 grex
1502 3919 1644 3991 fere
1699 3920 2072 3994 universus
2111 3942 2316 4009 snus,
2374 3923 2665 3994 Pastore
2704 3926 3008 4011 errante,
3050 3922 3595 4012 scandalizatuS,
3636 3921 3709 3996 in
3746 3944 3945 4015 prae-

855 4039 1178 4130 cipitium
1241 4043 1441 4110 actus
1507 4045 1646 4128 est;
1705 4045 1776 4113 et
1827 4042 2192 4116 haereseos
2256 4046 2454 4134 peste
2522 4043 2719 4116 virus
2776 4065 2979 4116 suum
3034 4044 3238 4136 longe
3290 4041 3752 4134 diffundente,
3809 4044 3947 4117 Re-

861 4180 1081 4252 gnum
1144 4159 1554 4249 Bohemiae,
1621 4160 1866 4252 paucis
1913 4161 2283 4234 admodum
2328 4163 2739 4236 civitatibus
2806 4163 3153 4254 exceptiS,
3218 4163 3375 4236 labe
3436 4163 3789 4237 haeretica
3841 4164 3947 4237 in·

853 4281 1135 4352 fectum.
1192 4279 1407 4371 Quasi
1461 4284 1693 4353 autem
1748 4282 2058 4355 haeresis
2114 4283 2653 4375 Viclephistica‚
2720 4305 2859 4375 qua
2913 4303 3013 4367 se,
3040 4305 3209 4376 gens
3277 4283 3652 4358 Bohemica
3715 4285 3947 4377 inqui-

855 4403 1178 4487 naverat,
1244 4420 1369 4490 pro
1425 4401 1770 4492 explenda
1832 4402 2137 4490 insania,
2208 4424 2383 4495 quae
2439 4404 2817 4478 Bohemica
2870 4408 3152 4496 pectora
3204 4409 3640 4496 pervaserat,
3696 4428 3947 4499 parum

855 4517 1212 4594 sufficiens
1261 4522 1468 4608 foret,
1525 4520 1599 4593 in
1637 4507 1846 4594 aliam
1884 4543 2161 4596 rursum
2206 4524 2606 4612 foediorem,
2666 4545 2843 4616 quae
2878 4524 3391 4597 Picarditarum
3427 4527 3943 4618 appellabatur,

805 4623 816 4636 ’
859 4639 1139 4713 incidit.
1199 4638 1412 4712 Cuius
1486 4640 1989 4716 abominabiles
2055 4643 2536 4717 observantias
2606 4644 3026 4735 describere,
3092 4646 3303 4719 etiam
3358 4647 3587 4720 scelus
3642 4647 3950 4721 credide·

854 4758 1019 4832 rim:
1087 4759 1495 4852 congregati
1550 4760 1896 4851 siqnidem
1950 4763 2265 4836 homines
2322 4765 2694 4857 utriusque
2749 4787 2993 4855 sexus,
3049 4770 3317 4858 pestem
3353 4764 3760 4841 huiusmodi
3794 4788 3951 4860 pra·

853 4879 1225 4968 cticantes,
1285 4879 1358 4951 in
1411 4901 1630 4952 unum
1695 4881 1928 4954 locum
1992 4884 2162 4956 nudi
2227 4882 2412 4956 inter
2466 4905 2539 4958 se
2595 4886 3033 4974 commorati,
3100 4907 3397 4960 venerea
3458 4907 3697 4978 opera,
3754 4888 3955 4960 nulla

854 5020 1150 5072 uxorum
1207 5005 1329 5071 ant
1383 5001 2052 5094 consanguineorum
2091 5004 2510 5078 discretione
2543 5007 2819 5096 habit-a,
2870 5007 3132 5099 passim
3168 5009 3573 5099 patrabant,
3613 5013 3685 5082 et
3724 5009 3949 5080 multa

1069 5289 1116 5366 ¹)
1164 5291 1426 5353 Merzecz
1483 5290 1634 5354 Ood.
1688 5288 1864 5355 Calv.
1915 5293 1965 5376 ⁹)
2012 5295 2279 5372 Szyszka
2328 5292 2479 5358 Cod.
2530 5291 2707 5359 Calv.
2756 5295 2811 5377 ³)
2857 5299 3278 5360 carthusiense
3321 5296 3448 5360 Ed.
3494 5297 3677 5382 Lips.
3728 5295 3785 5383 ⁴)
3816 5319 3953 5378 par·

853 5394 957 5453 tim
1003 5395 1206 5456 eiectis
1255 5390 1406 5457 Coa.
1453 5392 1644 5459 Rozr.
1694 5394 1749 5475 ⁵)
1793 5397 1976 5474 Regis
2021 5395 2193 5460 deest
2237 5398 2311 5460 in
2359 5395 2509 5463 Cod.
2562 5395 2737 5464 Calv.
2788 5399 2839 5480 ⁶)
2872 5402 3195 5463 Vestwalia
3237 5399 3386 5466 cod.
3422 5396 3597 5465 Calv.
3648 5401 3701 5483 ⁷)
3753 5404 3953 5466 sedem

854 5495 1419 5574 archiepiscopalem
1464 5495 1691 5561 desunt
1733 5497 1808 5562 in
1855 5495 2005 5564 (lod.
2058 5497 2235 5564 Calv.
