<?xml version="1.0" encoding="UTF-8"?>
<!DOCTYPE html PUBLIC "-//W3C//DTD XHTML 1.0 Transitional//EN"
    "http://www.w3.org/TR/xhtml1/DTD/xhtml1-transitional.dtd">
<html xmlns="http://www.w3.org/1999/xhtml" xml:lang="en" lang="en">
 <head>
  <title>
</title>
<meta http-equiv="Content-Type" content="text/html;charset=utf-8" />
  <meta name='ocr-system' content='tesseract 3.04.00' />
  <meta name='ocr-capabilities' content='ocr_page ocr_carea ocr_par ocr_line ocrx_word'/>
</head>
<body>
  <div class='ocr_page' id='page_1' title='image "./dzieawszystkie00unkngoog_0445.png"; bbox 0 0 4342 6384; ppageno 0'>
   <div class='ocr_carea' id='block_1_1' title="bbox 110 2045 112 2967">
    <p class='ocr_par' dir='ltr' id='par_1_1' title="bbox 110 2045 112 2967">
     <span class='ocr_line' id='line_1_1' title="bbox 110 2045 112 2967; baseline 0 0"><span class='ocrx_word' id='word_1_1' title='bbox 110 2045 112 2967; x_wconf 95' lang='lat' dir='ltr'> </span> 
     </span>
    </p>
   </div>
   <div class='ocr_carea' id='block_1_2' title="bbox 936 501 4035 652">
    <p class='ocr_par' dir='ltr' id='par_1_2' title="bbox 936 501 4035 652">
     <span class='ocr_line' id='line_1_2' title="bbox 936 501 4035 652; baseline -0.001 -26"><span class='ocrx_word' id='word_1_2' title='bbox 936 550 1086 628; x_wconf 85' lang='lat'>434</span> <span class='ocrx_word' id='word_1_3' title='bbox 2102 571 2333 628; x_wconf 71' lang='lat' dir='ltr'>mm</span> <span class='ocrx_word' id='word_1_4' title='bbox 2386 569 2845 628; x_wconf 66' lang='lat' dir='ltr'>ememus.</span> <span class='ocrx_word' id='word_1_5' title='bbox 3436 501 3445 508; x_wconf 67' lang='grc'><strong><em>’</em></strong></span> <span class='ocrx_word' id='word_1_6' title='bbox 3497 548 3631 652; x_wconf 83' lang='grc' dir='ltr'>(Α.</span> <span class='ocrx_word' id='word_1_7' title='bbox 3670 547 3761 626; x_wconf 85' lang='lat' dir='ltr'>n.</span> <span class='ocrx_word' id='word_1_8' title='bbox 3802 545 4035 650; x_wconf 74' lang='lat'>1431.)</span> 
     </span>
    </p>
   </div>
   <div class='ocr_carea' id='block_1_3' title="bbox 931 759 4034 4930">
    <p class='ocr_par' dir='ltr' id='par_1_3' title="bbox 931 759 4034 4930">
     <span class='ocr_line' id='line_1_3' title="bbox 937 759 4029 865; baseline -0.001 -30"><span class='ocrx_word' id='word_1_9' title='bbox 937 762 1274 854; x_wconf 89' lang='lat' dir='ltr'>ingressi,</span> <span class='ocrx_word' id='word_1_10' title='bbox 1332 759 1726 865; x_wconf 70' lang='lat' dir='ltr'>Gabrielem</span> <span class='ocrx_word' id='word_1_11' title='bbox 1787 759 1872 832; x_wconf 92' lang='lat' dir='ltr'>de</span> <span class='ocrx_word' id='word_1_12' title='bbox 1926 759 2417 833; x_wconf 85' lang='lat' dir='ltr'>Condulmario</span> <span class='ocrx_word' id='word_1_13' title='bbox 2456 761 2512 849; x_wconf 82' lang='grc'>1)</span> <span class='ocrx_word' id='word_1_14' title='bbox 2566 759 3003 833; x_wconf 83' lang='lat' dir='ltr'>Cardinalem</span> <span class='ocrx_word' id='word_1_15' title='bbox 3069 759 3143 832; x_wconf 89' lang='lat' dir='ltr'>in</span> <span class='ocrx_word' id='word_1_16' title='bbox 3207 759 3470 852; x_wconf 83' lang='lat' dir='ltr'>Papam</span> <span class='ocrx_word' id='word_1_17' title='bbox 3536 760 3839 852; x_wconf 89' lang='lat' dir='ltr'>eligunt,</span> <span class='ocrx_word' id='word_1_18' title='bbox 3908 782 4029 832; x_wconf 87' lang='lat' dir='ltr'>na-</span> 
     </span>
     <span class='ocr_line' id='line_1_4' title="bbox 936 880 4026 972; baseline -0.001 -18"><span class='ocrx_word' id='word_1_19' title='bbox 936 883 1128 954; x_wconf 81' lang='lat' dir='ltr'><strong>tione</strong></span> <span class='ocrx_word' id='word_1_20' title='bbox 1181 881 1557 969; x_wconf 87' lang='lat' dir='ltr'>Venetum,</span> <span class='ocrx_word' id='word_1_21' title='bbox 1617 880 1738 971; x_wconf 92' lang='lat' dir='ltr'>qui</span> <span class='ocrx_word' id='word_1_22' title='bbox 1793 880 2150 972; x_wconf 89' lang='lat' dir='ltr'>Eugenius</span> <span class='ocrx_word' id='word_1_23' title='bbox 2190 885 2483 971; x_wconf 89' lang='lat' dir='ltr'>quartus</span> <span class='ocrx_word' id='word_1_24' title='bbox 2524 885 2813 952; x_wconf 85' lang='lat' dir='ltr'>vocatus</span> <span class='ocrx_word' id='word_1_25' title='bbox 2852 884 2981 952; x_wconf 90' lang='lat' dir='ltr'>est.</span> <span class='ocrx_word' id='word_1_26' title='bbox 3038 880 3123 952; x_wconf 91' lang='lat' dir='ltr'>In</span> <span class='ocrx_word' id='word_1_27' title='bbox 3164 881 3621 953; x_wconf 85' lang='lat' dir='ltr'>conventione</span> <span class='ocrx_word' id='word_1_28' title='bbox 3658 880 3815 971; x_wconf 87' lang='lat' dir='ltr'>ipsa</span> <span class='ocrx_word' id='word_1_29' title='bbox 3854 881 4026 952; x_wconf 84' lang='lat' dir='ltr'>San-</span> 
     </span>
     <span class='ocr_line' id='line_1_5' title="bbox 936 999 4031 1092; baseline 0 -20"><span class='ocrx_word' id='word_1_30' title='bbox 936 999 1340 1074; x_wconf 89' lang='lat' dir='ltr'>domiriensi</span> <span class='ocrx_word' id='word_1_31' title='bbox 1395 1000 1881 1092; x_wconf 77' lang='lat' dir='ltr'><strong>scrupulosius</strong></span> <span class='ocrx_word' id='word_1_32' title='bbox 1937 999 2168 1072; x_wconf 90' lang='lat' dir='ltr'>omnia</span> <span class='ocrx_word' id='word_1_33' title='bbox 2223 1004 2523 1072; x_wconf 89' lang='lat' dir='ltr'>tractata</span> <span class='ocrx_word' id='word_1_34' title='bbox 2578 1005 2777 1086; x_wconf 89' lang='lat' dir='ltr'>sunt,</span> <span class='ocrx_word' id='word_1_35' title='bbox 2844 1021 2953 1072; x_wconf 89' lang='lat' dir='ltr'>res</span> <span class='ocrx_word' id='word_1_36' title='bbox 3007 999 3467 1072; x_wconf 89' lang='lat' dir='ltr'>Lithuanicas</span> <span class='ocrx_word' id='word_1_37' title='bbox 3530 1001 4031 1092; x_wconf 76' lang='lat' dir='ltr'>contingentia,</span> 
     </span>
     <span class='ocr_line' id='line_1_6' title="bbox 935 1119 4025 1213; baseline -0.001 -20"><span class='ocrx_word' id='word_1_38' title='bbox 935 1128 1006 1194; x_wconf 92' lang='lat' dir='ltr'>et</span> <span class='ocrx_word' id='word_1_39' title='bbox 1059 1142 1100 1193; x_wconf 89' lang='lat' dir='ltr'>a</span> <span class='ocrx_word' id='word_1_40' title='bbox 1150 1122 1344 1213; x_wconf 83' lang='lat' dir='ltr'>Rege</span> <span class='ocrx_word' id='word_1_41' title='bbox 1401 1120 1794 1194; x_wconf 88' lang='lat' dir='ltr'>Wladislao</span> <span class='ocrx_word' id='word_1_42' title='bbox 1852 1119 2220 1211; x_wconf 82' lang='lat' dir='ltr'>inquisitio</span> <span class='ocrx_word' id='word_1_43' title='bbox 2250 1119 2314 1208; x_wconf 83' lang='lat'>2)</span> <span class='ocrx_word' id='word_1_44' title='bbox 2372 1122 2585 1207; x_wconf 87' lang='lat' dir='ltr'>facta,</span> <span class='ocrx_word' id='word_1_45' title='bbox 2644 1121 2900 1211; x_wconf 91' lang='lat' dir='ltr'>quibus</span> <span class='ocrx_word' id='word_1_46' title='bbox 2955 1120 3260 1211; x_wconf 77' lang='lat' dir='ltr'>probriS,</span> <span class='ocrx_word' id='word_1_47' title='bbox 3318 1120 3601 1193; x_wconf 86' lang='lat' dir='ltr'>iniuriis</span> <span class='ocrx_word' id='word_1_48' title='bbox 3657 1125 3728 1192; x_wconf 89' lang='lat' dir='ltr'>et</span> <span class='ocrx_word' id='word_1_49' title='bbox 3782 1127 4025 1192; x_wconf 86' lang='lat' dir='ltr'>contu·</span> 
     </span>
     <span class='ocr_line' id='line_1_7' title="bbox 934 1239 4027 1332; baseline -0 -20"><span class='ocrx_word' id='word_1_50' title='bbox 934 1240 1166 1314; x_wconf 91' lang='lat' dir='ltr'>meliis</span> <span class='ocrx_word' id='word_1_51' title='bbox 1226 1242 1389 1312; x_wconf 87' lang='lat' dir='ltr'>Dux</span> <span class='ocrx_word' id='word_1_52' title='bbox 1447 1240 1805 1332; x_wconf 87' lang='lat' dir='ltr'>Switrigal</span> <span class='ocrx_word' id='word_1_53' title='bbox 1859 1241 2089 1331; x_wconf 90' lang='lat' dir='ltr'>ipsum</span> <span class='ocrx_word' id='word_1_54' title='bbox 2144 1240 2514 1312; x_wconf 85' lang='lat' dir='ltr'>affecisset.</span> <span class='ocrx_word' id='word_1_55' title='bbox 2575 1239 2842 1330; x_wconf 75' lang='lat' dir='ltr'>Quibus</span> <span class='ocrx_word' id='word_1_56' title='bbox 2898 1239 3219 1312; x_wconf 87' lang='lat' dir='ltr'>omnibus</span> <span class='ocrx_word' id='word_1_57' title='bbox 3274 1240 3537 1312; x_wconf 89' lang='lat' dir='ltr'>auditis</span> <span class='ocrx_word' id='word_1_58' title='bbox 3593 1245 3663 1312; x_wconf 92' lang='lat' dir='ltr'>et</span> <span class='ocrx_word' id='word_1_59' title='bbox 3700 1239 4027 1330; x_wconf 88' lang='lat' dir='ltr'>cognitis,</span> 
     </span>
     <span class='ocr_line' id='line_1_8' title="bbox 935 1359 4025 1451; baseline -0 -20"><span class='ocrx_word' id='word_1_60' title='bbox 935 1380 1174 1432; x_wconf 91' lang='lat' dir='ltr'>omnes</span> <span class='ocrx_word' id='word_1_61' title='bbox 1226 1360 1300 1432; x_wconf 91' lang='lat' dir='ltr'>in</span> <span class='ocrx_word' id='word_1_62' title='bbox 1355 1359 1703 1432; x_wconf 78' lang='lat' dir='ltr'>choleram</span> <span class='ocrx_word' id='word_1_63' title='bbox 1756 1380 1880 1451; x_wconf 89' lang='lat' dir='ltr'>pro</span> <span class='ocrx_word' id='word_1_64' title='bbox 1937 1359 2513 1432; x_wconf 82' lang='lat' dir='ltr'>dehonestatione</span> <span class='ocrx_word' id='word_1_65' title='bbox 2567 1360 2828 1451; x_wconf 81' lang='lat' dir='ltr'>Regiae</span> <span class='ocrx_word' id='word_1_66' title='bbox 2868 1360 3260 1432; x_wconf 83' lang='lat' dir='ltr'>Maiestatis</span> <span class='ocrx_word' id='word_1_67' title='bbox 3300 1360 3846 1432; x_wconf 80' lang='lat' dir='ltr'>inflammantur.</span> <span class='ocrx_word' id='word_1_68' title='bbox 3904 1361 4025 1430; x_wconf 83' lang='lat' dir='ltr'>Af-</span> 
     </span>
     <span class='ocr_line' id='line_1_9' title="bbox 935 1479 4032 1573; baseline 0 -23"><span class='ocrx_word' id='word_1_69' title='bbox 935 1481 1257 1553; x_wconf 86' lang='lat' dir='ltr'>feruntur</span> <span class='ocrx_word' id='word_1_70' title='bbox 1311 1484 1380 1553; x_wconf 93' lang='lat' dir='ltr'>et</span> <span class='ocrx_word' id='word_1_71' title='bbox 1431 1480 1637 1571; x_wconf 89' lang='lat' dir='ltr'>plura</span> <span class='ocrx_word' id='word_1_72' title='bbox 1688 1501 1901 1566; x_wconf 79' lang='lat' dir='ltr'>nova,</span> <span class='ocrx_word' id='word_1_73' title='bbox 1970 1479 2585 1552; x_wconf 87' lang='lat' dir='ltr'>inflammationem</span> <span class='ocrx_word' id='word_1_74' title='bbox 2650 1480 3055 1552; x_wconf 89' lang='lat' dir='ltr'>huiusmodi</span> <span class='ocrx_word' id='word_1_75' title='bbox 3118 1481 3469 1573; x_wconf 86' lang='lat' dir='ltr'>augentia.</span> <span class='ocrx_word' id='word_1_76' title='bbox 3558 1480 4032 1553; x_wconf 90' lang='lat' dir='ltr'>Denuntiatur</span> 
     </span>
     <span class='ocr_line' id='line_1_10' title="bbox 934 1598 4031 1692; baseline -0.001 -20"><span class='ocrx_word' id='word_1_77' title='bbox 934 1601 1118 1672; x_wconf 92' lang='lat' dir='ltr'>enim</span> <span class='ocrx_word' id='word_1_78' title='bbox 1175 1620 1266 1673; x_wconf 85' lang='lat' dir='ltr'>ex</span> <span class='ocrx_word' id='word_1_79' title='bbox 1320 1599 1646 1687; x_wconf 87' lang='lat' dir='ltr'>Podolia,</span> <span class='ocrx_word' id='word_1_80' title='bbox 1705 1601 2008 1691; x_wconf 81' lang='lat' dir='ltr'>qualiter</span> <span class='ocrx_word' id='word_1_81' title='bbox 2063 1599 2227 1671; x_wconf 87' lang='lat' dir='ltr'>Dux</span> <span class='ocrx_word' id='word_1_82' title='bbox 2284 1598 2640 1691; x_wconf 80' lang='lat' dir='ltr'>Switrigal</span> <span class='ocrx_word' id='word_1_83' title='bbox 2694 1621 2818 1691; x_wconf 91' lang='lat' dir='ltr'>per</span> <span class='ocrx_word' id='word_1_84' title='bbox 2872 1621 3036 1671; x_wconf 90' lang='lat' dir='ltr'>suos</span> <span class='ocrx_word' id='word_1_85' title='bbox 3074 1600 3315 1692; x_wconf 88' lang='lat' dir='ltr'>aliqua</span> <span class='ocrx_word' id='word_1_86' title='bbox 3350 1603 3583 1672; x_wconf 84' lang='lat' dir='ltr'>castra</span> <span class='ocrx_word' id='word_1_87' title='bbox 3626 1599 3702 1671; x_wconf 90' lang='lat' dir='ltr'>in</span> <span class='ocrx_word' id='word_1_88' title='bbox 3738 1599 4031 1670; x_wconf 86' lang='lat' dir='ltr'>Podolia</span> 
     </span>
     <span class='ocr_line' id='line_1_11' title="bbox 935 1713 4031 1813; baseline -0.001 -20"><span class='ocrx_word' id='word_1_89' title='bbox 935 1725 1372 1813; x_wconf 79' lang='lat' dir='ltr'>occupasset,</span> <span class='ocrx_word' id='word_1_90' title='bbox 1432 1725 1501 1793; x_wconf 92' lang='lat' dir='ltr'>et</span> <span class='ocrx_word' id='word_1_91' title='bbox 1553 1719 1736 1793; x_wconf 89' lang='lat' dir='ltr'>circa</span> <span class='ocrx_word' id='word_1_92' title='bbox 1789 1727 2095 1792; x_wconf 86' lang='lat' dir='ltr'>castrum</span> <span class='ocrx_word' id='word_1_93' title='bbox 2151 1713 2490 1791; x_wconf 84' lang='lat' dir='ltr'>Smetricz</span> <span class='ocrx_word' id='word_1_94' title='bbox 2524 1717 2586 1806; x_wconf 80' lang='grc'>3)</span> <span class='ocrx_word' id='word_1_95' title='bbox 2640 1719 3000 1810; x_wconf 87' lang='lat' dir='ltr'>aliquanto</span> <span class='ocrx_word' id='word_1_96' title='bbox 3057 1726 3364 1810; x_wconf 89' lang='lat' dir='ltr'>tempore</span> <span class='ocrx_word' id='word_1_97' title='bbox 3418 1718 3850 1792; x_wconf 89' lang='lat' dir='ltr'>obsidionem</span> <span class='ocrx_word' id='word_1_98' title='bbox 3902 1739 4031 1810; x_wconf 90' lang='lat' dir='ltr'>per</span> 
     </span>
     <span class='ocr_line' id='line_1_12' title="bbox 934 1823 4031 1932; baseline -0 -20"><span class='ocrx_word' id='word_1_99' title='bbox 934 1861 1100 1912; x_wconf 86' lang='lat' dir='ltr'>suos</span> <span class='ocrx_word' id='word_1_100' title='bbox 1155 1840 1668 1912; x_wconf 86' lang='lat' dir='ltr'>continuasset:</span> <span class='ocrx_word' id='word_1_101' title='bbox 1727 1839 1850 1911; x_wconf 90' lang='lat' dir='ltr'>ubi</span> <span class='ocrx_word' id='word_1_102' title='bbox 1905 1838 2561 1931; x_wconf 83' lang='lat' dir='ltr'>supervenientibus</span> <span class='ocrx_word' id='word_1_103' title='bbox 2625 1823 2953 1930; x_wconf 73' lang='lat' dir='ltr'>gentibus</span> <span class='ocrx_word' id='word_1_104' title='bbox 3016 1839 3263 1932; x_wconf 77' lang='lat' dir='ltr'>regiiS,</span> <span class='ocrx_word' id='word_1_105' title='bbox 3329 1839 3688 1911; x_wconf 85' lang='lat' dir='ltr'>dimicatio</span> <span class='ocrx_word' id='word_1_106' title='bbox 3742 1846 4031 1931; x_wconf 88' lang='lat' dir='ltr'>repente</span> 
     </span>
     <span class='ocr_line' id='line_1_13' title="bbox 933 1958 4029 2053; baseline -0 -20"><span class='ocrx_word' id='word_1_107' title='bbox 933 1963 1149 2049; x_wconf 90' lang='lat' dir='ltr'>facta,</span> <span class='ocrx_word' id='word_1_108' title='bbox 1208 1965 1278 2032; x_wconf 88' lang='lat' dir='ltr'>et</span> <span class='ocrx_word' id='word_1_109' title='bbox 1329 1966 1576 2053; x_wconf 86' lang='lat' dir='ltr'>gentes</span> <span class='ocrx_word' id='word_1_110' title='bbox 1631 1959 1846 2032; x_wconf 89' lang='lat' dir='ltr'>Ducis</span> <span class='ocrx_word' id='word_1_111' title='bbox 1902 1958 2261 2050; x_wconf 85' lang='lat' dir='ltr'>Switrigal</span> <span class='ocrx_word' id='word_1_112' title='bbox 2314 1959 2402 2030; x_wconf 86' lang='lat' dir='ltr'>ad</span> <span class='ocrx_word' id='word_1_113' title='bbox 2456 1963 2844 2032; x_wconf 83' lang='lat' dir='ltr'>extremum</span> <span class='ocrx_word' id='word_1_114' title='bbox 2902 1979 3141 2031; x_wconf 88' lang='lat' dir='ltr'>caesae</span> <span class='ocrx_word' id='word_1_115' title='bbox 3196 1965 3268 2030; x_wconf 93' lang='lat' dir='ltr'>et</span> <span class='ocrx_word' id='word_1_116' title='bbox 3304 1964 3611 2032; x_wconf 86' lang='lat' dir='ltr'>castrum</span> <span class='ocrx_word' id='word_1_117' title='bbox 3667 1960 4029 2033; x_wconf 81' lang='lat' dir='ltr'>obsidione</span> 
     </span>
     <span class='ocr_line' id='line_1_14' title="bbox 933 2078 4025 2172; baseline -0.001 -20"><span class='ocrx_word' id='word_1_118' title='bbox 933 2082 1242 2153; x_wconf 88' lang='lat' dir='ltr'>solutum</span> <span class='ocrx_word' id='word_1_119' title='bbox 1276 2080 1362 2170; x_wconf 86' lang='lat'>⁴).</span> <span class='ocrx_word' id='word_1_120' title='bbox 1415 2081 1502 2152; x_wconf 89' lang='lat' dir='ltr'>In</span> <span class='ocrx_word' id='word_1_121' title='bbox 1557 2079 1998 2152; x_wconf 86' lang='lat' dir='ltr'>districtibus</span> <span class='ocrx_word' id='word_1_122' title='bbox 2054 2079 2342 2170; x_wconf 90' lang='lat' dir='ltr'>insuper</span> <span class='ocrx_word' id='word_1_123' title='bbox 2394 2079 2620 2171; x_wconf 87' lang='lat' dir='ltr'>Regni</span> <span class='ocrx_word' id='word_1_124' title='bbox 2672 2079 3006 2150; x_wconf 88' lang='lat' dir='ltr'>Poloniae</span> <span class='ocrx_word' id='word_1_125' title='bbox 3070 2078 3567 2152; x_wconf 82' lang='lat' dir='ltr'>Trebowliensi</span> <span class='ocrx_word' id='word_1_126' title='bbox 3597 2079 3685 2169; x_wconf 85' lang='lat'>5),</span> <span class='ocrx_word' id='word_1_127' title='bbox 3754 2080 4025 2172; x_wconf 91' lang='lat' dir='ltr'>Leopo-</span> 
     </span>
     <span class='ocr_line' id='line_1_15' title="bbox 932 2197 4029 2290; baseline 0 -19"><span class='ocrx_word' id='word_1_128' title='bbox 932 2200 1144 2274; x_wconf 90' lang='lat' dir='ltr'>liensi</span> <span class='ocrx_word' id='word_1_129' title='bbox 1199 2204 1268 2272; x_wconf 91' lang='lat' dir='ltr'>et</span> <span class='ocrx_word' id='word_1_130' title='bbox 1322 2199 1483 2272; x_wconf 84' lang='lat' dir='ltr'>aliis</span> <span class='ocrx_word' id='word_1_131' title='bbox 1539 2200 1815 2273; x_wconf 87' lang='lat' dir='ltr'>crebrae</span> <span class='ocrx_word' id='word_1_132' title='bbox 1869 2197 2340 2286; x_wconf 89' lang='lat' dir='ltr'>incursiones,</span> <span class='ocrx_word' id='word_1_133' title='bbox 2382 2198 2609 2290; x_wconf 89' lang='lat' dir='ltr'>spolia</span> <span class='ocrx_word' id='word_1_134' title='bbox 2647 2205 2717 2271; x_wconf 89' lang='lat' dir='ltr'>et</span> <span class='ocrx_word' id='word_1_135' title='bbox 2754 2199 3034 2286; x_wconf 87' lang='lat' dir='ltr'>damna,</span> <span class='ocrx_word' id='word_1_136' title='bbox 3092 2219 3214 2290; x_wconf 92' lang='lat' dir='ltr'>per</span> <span class='ocrx_word' id='word_1_137' title='bbox 3249 2204 3493 2290; x_wconf 88' lang='lat' dir='ltr'>gentes</span> <span class='ocrx_word' id='word_1_138' title='bbox 3532 2199 3845 2272; x_wconf 86' lang='lat' dir='ltr'>eiusdem</span> <span class='ocrx_word' id='word_1_139' title='bbox 3882 2201 4029 2271; x_wconf 90' lang='lat' dir='ltr'>Du-</span> 
     </span>
     <span class='ocr_line' id='line_1_16' title="bbox 935 2317 4033 2412; baseline -0.001 -20"><span class='ocrx_word' id='word_1_140' title='bbox 935 2320 1038 2392; x_wconf 86' lang='lat' dir='ltr'>cis</span> <span class='ocrx_word' id='word_1_141' title='bbox 1111 2319 1467 2412; x_wconf 85' lang='lat' dir='ltr'>Switrigal</span> <span class='ocrx_word' id='word_1_142' title='bbox 1538 2339 1622 2391; x_wconf 85' lang='lat' dir='ltr'>ex</span> <span class='ocrx_word' id='word_1_143' title='bbox 1698 2318 1947 2391; x_wconf 87' lang='lat' dir='ltr'>castris</span> <span class='ocrx_word' id='word_1_144' title='bbox 2021 2319 2319 2390; x_wconf 85' lang='lat' dir='ltr'>Zbarasz</span> <span class='ocrx_word' id='word_1_145' title='bbox 2350 2317 2437 2406; x_wconf 74' lang='grc'>6),</span> <span class='ocrx_word' id='word_1_146' title='bbox 2506 2317 2760 2390; x_wconf 88' lang='lat' dir='ltr'>Olesko</span> <span class='ocrx_word' id='word_1_147' title='bbox 2828 2323 2901 2390; x_wconf 88' lang='lat' dir='ltr'>et</span> <span class='ocrx_word' id='word_1_148' title='bbox 2950 2318 3506 2411; x_wconf 79' lang='lat' dir='ltr'>Krzemyenyecz</span> <span class='ocrx_word' id='word_1_149' title='bbox 3580 2318 3863 2392; x_wconf 87' lang='lat' dir='ltr'>fiebant.</span> <span class='ocrx_word' id='word_1_150' title='bbox 3940 2320 4033 2390; x_wconf 88' lang='lat' dir='ltr'>Et</span> 
     </span>
     <span class='ocr_line' id='line_1_17' title="bbox 937 2437 4025 2531; baseline -0.001 -19"><span class='ocrx_word' id='word_1_151' title='bbox 937 2440 1263 2531; x_wconf 81' lang='lat' dir='ltr'>quamvis</span> <span class='ocrx_word' id='word_1_152' title='bbox 1319 2439 1756 2512; x_wconf 90' lang='lat' dir='ltr'>Wladislaus</span> <span class='ocrx_word' id='word_1_153' title='bbox 1819 2438 1976 2511; x_wconf 82' lang='lat' dir='ltr'>Rex</span> <span class='ocrx_word' id='word_1_154' title='bbox 2042 2459 2253 2530; x_wconf 90' lang='lat' dir='ltr'>super</span> <span class='ocrx_word' id='word_1_155' title='bbox 2304 2437 2709 2510; x_wconf 88' lang='lat' dir='ltr'>huiusmodi</span> <span class='ocrx_word' id='word_1_156' title='bbox 2770 2437 3053 2510; x_wconf 89' lang='lat' dir='ltr'>iniuriis</span> <span class='ocrx_word' id='word_1_157' title='bbox 3110 2438 3249 2512; x_wconf 92' lang='lat' dir='ltr'>sibi</span> <span class='ocrx_word' id='word_1_158' title='bbox 3302 2440 3542 2512; x_wconf 88' lang='lat' dir='ltr'>crebro</span> <span class='ocrx_word' id='word_1_159' title='bbox 3598 2440 4025 2530; x_wconf 83' lang='lat' dir='ltr'>scripsisset,</span> 
     </span>
     <span class='ocr_line' id='line_1_18' title="bbox 931 2557 4027 2652; baseline -0.001 -20"><span class='ocrx_word' id='word_1_160' title='bbox 931 2559 1293 2651; x_wconf 89' lang='lat' dir='ltr'>requirens</span> <span class='ocrx_word' id='word_1_161' title='bbox 1358 2565 1429 2632; x_wconf 91' lang='lat' dir='ltr'>et</span> <span class='ocrx_word' id='word_1_162' title='bbox 1489 2573 1773 2652; x_wconf 67' lang='lat' dir='ltr'>rogam,</span> <span class='ocrx_word' id='word_1_163' title='bbox 1837 2562 1919 2630; x_wconf 92' lang='lat' dir='ltr'>ut</span> <span class='ocrx_word' id='word_1_164' title='bbox 1979 2557 2382 2630; x_wconf 88' lang='lat' dir='ltr'>huiusmodi</span> <span class='ocrx_word' id='word_1_165' title='bbox 2446 2557 2879 2630; x_wconf 88' lang='lat' dir='ltr'>incursiones</span> <span class='ocrx_word' id='word_1_166' title='bbox 2944 2564 3013 2630; x_wconf 88' lang='lat' dir='ltr'>et</span> <span class='ocrx_word' id='word_1_167' title='bbox 3076 2559 3327 2630; x_wconf 86' lang='lat' dir='ltr'>damna</span> <span class='ocrx_word' id='word_1_168' title='bbox 3382 2559 3532 2632; x_wconf 90' lang='lat' dir='ltr'>fieri</span> <span class='ocrx_word' id='word_1_169' title='bbox 3584 2559 4027 2650; x_wconf 85' lang='lat' dir='ltr'>prohiberet:</span> 
     </span>
     <span class='ocr_line' id='line_1_19' title="bbox 931 2677 4031 2771; baseline -0.001 -19"><span class='ocrx_word' id='word_1_170' title='bbox 931 2680 1210 2752; x_wconf 88' lang='lat' dir='ltr'>nullum</span> <span class='ocrx_word' id='word_1_171' title='bbox 1263 2683 1496 2754; x_wconf 86' lang='lat' dir='ltr'>tamen</span> <span class='ocrx_word' id='word_1_172' title='bbox 1549 2677 1783 2771; x_wconf 87' lang='lat' dir='ltr'>potuit</span> <span class='ocrx_word' id='word_1_173' title='bbox 1835 2677 2203 2770; x_wconf 89' lang='lat' dir='ltr'>requisitio</span> <span class='ocrx_word' id='word_1_174' title='bbox 2257 2677 2452 2769; x_wconf 89' lang='lat' dir='ltr'>regia</span> <span class='ocrx_word' id='word_1_175' title='bbox 2524 2677 2762 2750; x_wconf 89' lang='lat' dir='ltr'>sortiri</span> <span class='ocrx_word' id='word_1_176' title='bbox 2834 2677 3179 2751; x_wconf 87' lang='lat' dir='ltr'>effectum.</span> <span class='ocrx_word' id='word_1_177' title='bbox 3252 2679 3445 2751; x_wconf 88' lang='lat' dir='ltr'>Haec</span> <span class='ocrx_word' id='word_1_178' title='bbox 3498 2683 3571 2750; x_wconf 89' lang='lat' dir='ltr'>et</span> <span class='ocrx_word' id='word_1_179' title='bbox 3624 2679 3833 2770; x_wconf 86' lang='lat' dir='ltr'>plura</span> <span class='ocrx_word' id='word_1_180' title='bbox 3886 2679 4031 2750; x_wconf 84' lang='lat' dir='ltr'>alia</span> 
     </span>
     <span class='ocr_line' id='line_1_20' title="bbox 931 2797 4029 2892; baseline -0.001 -18"><span class='ocrx_word' id='word_1_181' title='bbox 931 2822 1056 2892; x_wconf 90' lang='lat' dir='ltr'>per</span> <span class='ocrx_word' id='word_1_182' title='bbox 1108 2800 1471 2874; x_wconf 87' lang='lat' dir='ltr'>Praelatos</span> <span class='ocrx_word' id='word_1_183' title='bbox 1527 2804 1597 2872; x_wconf 89' lang='lat' dir='ltr'>et</span> <span class='ocrx_word' id='word_1_184' title='bbox 1647 2798 1942 2871; x_wconf 87' lang='lat' dir='ltr'>barones</span> <span class='ocrx_word' id='word_1_185' title='bbox 1981 2799 2054 2871; x_wconf 91' lang='lat' dir='ltr'>in</span> <span class='ocrx_word' id='word_1_186' title='bbox 2093 2797 2387 2872; x_wconf 91' lang='lat' dir='ltr'>consilio</span> <span class='ocrx_word' id='word_1_187' title='bbox 2426 2803 2695 2870; x_wconf 87' lang='lat' dir='ltr'>mature</span> <span class='ocrx_word' id='word_1_188' title='bbox 2733 2798 3260 2889; x_wconf 84' lang='lat' dir='ltr'>digerebantur,</span> <span class='ocrx_word' id='word_1_189' title='bbox 3300 2798 3703 2889; x_wconf 88' lang='lat' dir='ltr'>neminique</span> <span class='ocrx_word' id='word_1_190' title='bbox 3738 2819 3829 2871; x_wconf 85' lang='lat' dir='ltr'>cx</span> <span class='ocrx_word' id='word_1_191' title='bbox 3864 2819 4029 2870; x_wconf 87' lang='lat' dir='ltr'>con·</span> 
     </span>
     <span class='ocr_line' id='line_1_21' title="bbox 934 2915 4027 3009; baseline -0.001 -17"><span class='ocrx_word' id='word_1_192' title='bbox 934 2918 1226 2992; x_wconf 89' lang='lat' dir='ltr'>siliariis</span> <span class='ocrx_word' id='word_1_193' title='bbox 1285 2919 1458 2990; x_wconf 89' lang='lat' dir='ltr'>satis</span> <span class='ocrx_word' id='word_1_194' title='bbox 1493 2920 1552 3006; x_wconf 84' lang='lat'>⁷)</span> <span class='ocrx_word' id='word_1_195' title='bbox 1607 2918 1929 3009; x_wconf 85' lang='lat' dir='ltr'>placebat</span> <span class='ocrx_word' id='word_1_196' title='bbox 1983 2917 2327 2990; x_wconf 89' lang='lat' dir='ltr'>ordinatio</span> <span class='ocrx_word' id='word_1_197' title='bbox 2383 2917 2632 3008; x_wconf 79' lang='lat' dir='ltr'>RegiS,</span> <span class='ocrx_word' id='word_1_198' title='bbox 2692 2938 2829 3009; x_wconf 87' lang='lat' dir='ltr'>qua</span> <span class='ocrx_word' id='word_1_199' title='bbox 2848 2915 2912 3006; x_wconf 81' lang='lat'>8)</span> <span class='ocrx_word' id='word_1_200' title='bbox 2966 2919 3315 2990; x_wconf 89' lang='lat' dir='ltr'>Ducatum</span> <span class='ocrx_word' id='word_1_201' title='bbox 3362 2919 3693 3009; x_wconf 89' lang='lat' dir='ltr'>Magnum</span> <span class='ocrx_word' id='word_1_202' title='bbox 3730 2919 4027 2992; x_wconf 90' lang='lat' dir='ltr'>Lithua-</span> 
     </span>
     <span class='ocr_line' id='line_1_22' title="bbox 933 3037 4029 3131; baseline -0 -21"><span class='ocrx_word' id='word_1_203' title='bbox 933 3038 1091 3111; x_wconf 90' lang='lat' dir='ltr'>niae</span> <span class='ocrx_word' id='word_1_204' title='bbox 1144 3039 1216 3110; x_wconf 89' lang='lat' dir='ltr'>in</span> <span class='ocrx_word' id='word_1_205' title='bbox 1273 3040 1534 3112; x_wconf 92' lang='lat' dir='ltr'>Ducem</span> <span class='ocrx_word' id='word_1_206' title='bbox 1591 3037 1948 3131; x_wconf 84' lang='lat' dir='ltr'>Switrigal</span> <span class='ocrx_word' id='word_1_207' title='bbox 2002 3038 2431 3126; x_wconf 89' lang='lat' dir='ltr'>contulerat,</span> <span class='ocrx_word' id='word_1_208' title='bbox 2489 3037 2979 3128; x_wconf 86' lang='lat' dir='ltr'>hominemque</span> <span class='ocrx_word' id='word_1_209' title='bbox 3036 3037 3281 3111; x_wconf 90' lang='lat' dir='ltr'>offensi</span> <span class='ocrx_word' id='word_1_210' title='bbox 3334 3038 3629 3126; x_wconf 90' lang='lat' dir='ltr'>cerebri,</span> <span class='ocrx_word' id='word_1_211' title='bbox 3698 3043 3767 3112; x_wconf 90' lang='lat' dir='ltr'>et</span> <span class='ocrx_word' id='word_1_212' title='bbox 3822 3043 4029 3110; x_wconf 89' lang='lat' dir='ltr'>natu-</span> 
     </span>
     <span class='ocr_line' id='line_1_23' title="bbox 933 3153 4029 3250; baseline 0 -20"><span class='ocrx_word' id='word_1_213' title='bbox 933 3158 1182 3230; x_wconf 86' lang='lat' dir='ltr'>raliter</span> <span class='ocrx_word' id='word_1_214' title='bbox 1243 3179 1419 3250; x_wconf 92' lang='lat' dir='ltr'>pene</span> <span class='ocrx_word' id='word_1_215' title='bbox 1483 3159 1961 3231; x_wconf 83' lang='lat' dir='ltr'>vehementem</span> <span class='ocrx_word' id='word_1_216' title='bbox 2017 3164 2086 3230; x_wconf 92' lang='lat' dir='ltr'>et</span> <span class='ocrx_word' id='word_1_217' title='bbox 2142 3153 2473 3247; x_wconf 88' lang='lat' dir='ltr'>delirum,</span> <span class='ocrx_word' id='word_1_218' title='bbox 2539 3179 2687 3231; x_wconf 88' lang='lat' dir='ltr'>rem</span> <span class='ocrx_word' id='word_1_219' title='bbox 2736 3158 3090 3249; x_wconf 86' lang='lat' dir='ltr'>publicam</span> <span class='ocrx_word' id='word_1_220' title='bbox 3149 3163 3219 3231; x_wconf 89' lang='lat' dir='ltr'>et</span> <span class='ocrx_word' id='word_1_221' title='bbox 3272 3159 3497 3250; x_wconf 89' lang='lat' dir='ltr'>Regni</span> <span class='ocrx_word' id='word_1_222' title='bbox 3562 3164 3633 3231; x_wconf 89' lang='lat' dir='ltr'>et</span> <span class='ocrx_word' id='word_1_223' title='bbox 3684 3159 4029 3246; x_wconf 87' lang='lat' dir='ltr'>Ducatus,</span> 
     </span>
     <span class='ocr_line' id='line_1_24' title="bbox 936 3255 4034 3371; baseline 0 -22"><span class='ocrx_word' id='word_1_224' title='bbox 936 3277 1164 3370; x_wconf 87' lang='lat' dir='ltr'>quoad</span> <span class='ocrx_word' id='word_1_225' title='bbox 1233 3277 1307 3350; x_wconf 93' lang='lat' dir='ltr'>in</span> <span class='ocrx_word' id='word_1_226' title='bbox 1379 3278 1655 3350; x_wconf 90' lang='lat' dir='ltr'>Ducatu</span> <span class='ocrx_word' id='word_1_227' title='bbox 1717 3277 1966 3371; x_wconf 89' lang='lat' dir='ltr'>Magno</span> <span class='ocrx_word' id='word_1_228' title='bbox 2030 3255 2489 3369; x_wconf 85' lang='lat' dir='ltr'>praesideret,</span> <span class='ocrx_word' id='word_1_229' title='bbox 2560 3278 3028 3350; x_wconf 88' lang='lat' dir='ltr'>turbaturum.</span> <span class='ocrx_word' id='word_1_230' title='bbox 3105 3278 3282 3370; x_wconf 82' lang='lat' dir='ltr'>Quia</span> <span class='ocrx_word' id='word_1_231' title='bbox 3344 3284 3576 3352; x_wconf 88' lang='lat' dir='ltr'>tamen</span> <span class='ocrx_word' id='word_1_232' title='bbox 3650 3278 3905 3350; x_wconf 89' lang='lat' dir='ltr'>durum</span> <span class='ocrx_word' id='word_1_233' title='bbox 3961 3285 4034 3351; x_wconf 86' lang='lat' dir='ltr'>et</span> 
     </span>
     <span class='ocr_line' id='line_1_25' title="bbox 934 3397 4029 3491; baseline 0 -22"><span class='ocrx_word' id='word_1_234' title='bbox 934 3397 1221 3470; x_wconf 87' lang='lat' dir='ltr'>difficile</span> <span class='ocrx_word' id='word_1_235' title='bbox 1277 3397 1506 3470; x_wconf 81' lang='lat' dir='ltr'>visum</span> <span class='ocrx_word' id='word_1_236' title='bbox 1564 3401 1701 3486; x_wconf 88' lang='lat' dir='ltr'>est,</span> <span class='ocrx_word' id='word_1_237' title='bbox 1759 3397 1963 3470; x_wconf 90' lang='lat' dir='ltr'>illum</span> <span class='ocrx_word' id='word_1_238' title='bbox 2003 3399 2086 3470; x_wconf 92' lang='lat' dir='ltr'>de</span> <span class='ocrx_word' id='word_1_239' title='bbox 2122 3397 2562 3491; x_wconf 87' lang='lat' dir='ltr'>possessione</span> <span class='ocrx_word' id='word_1_240' title='bbox 2600 3399 2911 3470; x_wconf 89' lang='lat' dir='ltr'>Ducatus</span> <span class='ocrx_word' id='word_1_241' title='bbox 2949 3399 3185 3490; x_wconf 87' lang='lat' dir='ltr'>Magni</span> <span class='ocrx_word' id='word_1_242' title='bbox 3222 3399 3613 3487; x_wconf 88' lang='lat' dir='ltr'>detrahere,</span> <span class='ocrx_word' id='word_1_243' title='bbox 3652 3405 3803 3470; x_wconf 91' lang='lat' dir='ltr'>tum</span> <span class='ocrx_word' id='word_1_244' title='bbox 3842 3399 4029 3489; x_wconf 90' lang='lat' dir='ltr'>quod</span> 
     </span>
     <span class='ocr_line' id='line_1_26' title="bbox 934 3499 4029 3604; baseline -0 -15"><span class='ocrx_word' id='word_1_245' title='bbox 934 3516 1374 3590; x_wconf 86' lang='lat' dir='ltr'>Wladislaus</span> <span class='ocrx_word' id='word_1_246' title='bbox 1427 3517 1764 3590; x_wconf 87' lang='lat' dir='ltr'>Poloniae</span> <span class='ocrx_word' id='word_1_247' title='bbox 1800 3518 1952 3590; x_wconf 87' lang='lat' dir='ltr'>Rex</span> <span class='ocrx_word' id='word_1_248' title='bbox 1991 3518 2265 3590; x_wconf 89' lang='lat' dir='ltr'>occulto</span> <span class='ocrx_word' id='word_1_249' title='bbox 2304 3523 2375 3590; x_wconf 91' lang='lat' dir='ltr'>et</span> <span class='ocrx_word' id='word_1_250' title='bbox 2394 3499 2689 3590; x_wconf 54' lang='lat' dir='ltr'>&#39;intense</span> <span class='ocrx_word' id='word_1_251' title='bbox 2727 3518 2969 3590; x_wconf 87' lang='lat' dir='ltr'>ardore</span> <span class='ocrx_word' id='word_1_252' title='bbox 3008 3518 3360 3592; x_wconf 87' lang='lat' dir='ltr'>sciebatur</span> <span class='ocrx_word' id='word_1_253' title='bbox 3396 3519 3531 3591; x_wconf 90' lang='lat' dir='ltr'>sibi</span> <span class='ocrx_word' id='word_1_254' title='bbox 3570 3520 3834 3604; x_wconf 81' lang='lat' dir='ltr'>favere,</span> <span class='ocrx_word' id='word_1_255' title='bbox 3878 3524 4029 3589; x_wconf 89' lang='lat' dir='ltr'>tum</span> 
     </span>
     <span class='ocr_line' id='line_1_27' title="bbox 937 3637 4033 3730; baseline 0 -20"><span class='ocrx_word' id='word_1_256' title='bbox 937 3637 1121 3730; x_wconf 89' lang='lat' dir='ltr'>quod</span> <span class='ocrx_word' id='word_1_257' title='bbox 1176 3659 1218 3709; x_wconf 89' lang='lat' dir='ltr'>a</span> <span class='ocrx_word' id='word_1_258' title='bbox 1271 3637 1622 3710; x_wconf 85' lang='lat' dir='ltr'>Ruthenis</span> <span class='ocrx_word' id='word_1_259' title='bbox 1679 3637 1853 3710; x_wconf 89' lang='lat' dir='ltr'>miro</span> <span class='ocrx_word' id='word_1_260' title='bbox 1909 3637 2335 3729; x_wconf 87' lang='lat' dir='ltr'>diligebatur</span> <span class='ocrx_word' id='word_1_261' title='bbox 2388 3638 2673 3727; x_wconf 87' lang='lat' dir='ltr'>affectu,</span> <span class='ocrx_word' id='word_1_262' title='bbox 2741 3638 3013 3729; x_wconf 89' lang='lat' dir='ltr'>placuit</span> <span class='ocrx_word' id='word_1_263' title='bbox 3076 3639 3429 3727; x_wconf 76' lang='lat' dir='ltr'>omnibuS,</span> <span class='ocrx_word' id='word_1_264' title='bbox 3486 3643 3567 3710; x_wconf 89' lang='lat' dir='ltr'>ut</span> <span class='ocrx_word' id='word_1_265' title='bbox 3598 3638 3662 3728; x_wconf 80' lang='lat'>⁹)</span> <span class='ocrx_word' id='word_1_266' title='bbox 3718 3637 4033 3711; x_wconf 65' lang='lat' dir='ltr'>modeste</span> 
     </span>
     <span class='ocr_line' id='line_1_28' title="bbox 933 3757 4029 3863; baseline -0 -33"><span class='ocrx_word' id='word_1_267' title='bbox 933 3778 1172 3832; x_wconf 87' lang='lat' dir='ltr'>secum</span> <span class='ocrx_word' id='word_1_268' title='bbox 1208 3758 1297 3846; x_wconf 80' lang='grc'>10)</span> <span class='ocrx_word' id='word_1_269' title='bbox 1353 3757 1634 3850; x_wconf 88' lang='lat' dir='ltr'>singula</span> <span class='ocrx_word' id='word_1_270' title='bbox 1688 3765 2060 3850; x_wconf 88' lang='lat' dir='ltr'>agerentur</span> <span class='ocrx_word' id='word_1_271' title='bbox 2097 3758 2211 3844; x_wconf 87' lang='lat'>¹¹),</span> <span class='ocrx_word' id='word_1_272' title='bbox 2268 3758 2332 3863; x_wconf 72' lang='lat' dir='ltr'>si</span> <span class='ocrx_word' id='word_1_273' title='bbox 2390 3760 2563 3830; x_wconf 90' lang='lat' dir='ltr'>forte</span> <span class='ocrx_word' id='word_1_274' title='bbox 2616 3757 2853 3850; x_wconf 88' lang='lat' dir='ltr'>aliquo</span> <span class='ocrx_word' id='word_1_275' title='bbox 2908 3763 3111 3850; x_wconf 90' lang='lat' dir='ltr'>pacto</span> <span class='ocrx_word' id='word_1_276' title='bbox 3174 3779 3391 3850; x_wconf 83' lang='lat' dir='ltr'>prava</span> <span class='ocrx_word' id='word_1_277' title='bbox 3443 3778 3639 3830; x_wconf 90' lang='lat' dir='ltr'>mens</span> <span class='ocrx_word' id='word_1_278' title='bbox 3695 3762 3767 3831; x_wconf 94' lang='lat' dir='ltr'>et</span> <span class='ocrx_word' id='word_1_279' title='bbox 3820 3758 4029 3830; x_wconf 79' lang='lat' dir='ltr'>vehe—</span> 
     </span>
     <span class='ocr_line' id='line_1_29' title="bbox 934 3877 4025 3972; baseline -0 -21"><span class='ocrx_word' id='word_1_280' title='bbox 934 3878 1196 3951; x_wconf 88' lang='lat' dir='ltr'>mentia</span> <span class='ocrx_word' id='word_1_281' title='bbox 1251 3879 1484 3950; x_wconf 90' lang='lat' dir='ltr'>sanari</span> <span class='ocrx_word' id='word_1_282' title='bbox 1534 3881 1804 3969; x_wconf 87' lang='lat' dir='ltr'>posset:</span> <span class='ocrx_word' id='word_1_283' title='bbox 1863 3877 1936 3950; x_wconf 88' lang='lat' dir='ltr'>in</span> <span class='ocrx_word' id='word_1_284' title='bbox 1983 3900 2150 3970; x_wconf 91' lang='lat' dir='ltr'>quo,</span> <span class='ocrx_word' id='word_1_285' title='bbox 2211 3901 2348 3950; x_wconf 90' lang='lat' dir='ltr'>non</span> <span class='ocrx_word' id='word_1_286' title='bbox 2404 3883 2547 3950; x_wconf 90' lang='lat' dir='ltr'>tam</span> <span class='ocrx_word' id='word_1_287' title='bbox 2602 3879 2739 3951; x_wconf 89' lang='lat' dir='ltr'>sibi</span> <span class='ocrx_word' id='word_1_288' title='bbox 2776 3877 2889 3967; x_wconf 79' lang='lat'>¹²),</span> <span class='ocrx_word' id='word_1_289' title='bbox 2948 3900 3155 3971; x_wconf 88' lang='lat' dir='ltr'>quam</span> <span class='ocrx_word' id='word_1_290' title='bbox 3191 3879 3423 3972; x_wconf 90' lang='lat' dir='ltr'>regiae</span> <span class='ocrx_word' id='word_1_291' title='bbox 3458 3877 3847 3965; x_wconf 79' lang='lat' dir='ltr'>voluntati,</span> <span class='ocrx_word' id='word_1_292' title='bbox 3906 3878 4025 3950; x_wconf 87' lang='lat' dir='ltr'>de-</span> 
     </span>
     <span class='ocr_line' id='line_1_30' title="bbox 934 3997 4029 4089; baseline 0 -20"><span class='ocrx_word' id='word_1_293' title='bbox 934 3997 1314 4085; x_wconf 88' lang='lat' dir='ltr'>ferebatur,</span> <span class='ocrx_word' id='word_1_294' title='bbox 1373 3997 1494 4089; x_wconf 91' lang='lat' dir='ltr'>qui</span> <span class='ocrx_word' id='word_1_295' title='bbox 1549 4018 1764 4089; x_wconf 87' lang='lat' dir='ltr'>aeque</span> <span class='ocrx_word' id='word_1_296' title='bbox 1819 4003 1887 4070; x_wconf 88' lang='lat' dir='ltr'>et</span> <span class='ocrx_word' id='word_1_297' title='bbox 1942 3998 2277 4088; x_wconf 90' lang='lat' dir='ltr'>amplius,</span> <span class='ocrx_word' id='word_1_298' title='bbox 2336 4019 2543 4088; x_wconf 88' lang='lat' dir='ltr'>quam</span> <span class='ocrx_word' id='word_1_299' title='bbox 2599 3997 2734 4071; x_wconf 91' lang='lat' dir='ltr'>sibi</span> <span class='ocrx_word' id='word_1_300' title='bbox 2790 4004 2913 4070; x_wconf 87' lang='lat' dir='ltr'>aut</span> <span class='ocrx_word' id='word_1_301' title='bbox 2967 3999 3115 4070; x_wconf 90' lang='lat' dir='ltr'>suis</span> <span class='ocrx_word' id='word_1_302' title='bbox 3152 3999 3375 4087; x_wconf 89' lang='lat' dir='ltr'>natis,</span> <span class='ocrx_word' id='word_1_303' title='bbox 3415 3998 3500 4069; x_wconf 91' lang='lat' dir='ltr'>de</span> <span class='ocrx_word' id='word_1_304' title='bbox 3539 3998 3728 4070; x_wconf 92' lang='lat' dir='ltr'>omni</span> <span class='ocrx_word' id='word_1_305' title='bbox 3766 3999 4029 4070; x_wconf 83' lang='lat' dir='ltr'>honore</span> 
     </span>
     <span class='ocr_line' id='line_1_31' title="bbox 937 4116 4027 4210; baseline -0.001 -19"><span class='ocrx_word' id='word_1_306' title='bbox 937 4121 1008 4191; x_wconf 90' lang='lat' dir='ltr'>et</span> <span class='ocrx_word' id='word_1_307' title='bbox 1061 4117 1554 4208; x_wconf 87' lang='lat' dir='ltr'>amplitudine,</span> <span class='ocrx_word' id='word_1_308' title='bbox 1611 4123 1682 4190; x_wconf 89' lang='lat' dir='ltr'>et</span> <span class='ocrx_word' id='word_1_309' title='bbox 1736 4118 2096 4210; x_wconf 89' lang='lat' dir='ltr'>signanter</span> <span class='ocrx_word' id='word_1_310' title='bbox 2149 4119 2474 4190; x_wconf 86' lang='lat' dir='ltr'>Ducatus·</span> <span class='ocrx_word' id='word_1_311' title='bbox 2517 4116 2755 4209; x_wconf 85' lang='lat' dir='ltr'>Magni</span> <span class='ocrx_word' id='word_1_312' title='bbox 2800 4117 3251 4205; x_wconf 83' lang='lat' dir='ltr'>excellentia,</span> <span class='ocrx_word' id='word_1_313' title='bbox 3293 4118 3593 4191; x_wconf 85' lang='lat' dir='ltr'>favebat.</span> <span class='ocrx_word' id='word_1_314' title='bbox 3652 4118 3745 4189; x_wconf 85' lang='lat' dir='ltr'>Et</span> <span class='ocrx_word' id='word_1_315' title='bbox 3782 4138 4027 4208; x_wconf 87' lang='lat' dir='ltr'>quam·</span> 
     </span>
     <span class='ocr_line' id='line_1_32' title="bbox 936 4236 4029 4311; baseline -0.001 -1"><span class='ocrx_word' id='word_1_316' title='bbox 936 4236 1048 4311; x_wconf 84' lang='lat' dir='ltr'>vis</span> <span class='ocrx_word' id='word_1_317' title='bbox 1105 4236 1410 4310; x_wconf 90' lang='lat' dir='ltr'>omnium</span> <span class='ocrx_word' id='word_1_318' title='bbox 1465 4237 1945 4310; x_wconf 88' lang='lat' dir='ltr'>Praelatorum</span> <span class='ocrx_word' id='word_1_319' title='bbox 2003 4242 2072 4310; x_wconf 90' lang='lat' dir='ltr'>et</span> <span class='ocrx_word' id='word_1_320' title='bbox 2125 4238 2461 4311; x_wconf 86' lang='lat' dir='ltr'>baronum</span> <span class='ocrx_word' id='word_1_321' title='bbox 2516 4237 2810 4309; x_wconf 90' lang='lat' dir='ltr'>consilio</span> <span class='ocrx_word' id='word_1_322' title='bbox 2867 4242 2937 4309; x_wconf 95' lang='lat' dir='ltr'>et</span> <span class='ocrx_word' id='word_1_323' title='bbox 2994 4237 3495 4311; x_wconf 85' lang='lat' dir='ltr'>deliberatione</span> <span class='ocrx_word' id='word_1_324' title='bbox 3550 4238 3815 4310; x_wconf 89' lang='lat' dir='ltr'>bellum</span> <span class='ocrx_word' id='word_1_325' title='bbox 3866 4257 4029 4309; x_wconf 89' lang='lat' dir='ltr'>con·</span> 
     </span>
     <span class='ocr_line' id='line_1_33' title="bbox 936 4355 4031 4450; baseline 0 -21"><span class='ocrx_word' id='word_1_326' title='bbox 936 4362 1050 4431; x_wconf 87' lang='lat' dir='ltr'>tra</span> <span class='ocrx_word' id='word_1_327' title='bbox 1109 4357 1342 4448; x_wconf 88' lang='lat' dir='ltr'>ipsum</span> <span class='ocrx_word' id='word_1_328' title='bbox 1410 4359 1646 4430; x_wconf 87' lang='lat' dir='ltr'>futura</span> <span class='ocrx_word' id='word_1_329' title='bbox 1709 4362 1976 4430; x_wconf 86' lang='lat' dir='ltr'>aestate</span> <span class='ocrx_word' id='word_1_330' title='bbox 2039 4357 2450 4450; x_wconf 87' lang='lat' dir='ltr'>gerendum,</span> <span class='ocrx_word' id='word_1_331' title='bbox 2518 4362 2587 4429; x_wconf 92' lang='lat' dir='ltr'>et</span> <span class='ocrx_word' id='word_1_332' title='bbox 2651 4355 3011 4449; x_wconf 88' lang='lat' dir='ltr'>signanter</span> <span class='ocrx_word' id='word_1_333' title='bbox 3063 4379 3187 4448; x_wconf 92' lang='lat' dir='ltr'>pro</span> <span class='ocrx_word' id='word_1_334' title='bbox 3243 4357 3759 4449; x_wconf 90' lang='lat' dir='ltr'>conquisitione</span> <span class='ocrx_word' id='word_1_335' title='bbox 3810 4357 4031 4430; x_wconf 86' lang='lat' dir='ltr'>castri</span> 
     </span>
     <span class='ocr_line' id='line_1_34' title="bbox 935 4476 4031 4550; baseline -0 -2"><span class='ocrx_word' id='word_1_336' title='bbox 935 4477 1253 4550; x_wconf 84' lang='lat' dir='ltr'>Luczsko</span> <span class='ocrx_word' id='word_1_337' title='bbox 1310 4477 1562 4550; x_wconf 90' lang='lat' dir='ltr'>fuisset</span> <span class='ocrx_word' id='word_1_338' title='bbox 1618 4477 2004 4550; x_wconf 85' lang='lat' dir='ltr'>decretum:</span> <span class='ocrx_word' id='word_1_339' title='bbox 2064 4476 2297 4548; x_wconf 88' lang='lat' dir='ltr'>nuntii</span> <span class='ocrx_word' id='word_1_340' title='bbox 2353 4484 2585 4548; x_wconf 89' lang='lat' dir='ltr'>tamen</span> <span class='ocrx_word' id='word_1_341' title='bbox 2640 4497 2727 4550; x_wconf 82' lang='lat' dir='ltr'>ex</span> <span class='ocrx_word' id='word_1_342' title='bbox 2776 4476 3213 4549; x_wconf 85' lang='lat' dir='ltr'>Sandomiria</span> <span class='ocrx_word' id='word_1_343' title='bbox 3250 4477 3336 4550; x_wconf 85' lang='lat' dir='ltr'>ad</span> <span class='ocrx_word' id='word_1_344' title='bbox 3374 4477 3580 4549; x_wconf 89' lang='lat' dir='ltr'>illum</span> <span class='ocrx_word' id='word_1_345' title='bbox 3618 4477 3693 4549; x_wconf 90' lang='lat' dir='ltr'>in</span> <span class='ocrx_word' id='word_1_346' title='bbox 3729 4477 4031 4549; x_wconf 87' lang='lat' dir='ltr'>Lithua-</span> 
     </span>
     <span class='ocr_line' id='line_1_35' title="bbox 935 4595 4027 4687; baseline -0 -18"><span class='ocrx_word' id='word_1_347' title='bbox 935 4597 1124 4669; x_wconf 88' lang='lat' dir='ltr'>niam</span> <span class='ocrx_word' id='word_1_348' title='bbox 1179 4596 1380 4670; x_wconf 91' lang='lat' dir='ltr'>missi</span> <span class='ocrx_word' id='word_1_349' title='bbox 1433 4602 1634 4687; x_wconf 89' lang='lat' dir='ltr'>sunt,</span> <span class='ocrx_word' id='word_1_350' title='bbox 1691 4596 2023 4670; x_wconf 82' lang='lat' dir='ltr'>videlicet</span> <span class='ocrx_word' id='word_1_351' title='bbox 2087 4597 2487 4669; x_wconf 87' lang='lat' dir='ltr'>Stanislaus</span> <span class='ocrx_word' id='word_1_352' title='bbox 2560 4595 3091 4684; x_wconf 84' lang='lat' dir='ltr'>Posnaniensis,</span> <span class='ocrx_word' id='word_1_353' title='bbox 3159 4596 3508 4670; x_wconf 88' lang='lat' dir='ltr'>Iohannes</span> <span class='ocrx_word' id='word_1_354' title='bbox 3564 4597 4027 4682; x_wconf 71' lang='lat' dir='ltr'>ChelmensiS,</span> 
     </span>
     <span class='ocr_line' id='line_1_36' title="bbox 935 4714 4029 4810; baseline -0 -20"><span class='ocrx_word' id='word_1_355' title='bbox 935 4717 1276 4810; x_wconf 89' lang='lat' dir='ltr'>episcopi,</span> <span class='ocrx_word' id='word_1_356' title='bbox 1335 4716 1804 4810; x_wconf 86' lang='lat' dir='ltr'>Sandivogius</span> <span class='ocrx_word' id='word_1_357' title='bbox 1859 4717 1944 4790; x_wconf 89' lang='lat' dir='ltr'>de</span> <span class='ocrx_word' id='word_1_358' title='bbox 1998 4716 2334 4807; x_wconf 89' lang='lat' dir='ltr'>Ostrorog</span> <span class='ocrx_word' id='word_1_359' title='bbox 2394 4714 2924 4803; x_wconf 77' lang='lat' dir='ltr'>PosnaniensiS,</span> <span class='ocrx_word' id='word_1_360' title='bbox 2990 4715 3345 4790; x_wconf 88' lang='lat' dir='ltr'>Iohannes</span> <span class='ocrx_word' id='word_1_361' title='bbox 3399 4718 3485 4790; x_wconf 91' lang='lat' dir='ltr'>de</span> <span class='ocrx_word' id='word_1_362' title='bbox 3538 4717 3793 4791; x_wconf 92' lang='lat' dir='ltr'>Lichin</span> <span class='ocrx_word' id='word_1_363' title='bbox 3860 4719 4029 4789; x_wconf 85' lang='lat' dir='ltr'>Bre-</span> 
     </span>
     <span class='ocr_line' id='line_1_37' title="bbox 935 4835 4029 4930; baseline 0 -21"><span class='ocrx_word' id='word_1_364' title='bbox 935 4837 1230 4927; x_wconf 79' lang='lat' dir='ltr'>stensiS,</span> <span class='ocrx_word' id='word_1_365' title='bbox 1285 4837 1616 4930; x_wconf 86' lang='lat' dir='ltr'>palatini,</span> <span class='ocrx_word' id='word_1_366' title='bbox 1676 4859 1832 4910; x_wconf 92' lang='lat' dir='ltr'>cum</span> <span class='ocrx_word' id='word_1_367' title='bbox 1887 4837 2000 4910; x_wconf 89' lang='lat' dir='ltr'>his</span> <span class='ocrx_word' id='word_1_368' title='bbox 2056 4835 2437 4924; x_wconf 81' lang='lat' dir='ltr'>mandatiS,</span> <span class='ocrx_word' id='word_1_369' title='bbox 2494 4841 2575 4908; x_wconf 91' lang='lat' dir='ltr'>ut</span> <span class='ocrx_word' id='word_1_370' title='bbox 2610 4836 2927 4908; x_wconf 87' lang='lat' dir='ltr'>Luczsko</span> <span class='ocrx_word' id='word_1_371' title='bbox 2966 4840 3275 4910; x_wconf 88' lang='lat' dir='ltr'>castrum</span> <span class='ocrx_word' id='word_1_372' title='bbox 3314 4843 3384 4911; x_wconf 90' lang='lat' dir='ltr'>et</span> <span class='ocrx_word' id='word_1_373' title='bbox 3420 4842 3676 4910; x_wconf 86' lang='lat' dir='ltr'>terram</span> <span class='ocrx_word' id='word_1_374' title='bbox 3715 4838 4029 4911; x_wconf 78' lang='lat' dir='ltr'>Luc-zen·</span> 
     </span>
    </p>
   </div>
   <div class='ocr_carea' id='block_1_4' title="bbox 941 5139 4033 5534">
    <p class='ocr_par' dir='ltr' id='par_1_4' title="bbox 941 5139 4033 5534">
     <span class='ocr_line' id='line_1_38' title="bbox 1155 5139 4027 5228; baseline -0 -21"><span class='ocrx_word' id='word_1_375' title='bbox 1155 5143 1200 5224; x_wconf 91' lang='lat'>¹)</span> <span class='ocrx_word' id='word_1_376' title='bbox 1247 5145 1722 5207; x_wconf 82' lang='lat' dir='ltr'>Condulmarium</span> <span class='ocrx_word' id='word_1_377' title='bbox 1779 5141 1907 5206; x_wconf 79' lang='lat' dir='ltr'>Ed.</span> <span class='ocrx_word' id='word_1_378' title='bbox 1968 5141 2150 5228; x_wconf 77' lang='lat' dir='ltr'>Lips.</span> <span class='ocrx_word' id='word_1_379' title='bbox 2214 5144 2269 5224; x_wconf 72' lang='grc'>2)</span> <span class='ocrx_word' id='word_1_380' title='bbox 2316 5145 2630 5222; x_wconf 83' lang='lat' dir='ltr'>explicatio</span> <span class='ocrx_word' id='word_1_381' title='bbox 2694 5139 2844 5207; x_wconf 79' lang='lat' dir='ltr'>Cod.</span> <span class='ocrx_word' id='word_1_382' title='bbox 2902 5143 3095 5209; x_wconf 81' lang='lat' dir='ltr'>Rozr.</span> <span class='ocrx_word' id='word_1_383' title='bbox 3162 5145 3210 5224; x_wconf 71' lang='lat'>¹¹)</span> <span class='ocrx_word' id='word_1_384' title='bbox 3258 5147 3573 5207; x_wconf 81' lang='lat' dir='ltr'>Smotrzicz</span> <span class='ocrx_word' id='word_1_385' title='bbox 3632 5141 3786 5208; x_wconf 78' lang='lat' dir='ltr'>Cod.</span> <span class='ocrx_word' id='word_1_386' title='bbox 3836 5142 4027 5206; x_wconf 80' lang='lat' dir='ltr'>Rozr.</span> 
     </span>
     <span class='ocr_line' id='line_1_39' title="bbox 942 5243 4033 5330; baseline 0 -23"><span class='ocrx_word' id='word_1_387' title='bbox 942 5247 995 5329; x_wconf 85' lang='lat'>⁴)</span> <span class='ocrx_word' id='word_1_388' title='bbox 1043 5249 1295 5308; x_wconf 88' lang='lat' dir='ltr'>solutum</span> <span class='ocrx_word' id='word_1_389' title='bbox 1341 5254 1448 5310; x_wconf 83' lang='lat' dir='ltr'>est.</span> <span class='ocrx_word' id='word_1_390' title='bbox 1499 5245 1650 5312; x_wconf 79' lang='lat' dir='ltr'>Cod.</span> <span class='ocrx_word' id='word_1_391' title='bbox 1697 5245 1888 5310; x_wconf 73' lang='lat' dir='ltr'>Rozr.</span> <span class='ocrx_word' id='word_1_392' title='bbox 1953 5247 2004 5328; x_wconf 74' lang='lat'>⁵)</span> <span class='ocrx_word' id='word_1_393' title='bbox 2063 5251 2480 5327; x_wconf 65' lang='lat' dir='ltr'>Trabouliensi</span> <span class='ocrx_word' id='word_1_394' title='bbox 2540 5245 2665 5310; x_wconf 79' lang='lat' dir='ltr'>Ed.</span> <span class='ocrx_word' id='word_1_395' title='bbox 2728 5246 2907 5330; x_wconf 70' lang='lat' dir='ltr'>Lips.</span> <span class='ocrx_word' id='word_1_396' title='bbox 2972 5248 3027 5327; x_wconf 79' lang='lat'>⁰)</span> <span class='ocrx_word' id='word_1_397' title='bbox 3072 5251 3322 5309; x_wconf 84' lang='lat' dir='ltr'>Sbcrasz</span> <span class='ocrx_word' id='word_1_398' title='bbox 3371 5245 3523 5311; x_wconf 80' lang='lat' dir='ltr'>Cod.</span> <span class='ocrx_word' id='word_1_399' title='bbox 3579 5243 3759 5310; x_wconf 82' lang='lat' dir='ltr'>Calv.</span> <span class='ocrx_word' id='word_1_400' title='bbox 3810 5246 3867 5327; x_wconf 70' lang='lat'>⁴¹)</span> <span class='ocrx_word' id='word_1_401' title='bbox 3908 5249 4033 5308; x_wconf 82' lang='lat' dir='ltr'>suis</span> 
     </span>
     <span class='ocr_line' id='line_1_40' title="bbox 941 5347 4031 5435; baseline 0 -22"><span class='ocrx_word' id='word_1_402' title='bbox 941 5349 1068 5414; x_wconf 78' lang='lat' dir='ltr'>Ed.</span> <span class='ocrx_word' id='word_1_403' title='bbox 1113 5347 1292 5434; x_wconf 78' lang='lat' dir='ltr'>Lips.</span> <span class='ocrx_word' id='word_1_404' title='bbox 1341 5349 1394 5432; x_wconf 72' lang='grc'>8)</span> <span class='ocrx_word' id='word_1_405' title='bbox 1441 5353 1542 5427; x_wconf 90' lang='lat' dir='ltr'>qui</span> <span class='ocrx_word' id='word_1_406' title='bbox 1593 5347 1744 5414; x_wconf 77' lang='lat' dir='ltr'>Cod.</span> <span class='ocrx_word' id='word_1_407' title='bbox 1789 5349 1984 5414; x_wconf 81' lang='lat' dir='ltr'>Rozr.</span> <span class='ocrx_word' id='word_1_408' title='bbox 2034 5349 2086 5432; x_wconf 81' lang='lat'>⁹)</span> <span class='ocrx_word' id='word_1_409' title='bbox 2131 5357 2199 5412; x_wconf 89' lang='lat' dir='ltr'>ut</span> <span class='ocrx_word' id='word_1_410' title='bbox 2242 5349 2411 5414; x_wconf 75' lang='lat' dir='ltr'>deest</span> <span class='ocrx_word' id='word_1_411' title='bbox 2454 5351 2527 5414; x_wconf 79' lang='lat' dir='ltr'>in</span> <span class='ocrx_word' id='word_1_412' title='bbox 2574 5347 2726 5414; x_wconf 78' lang='lat' dir='ltr'>Cod.</span> <span class='ocrx_word' id='word_1_413' title='bbox 2763 5347 2939 5415; x_wconf 79' lang='lat' dir='ltr'>Calv.</span> <span class='ocrx_word' id='word_1_414' title='bbox 2983 5347 3063 5435; x_wconf 89' lang='lat'>¹⁰)</span> <span class='ocrx_word' id='word_1_415' title='bbox 3097 5371 3227 5414; x_wconf 89' lang='lat' dir='ltr'>cum</span> <span class='ocrx_word' id='word_1_416' title='bbox 3258 5371 3327 5414; x_wconf 87' lang='lat' dir='ltr'>eo</span> <span class='ocrx_word' id='word_1_417' title='bbox 3362 5348 3513 5415; x_wconf 76' lang='lat' dir='ltr'>cod.</span> <span class='ocrx_word' id='word_1_418' title='bbox 3545 5349 3743 5414; x_wconf 77' lang='lat' dir='ltr'>Rozr.</span> <span class='ocrx_word' id='word_1_419' title='bbox 3788 5350 3867 5431; x_wconf 85' lang='lat'>¹¹)</span> <span class='ocrx_word' id='word_1_420' title='bbox 3896 5369 4031 5428; x_wconf 76' lang='lat' dir='ltr'>age-</span> 
     </span>
     <span class='ocr_line' id='line_1_41' title="bbox 941 5449 2603 5534; baseline -0.002 -17"><span class='ocrx_word' id='word_1_421' title='bbox 941 5459 1144 5526; x_wconf 73' lang='lat' dir='ltr'>rentur</span> <span class='ocrx_word' id='word_1_422' title='bbox 1187 5451 1355 5515; x_wconf 75' lang='lat' dir='ltr'>deest</span> <span class='ocrx_word' id='word_1_423' title='bbox 1399 5453 1470 5515; x_wconf 77' lang='lat' dir='ltr'>in</span> <span class='ocrx_word' id='word_1_424' title='bbox 1519 5449 1670 5516; x_wconf 85' lang='lat' dir='ltr'>Cod.</span> <span class='ocrx_word' id='word_1_425' title='bbox 1721 5449 1895 5516; x_wconf 84' lang='lat' dir='ltr'>Calv.</span> <span class='ocrx_word' id='word_1_426' title='bbox 1953 5455 2026 5534; x_wconf 87' lang='lat'>¹²)</span> <span class='ocrx_word' id='word_1_427' title='bbox 2072 5456 2160 5515; x_wconf 90' lang='lat' dir='ltr'>illi</span> <span class='ocrx_word' id='word_1_428' title='bbox 2210 5449 2364 5517; x_wconf 79' lang='lat' dir='ltr'>Cod.</span> <span class='ocrx_word' id='word_1_429' title='bbox 2413 5452 2603 5516; x_wconf 83' lang='lat' dir='ltr'>Rozr.</span> 
     </span>
    </p>
   </div>
  </div>
 </body>
</html>
