4342 6384
392 559 523 662 (Α.
561 561 655 638 D.
696 560 951 663 1420.)
1544 589 1771 643 mann
1822 589 2282 644 monemus,
3334 572 3476 645 251

388 770 687 845 tentiam
749 791 1027 864 quoque
1087 773 1659 865 praeiudicialem
1713 774 1925 848 nimis
1980 779 2051 848 et
2105 796 2464 848 onerosam
2527 797 2666 848 non
2731 776 3290 869 praecipitasset.
3349 778 3489 852 Sed

387 913 511 966 nec
572 897 976 984 praesumat
1030 897 1153 966 tua
1178 895 1600 984 serenitas,
1666 894 2311 986 pronuntiationem
2376 895 2766 968 sententiae
2828 898 3185 988 praefatae
3249 902 3485 989 partes

386 1011 811 1086 dissidentes
864 1013 1349 1102 concordasse,
1410 1015 1579 1107 quin
1633 1037 1757 1106 pro
1812 1020 2000 1088 corto
2056 1021 2127 1088 et
2182 1014 2578 1088 indubitato
2634 1021 2904 1104 teneat,
2964 1017 3210 1089 maiori
3262 1019 3484 1091 bello-

387 1153 543 1208 rum
596 1130 897 1206 stridore
950 1132 1115 1206 illas
1170 1134 1591 1224 involvisse,
1630 1140 1702 1208 et
1740 1133 2193 1224 seminarium
2245 1155 2652 1228 guerrarum
2692 1136 2745 1225 1)
2799 1135 2986 1208 inter
3038 1157 3156 1209 eas
3186 1135 3248 1226 2)
3305 1137 3482 1212 inie-

387 1250 601 1339 cissc;
666 1272 825 1326 cum
888 1253 1379 1328 serenissimus
1433 1255 1775 1327 Dominus
1828 1275 2023 1328 meus
2079 1256 2236 1328 Rex
2290 1256 2699 1327 nullatenus
2751 1276 3129 1348 gravamen
3185 1256 3323 1329 sibi
3379 1257 3486 1328 in-

388 1371 657 1444 flictum
712 1373 989 1444 laturus
1045 1373 1171 1461 sit,
1240 1374 1361 1448 sod
1416 1374 1628 1448 etiam
1682 1394 1867 1447 nunc
1931 1374 2117 1448 viros
2183 1379 2254 1448 et
2307 1371 2561 1448 solatia
2594 1372 2656 1463 ³)
2711 1375 3098 1464 contrahit,
3171 1381 3251 1448 ut
3304 1377 3489 1448 illud

388 1492 665 1564 aboleat
716 1495 787 1565 et
838 1492 1211 1566 rescindat.
1270 1494 1637 1587 Affligitur
1689 1494 1989 1587 denique
2042 1494 2578 1567 illustrissimus
2633 1516 2829 1567 meus
2885 1495 3226 1568 Dominus
3282 1497 3485 1568 Polo-

388 1611 544 1686 niae
596 1611 757 1684 Rex
820 1633 959 1684 non
1012 1615 1157 1685 tam
1212 1613 1297 1687 de
1344 1635 1472 1686 sua
1508 1613 1819 1688 evidenti
1866 1613 2157 1702 iniuria,
2217 1635 2424 1706 quam
2463 1614 2547 1687 de
2586 1618 2748 1688 tuae
2787 1614 3203 1688 Serenitatis
3239 1615 3488 1708 grandi

388 1733 723 1823 prolapsu
752 1731 849 1821 4);
906 1731 1059 1823 ipse
1112 1732 1460 1824 siquidem
1514 1733 1752 1807 divino
1820 1733 2169 1826 praesidio
2235 1735 2493 1823 fultuS,
2551 1738 2622 1807 et
2675 1734 2758 1807 de
2805 1734 3086 1808 iustitia
3123 1756 3250 1808 sua
3285 1755 3485 1827 prae-

392 1871 705 1939 sumone,
764 1851 967 1926 facile
1020 1850 1354 1926 iniuriam
1408 1875 1639 1940 suam,
1699 1857 1823 1926 tua
1874 1854 2445 1945 pronuntiatione
2499 1852 2637 1926 sibi
2691 1859 2762 1926 et
2817 1855 3058 1948 Regno
3114 1854 3485 1947 ingestam,

390 1971 785 2064 abrogabit,
842 1991 1123 2044 causam
1178 1992 1375 2044 suam
1433 1976 1557 2044 tua
1608 1973 2214 2064 pronuntiatione,
2281 1993 2458 2066 quae
2522 1994 2648 2046 nec
2701 1973 2816 2046 illi
2871 1973 3234 2047 detrahere
3289 1974 3483 2066 quic-

390 2113 629 2182 quam,
687 2111 815 2164 nec
866 2090 1189 2163 hostibus
1244 2091 1431 2164 vires
1486 2092 1784 2166 adiicere
1838 2093 2128 2184 poterit,
2186 2093 2666 2164 tantummodo
2722 2094 3086 2182 infectam,
3142 2093 3342 2167 brevi
3379 2116 3484 2167 re·

389 2210 855 2284 validaturus.
915 2209 1175 2282 Verum
1231 2215 1513 2284 veretur
1566 2215 1637 2284 ct
1692 2212 2137 2284 vehomenter
2188 2210 2596 2284 reformidat
2650 2216 2720 2284 et
2775 2211 2979 2303 quasi
3033 2213 3236 2286 corde
3287 2233 3487 2305 prae·

389 2352 553 2425 sago
626 2329 761 2403 tibi
829 2329 903 2402 id
975 2331 1327 2403 ominatur
1399 2332 1713 2404 tutu-rum
1737 2388 1754 2419 ,
1828 2337 1909 2404 ut
1984 2330 2562 2423 quemadmodum
2635 2335 2760 2402 tua
2834 2331 3190 2404 Serenitas
3263 2353 3490 2424 neque

389 2449 757 2544 sanguinis
810 2470 1036 2542 neque
1074 2450 1387 2530 ,foederis
1444 2451 1599 2524 iura
1652 2450 2051 2539 attendens,
2110 2451 2234 2523 sed
2286 2469 2414 2523 nec
2467 2450 2788 2523 iustitiae
2827 2454 2950 2522 aut
2987 2450 3331 2542 aequitati
3369 2451 3486 2525 de-

388 2571 651 2658 ferens,
722 2590 1007 2662 gravem
1080 2575 1293 2662 atque
1364 2571 1641 2660 duram,
1715 2569 1789 2642 in
1845 2591 2129 2643 suorum
2194 2570 2504 2643 hostium
2569 2570 3080 2643 cruciferorum
3152 2571 3484 2659 favorem,

387 2688 811 2765 sententiam
864 2693 1105 2762 contra
1158 2690 1364 2762 illum
1418 2692 1725 2782 proferro
1780 2711 1917 2762 non
1972 2677 2286 2778 erubuit,
2355 2694 2425 2763 et
2479 2711 2638 2762 eum
2703 2690 3150 2762 naturalibus
3207 2694 3276 2762 et
3329 2711 3487 2781 pro-

382 2811 559 2904 priis
616 2807 825 2882 terris
878 2809 1028 2881 suis
1080 2809 1361 2902 privare
1415 2830 1638 2902 neque
1692 2817 1930 2903 turpe,
1996 2831 2219 2903 nequo
2273 2810 2593 2902 iniquum
2648 2810 2886 2883 duxit:
2952 2809 3088 2898 ita,
3155 2829 3242 2882 no
3297 2810 3488 2882 Deus

386 2932 579 3005 ultor
632 2927 1049 3001 iniuriarum
1106 2933 1178 3001 et
1230 2929 1612 3020 aequitatis
1668 2930 2053 3022 inspector,
2112 2930 2442 3018 celerius,
2501 2950 2710 3022 quam
2763 2928 2988 3003 credit
3041 2933 3166 3000 tua
3203 2928 3484 3003 Sereni-

387 3055 529 3137 tas,
588 3051 967 3140 consurgat
1022 3051 1091 3120 et
1143 3053 1339 3120 tuam
1398 3049 1860 3123 Serenitatem
1914 3050 2123 3124 terris
2172 3071 2252 3122 ac
2285 3048 2556 3141 Regnis
2592 3048 2907 3141 paternis
2946 3047 3208 3120 iustius
3249 3052 3488 3138 exuat,

386 3169 677 3262 illisque
732 3172 802 3241 te
855 3167 1117 3259 privet,
1174 3168 1327 3261 qui,
1384 3174 1723 3261 quantum
1760 3169 1833 3242 in
1870 3175 1941 3243 te
1980 3170 2147 3258 fuit,
2191 3169 2564 3243 Dominum
2602 3190 2832 3242 meum
2871 3169 3131 3261 Regem
3171 3173 3242 3242 et
3280 3189 3484 3242 suum

388 3292 715 3383 Regnum
779 3288 1111 3362 Poloniae
1174 3289 1383 3362 terris
1446 3290 1891 3363 naturalibus
1957 3295 2027 3364 et
2088 3291 2433 3381 paterniS,
2503 3289 2686 3382 quod
2751 3293 2822 3362 et
2874 3289 3162 3362 hostilis
3226 3289 3489 3362 oblatio

386 3411 791 3502 profitetur,
858 3407 1137 3500 privare
1202 3410 1555 3482 sententia
1618 3409 1884 3482 iniusta
1938 3409 2399 3499 contendisti3
2469 3409 2589 3500 qui
2643 3429 2769 3501 per
2823 3409 3240 3483 sententiam
3296 3414 3489 3480 tuam

388 3528 792 3602 huiusmodi
844 3527 1158 3620 iniquam
1197 3550 1241 3601 a
1276 3534 1347 3600 te
1401 3529 1615 3602 latam
1635 3586 1652 3618 ,
1712 3529 2227 3602 atrocissimum
2280 3528 2546 3602 bollum
2595 3527 2962 3601 suscitasti
3001 3528 3184 3600 inter
3218 3533 3486 3619 partes:

392 3650 507 3723 sed
572 3652 645 3722 ot
699 3648 955 3736 famae,
1020 3648 1543 3741 honestatique,
1612 3648 1914 3738 animae,
1981 3649 2448 3722 conscientiae
2515 3652 2586 3721 et
2651 3647 2874 3721 statui
2937 3647 3118 3736 tuis,
3185 3647 3489 3739 pessime

392 3767 843 3856 consuluisti,
902 3773 973 3840 et
1026 3773 1426 3860 corruptum
1466 3773 1536 3840 te
1573 3789 1740 3841 auro
1797 3769 2214 3842 Cruciferico
2270 3769 2526 3862 magis,
2583 3789 2791 3860 quam
2848 3767 3210 3842 seductum
3269 3787 3484 3858 pravo

390 3888 716 3975 consilio,
780 3887 1245 3975 denuntiasti,
1312 3887 1759 3978 iniquissimo
1823 3907 2075 3980 genere
2139 3886 2624 3960 arbitramenti
2689 3892 2758 3959 et
2813 3886 3225 3960 decernendi
3289 3907 3485 3972 118118,

393 4010 475 4082 ad
524 4005 1116 4100 pronuntiandam
1147 4006 1207 4095 ⁵)
1264 4006 1685 4080 sententiam
1752 4007 2097 4098 iniquam,
2165 4012 2363 4098 parte
2426 4006 2622 4098 regia
2685 4027 2823 4078 non
2877 4005 3119 4078 audita
3173 4010 3243 4078 et
3298 4004 3490 4076 omni

392 4127 747 4200 audientia
798 4125 945 4214 illi,
1002 4125 1215 4198 etiam
1270 4127 1358 4199 ad
1412 4126 1623 4199 unius
1678 4126 1889 4199 horae
1927 4125 2270 4217 spatium,
2309 4130 2593 4218 negata,
2635 4147 2791 4199 cum
2831 4125 3322 4198 Cruciferieam
3361 4146 3487 4216 per

390 4246 745 4322 biennium
800 4245 1187 4332 audiveris,
1244 4245 1674 4335 inconsulte,
1732 4268 1899 4318 auro
1956 4267 2195 4319 eorum
2226 4246 2288 4335 ⁶)
2343 4245 2732 4334 inescatus,
2789 4245 3208 4337 prorupisti,
3265 4245 3486 4317 ultio-

388 4389 541 4442 nem
596 4366 909 4439 divinam
963 4370 1035 4440 et
1088 4366 1205 4438 hic
1258 4369 1327 4438 et
1384 4365 1457 4437 in
1514 4367 1748 4438 futuro
1803 4387 1941 4437 non
2006 4387 2370 4438 evasurus,
2439 4365 2575 4439 Sed
2629 4369 2699 4438 et
2753 4366 2886 4437 hoc
2935 4369 3005 4438 te
3043 4365 3220 4438 scire
3258 4363 3488 4435 voluit

388 4487 542 4562 Rex
596 4486 933 4559 Poloniae
988 4489 1059 4558 et
1112 4487 1273 4558 Dux
1328 4485 1735 4558 Alexander
1786 4484 2241 4572 Lithuaniae,
2311 4485 2494 4576 quod
2556 4484 3036 4590 pronuntiatio
3094 4482 3488 4558 sententiae

386 4611 531 4679 tam
594 4604 879 4696 iniquae
945 4603 1170 4676 maius
1233 4603 1631 4678 incendium
1695 4625 2101 4697 guerrarum
2134 4604 2196 4692 ⁷)
2252 4603 2436 4677 inter
2497 4593 2736 4694 partes
2799 4603 3148 4691 accendit,
3207 4607 3276 4675 et
3329 4623 3486 4692 pro-

388 4724 733 4798 fundioris
789 4722 1155 4815 sanguinis
1210 4744 1637 4810 mucronem,
1697 4724 1821 4815 qui
1875 4724 2216 4796 hactenus
2271 4722 2696 4796 condebatur
2752 4722 2824 4794 in
2879 4722 3188 4814 vaginis,
3249 4721 3484 4813 evagi-

384 4845 613 4918 navit:
672 4844 875 4929 adeo,
932 4846 1013 4913 ut
1066 4842 1221 4915 Rex
1276 4847 1346 4914 et
1399 4843 1595 4930 Dux,
1653 4841 1990 4934 depositis
2046 4842 2294 4930 armiS,
2361 4863 2539 4933 quae
2601 4847 2842 4914 contra
2893 4863 3202 4933 paganos
3283 4840 3486 4912 indu-

604 5129 654 5216 ¹)
701 5135 987 5194 bellorum
1051 5127 1202 5195 cod.
1265 5129 1456 5195 Rozr.
1520 5129 1573 5208 ²)
1633 5132 1767 5192 illas
1825 5127 1951 5192 Ed.
2018 5127 2200 5212 Lips.
2264 5128 2312 5209 ³)
2372 5130 2594 5190 auxilia
2642 5123 2793 5190 cod.
2845 5127 3038 5190 Rozr.
3101 5125 3154 5206 ⁴)
3199 5130 3491 5206 propulsu

384 5233 542 5300 Cod.
588 5233 764 5298 Kost.
836 5233 891 5315 ὅ)
938 5236 1014 5295 ad
1060 5235 1492 5296 decernendum
1538 5240 1597 5294 ct
1638 5233 2135 5310 pronuntiandum
2185 5227 2336 5294 Cod.
2384 5229 2576 5293 Rozr.
2632 5229 2684 5310 ⁶)
2731 5249 2874 5290 auro
2923 5231 3286 5292 Omciferico
3337 5226 3489 5293 Cod.

380 5339 582 5402 Roz-r.
636 5337 689 5418 ⁷)
737 5339 1021 5400 bellorum
1072 5333 1224 5400 Cod.
1270 5334 1463 5400 Rozr.
