4342 6384
415 531 548 634 (Α.
586 533 679 609 D.
723 533 980 634 1⁴32.)
1583 559 1810 615 uem
1859 557 2318 617 monemus.
3354 539 3506 620 475

559 856 817 946 stignus
864 858 1148 948 opimam
1195 860 1265 930 ot
1309 858 1776 932 universitati·
1819 829 2267 947 cracoviam
2309 861 2677 953 {ntupum
2719 863 2976 935 anina:
3020 865 3337 938 adver-ns

1524 978 1860 1052 vunai-m
1903 979 2099 1070 augi·
2141 980 2373 1054 ninas.

604 1225 836 1300 Terris
890 1225 1176 1300 Maioris
1229 1226 1565 1300 Poloniae
1600 1227 2026 1320 peragratis,
2084 1227 2280 1302 venit
2318 1227 2758 1304 wladislaus
2794 1231 2951 1306 Rex
2988 1231 3064 1305 in
3102 1202 3497 1322 ¹Visliciam,

396 1347 706 1440 quinque
760 1347 1006 1420 diebus
1061 1351 1225 1420 ante
1279 1349 1538 1419 festum
1603 1347 2133 1440 Assumptionis
2199 1350 2496 1424 Sanctae
2560 1350 2823 1424 Mariae
2852 1351 2931 1442 ¹).
2989 1350 3161 1425 Illic
3212 1356 3283 1426 et
3338 1353 3496 1426 Sbi-

393 1490 613 1561 gneus
651 1465 1128 1542 cracoviensis
1165 1466 1532 1558 episcopus
1569 1466 1890 1554 advenit;
1945 1489 2152 1560 quem
2191 1469 2583 1544 venientem
2623 1470 3063 1545 wladislaus
3101 1473 3259 1545 Rex
3297 1475 3497 1547 torvo

397 1590 603 1660 vultu
658 1588 1042 1681 aspicienS,
1099 1591 1352 1680 negata
1387 1587 1678 1661 dextra:
1737 1587 1908 1681 Quis
1963 1593 2066 1677 te,
2125 1589 2390 1682 inquit,
2456 1592 2649 1664 furor
2702 1589 3021 1682 impulit,
3076 1595 3159 1664 ut
3213 1591 3487 1666 ordina·

393 1709 706 1782 tionibus
760 1728 898 1780 non
954 1707 1180 1780 solum
1236 1707 1533 1796 nostris,
1591 1709 1714 1782 sed
1767 1708 1978 1782 etiam
2034 1709 2144 1782 tui
2198 1710 2724 1802 Metropolitani
2762 1715 2833 1786 et
2868 1710 3168 1785 aliorum
3222 1711 3490 1805 episco-

375 1821 637 1920 porum
689 1827 1307 1915 contraveniendO,
1367 1827 1835 1901 Bohemorum
1889 1829 2179 1902 nuntios
2233 1830 2545 1924 graviter
2598 1852 2739 1904 non
2794 1829 2947 1904 sine
2999 1833 3243 1904 nostro
3289 1832 3491 1905 dede-

390 1969 546 2023 core
599 1948 1054 2024 confunderes
1077 1951 1114 2020 ⁴?
1175 1948 1472 2022 tenendo
1535 1947 1611 2021 in
1665 1969 1903 2021 eorum
1967 1950 2369 2041 praesentia
2431 1950 2916 2042 interdictum,
2984 1952 3171 2044 quod
3233 1951 3493 2026 nullibi

389 2070 566 2142 alias
620 2068 762 2142 nisi
815 2069 890 2142 in
946 2072 1069 2141 tua
1121 2066 1384 2141 diocesi
1437 2068 1871 2142 servabatur.
1943 2069 2182 2144 Credis
2246 2074 2557 2145 caeteros
2620 2079 2850 2145 errare
2904 2074 2976 2144 et
3030 2091 3167 2143 non
3222 2070 3489 2144 intelli·

385 2212 578 2284 gere,
636 2194 708 2263 et
760 2192 830 2262 te
883 2187 1192 2262 omnium
1245 2187 1624 2262 doctiorem
1675 2189 2338 2283 prudentioremque
2392 2194 2593 2264 esse?
2666 2191 2859 2283 Opus
2914 2191 3155 2283 itaque
3210 2195 3354 2282 est,
3410 2196 3493 2264 ut

386 2317 580 2384 tuam
633 2331 956 2405 pompam
1011 2312 1084 2382 et
1135 2308 1620 2398 rebellionem,
1679 2308 1754 2381 in
1809 2309 2309 2384 contumeliam
2372 2314 2683 2384 nostram
2747 2315 2817 2384 et
2870 2311 3099 2404 Regni
3162 2331 3489 2404 grassan-

390 2437 564 2520 tem,
619 2436 1036 2517 atteramus,
1093 2432 1166 2501 et
1219 2449 1664 2501 amoveamus
1720 2433 1791 2502 te
1843 2431 1930 2502 de
1967 2430 2350 2522 episcopali
2411 2432 2607 2520 sede,
2665 2431 3246 2522 quemadmodum
3280 2441 3481 2524 prae-

383 2553 812 2625 decessorem
869 2555 1068 2622 tuum
1123 2549 1413 2622 Petrum
1441 2548 1531 2637 2),
1587 2549 1711 2642 qui
1766 2549 1901 2622 tibi
1955 2551 2371 2624 documento
2426 2571 2581 2623 esse
2636 2549 3002 2638 debuerat,
3070 2551 3483 2625 amovimus.

383 2671 496 2744 Ad
549 2674 720 2745 haec
772 2670 1178 2762 episcopus:
1237 2669 1442 2741 Nihil
1495 2673 1641 2742 tam
1695 2669 1882 2742 foedi
1946 2669 2233 2744 sceleris
2300 2669 2631 2743 existimo
2686 2691 2799 2744 me
2851 2669 3253 2760 admisisse,
3320 2692 3477 2764 pro-

380 2798 539 2884 pter
591 2792 774 2883 quod
828 2812 871 2862 a
923 2793 1048 2862 tua
1101 2789 1494 2863 Serenitate
1567 2789 1792 2882 carpi,
1867 2794 1939 2862 et
1991 2813 2032 2862 a
2089 2790 2378 2864 dextrae
2440 2789 2673 2884 regiae
2736 2791 2996 2863 honore
3058 2790 3311 2883 repelli
3362 2791 3480 2865 de-

379 2913 602 2986 beam.
667 2911 914 3002 Neque
978 2909 1372 2982 observatio
1437 2909 1798 2984 interdicti
1851 2911 1926 2984 in
1979 2911 2377 3002 praesentia
2437 2911 2950 2986 haereticorum
3016 2910 3251 2983 odium
3306 2911 3483 2985 mihi

377 3033 564 3123 apud
620 3037 810 3105 tuam
869 3029 1330 3103 serenitatem
1385 3049 1628 3121 parere
1681 3031 1956 3121 debuit,
2015 3031 2138 3104 sed
2192 3031 2708 3123 amplissimum
2745 3031 3085 3103 favorem:
3144 3030 3311 3103 dum
3350 3045 3478 3124 ego

375 3151 626 3224 unicus
683 3149 938 3222 salutis
993 3155 1155 3222 tuae
1209 3153 1280 3222 et
1331 3149 1616 3224 honoris
1671 3155 1944 3240 custos,
2011 3151 2469 3245 ignominiam
2534 3155 2762 3240 tuam,
2830 3167 3008 3242 quae
3063 3171 3188 3243 per
3240 3150 3476 3225 Cruci-

373 3273 558 3343 feros
609 3272 698 3344 de
749 3269 1040 3342 Prussia
1093 3274 1165 3341 et
1218 3269 1396 3341 alios
1451 3269 1816 3362 Principes
1872 3271 2111 3360 Orbis,
2169 3271 2371 3344 velut
2406 3273 2638 3344 fautor
2672 3269 3219 3360 haereticorum,
3277 3274 3474 3344 nota-

371 3390 506 3478 ris,
563 3389 936 3463 averterim
991 3394 1062 3462 et
1115 3387 1638 3478 restrinxerim,
1695 3393 1767 3462 et
1803 3410 1890 3462 ne
1928 3390 2014 3464 de
2050 3393 2122 3463 te
2156 3389 2546 3479 accusatio,
2604 3393 2758 3463 tum
2794 3397 3024 3463 coram
3060 3389 3282 3480 Papa,
3325 3392 3476 3463 tum

370 3531 602 3584 coram
640 3509 982 3606 Concilio,
1039 3507 1549 3598 verificaretur,
1587 3508 2038 3600 providerim.
2097 3509 2346 3602 Neque
2381 3531 2490 3584 me
2526 3509 2696 3583 facti
2744 3508 2880 3582 mei
2918 3507 3263 3600 poenitet,
3302 3509 3475 3601 quin

371 3631 584 3704 etiam
639 3629 821 3702 illud
874 3649 1093 3716 nunc,
1153 3627 1214 3700 si
1261 3627 1599 3701 haeretici
1655 3628 2014 3718 adessent,
2071 3628 2373 3722 ingenue
2409 3649 2855 3703 resumerem.
2910 3628 3157 3721 Neque
3194 3628 3472 3700 vultum

367 3756 569 3824 tuum
588 3806 606 3839 ,
663 3754 787 3823 aut
840 3767 1432 3840 quorumcumque
1468 3747 1796 3838 aliorum,
1838 3747 1960 3821 ubi
1997 3748 2158 3822 fidei
2196 3748 2432 3842 agitur
2467 3747 2859 3842 negotium,
2900 3766 3468 3840 expavescerem

368 3867 668 3944 celerius
723 3875 791 3942 te
846 3867 955 3941 tui
1019 3868 1282 3960 operis,
1350 3889 1558 3959 quam
1623 3888 1731 3942 me
1796 3867 1933 3942 mei
1997 3867 2418 3960 poenitebit,
2486 3875 2555 3942 et
2608 3867 2733 3960 qui
2786 3888 2895 3941 me
2948 3887 3135 3940 nunc
3188 3866 3343 3941 odis
3400 3872 3469 3941 et

366 3990 694 4089 corripis,
751 3993 1004 4082 expost
1057 3987 1230 4061 mihi
1289 3987 1558 4081 gratias
1624 4009 1822 4080 ages,
1890 3989 2058 4061 dum
2077 4045 2093 4078 ,
2161 3994 2480 4063 cessante
2534 3986 3048 4080 indignatione,
3106 3985 3468 4080 intelliges

367 4132 512 4199 me,
579 4110 849 4182 facinus
913 4107 1226 4200 quidem,
1293 4108 1414 4180 sed
1476 4109 1912 4199 praeclarum
1975 4107 2233 4201 egisse,
2304 4130 2440 4200 quo
2503 4112 2629 4180 tua
2686 4106 2950 4200 ubique
3002 4107 3089 4180 ab
3143 4103 3469 4180 hostibus

367 4230 632 4304 iniecta
685 4229 914 4322 possit
967 4227 1254 4322 purgari
1309 4241 1380 4301 et
1433 4228 1713 4301 defendi
1767 4228 2081 4302 infamia.
2139 4229 2669 4321 Supervacuum
2706 4231 2846 4316 est,
2884 4247 2994 4300 me
3030 4227 3468 4320 depositione

359 4350 456 4422 ab
511 4348 894 4442 episcopali
948 4349 1112 4422 sede
1165 4351 1456 4437 terrere,
1514 4352 1586 4421 et
1621 4347 2175 4440 praedecessoris
2231 4347 2366 4422 mei
2402 4357 2737 4421 renovare
2773 4347 3267 4436 deiectionem,
3325 4368 3465 4420 non

355 4476 509 4543 tam
563 4469 706 4558 illi,
765 4489 972 4561 quam
1026 4472 1188 4541 tuae
1243 4467 1626 4542 Serenitati
1680 4468 2077 4542 verendam.
2143 4467 2593 4541 Amotionem
2656 4487 2785 4559 ego
2838 4482 2977 4540 non
3032 4465 3281 4555 timeo,
3341 4460 3507 4558 qui'

351 4611 492 4663 nec
545 4589 872 4677 exilium,
929 4608 1056 4661 nec
1109 4592 1400 4660 mortem
1454 4609 1578 4681 pro
1635 4589 1770 4662 fide
1821 4588 2217 4662 reformido.
2275 4589 2563 4662 Praeter
2615 4589 2819 4676 haec,
2878 4590 2948 4660 et
2994 4591 3308 4678 tempora
3343 4585 3459 4659 de-

343 4709 698 4804 positioni
761 4729 953 4781 meae
1007 4728 1145 4781 non
1199 4708 1684 4793 consentiunt;
1752 4708 2009 4800 quibus
2065 4708 2430 4781 Summum
2484 4707 2896 4781 Pontificem
2952 4706 3166 4780 talem
3223 4705 3463 4778 sortiti

345 4821 638 4917 sumus,
697 4827 820 4920 qui
872 4848 1012 4911 non
1065 4826 1360 4916 iniuria,
1417 4827 1540 4902 sed
1595 4827 2014 4902 excellentia
2069 4827 2449 4921 singulari,
2504 4847 2629 4920 pro
2684 4827 2819 4900 fide
2875 4830 2947 4900 et
2981 4824 3281 4900 veritate
3314 4842 3457 4900 cer-

339 4953 592 5025 tantes
652 4951 1070 5022 remunerat.
1127 4947 1436 5022 Felicem
1490 4968 1600 5021 me
1653 4948 1886 5036 rebor,
1944 4948 2005 5020 si
2061 4943 2186 5021 aut
2240 4947 2721 5036 contumeliis,
2790 4950 2913 5019 aut
2966 4946 3285 5035 verbere,
3341 4947 3460 5020 vel

337 5073 612 5158 morte,
668 5090 794 5161 pro
847 5067 983 5140 fide
1037 5067 1329 5140 obrutus
1384 5069 1600 5142 fuero.
1641 5068 1884 5142 Habeo
1922 5088 2207 5160 operum
2246 5089 2555 5142 meorum
2591 5066 2981 5141 adiutorem
3018 5068 3273 5140 Deum:
3331 5066 3455 5140 ha-

333 5194 484 5266 beo
541 5194 611 5263 et
665 5188 854 5262 viros
889 5187 1266 5280 prudentes
1305 5194 1518 5282 atque
1557 5189 1830 5278 doctos,
1886 5187 2265 5281 Magistros
2318 5186 2547 5260 divini
2594 5192 2665 5261 et
2698 5185 2989 5262 humani
3024 5185 3237 5277 iuris,
3279 5185 3453 5261 Uni-

570 5441 622 5528 ¹)
668 5445 728 5507 S.
772 5445 998 5508 Mariae
1038 5444 1323 5523 Virginis.
1375 5438 1527 5508 God.
1573 5440 1766 5508 Rozr.
1815 5443 1865 5526 ²)
1910 5445 2152 5507 Petrum
2194 5443 2379 5506 Visch
2428 5437 2582 5532 God.
2625 5427 2821 5508 Rozr.
