4342 6384
1219 437 1376 513 460
2390 452 2620 514 amns
2667 455 3129 514 annuemus.
3781 434 3936 541 (m
3962 435 4065 515 0.
4100 434 4333 537 flat.)

1219 767 1563 840 Exercitus
1603 768 2038 841 monitum·
2081 767 2408 841 moulan
2449 770 2603 859 igno
2648 771 2720 841 ot
2746 768 2918 841 forro
2960 773 3259 856 vastans,
3306 771 3387 842 ab
3420 771 3791 861 agrestibus
3833 771 4106 843 Polo*
4137 788 4324 861 prope

2270 887 2356 960 ad
2397 889 2907 963 internecionem
2951 890 3286 962 occiditur.

1428 1127 1766 1201 Livoniae
1820 1126 2206 1216 exercitus,
2264 1128 2378 1200 cui
2415 1128 2838 1202 Theodricus
2894 1130 3064 1203 Croe
3117 1130 3503 1202 Marsalcus
3556 1150 3715 1201 cum
3752 1130 3919 1202 aliis
3960 1130 4320 1203 Commeat*

1221 1247 1582 1321 datoribus
1635 1246 1973 1320 Livoniae
2026 1252 2375 1339 praeerat,
2434 1253 2503 1321 et
2556 1249 2854 1321 Iodocus
2910 1249 2995 1323 de
3050 1250 3571 1342 Hogerkerche‚
3634 1251 3958 1322 Bavarus
4015 1249 4324 1329 natione.

1222 1367 1748 1441 Commendator
1801 1368 1886 1440 de
1941 1367 2328 1458 Tucholya‚
2385 1368 2582 1441 velut
2633 1367 2942 1460 regionis
2996 1368 3290 1460 peritus,
3347 1371 3677 1441 ducatum
3712 1370 3769 1458 ¹)
3824 1370 4216 1461 praebebat
4264 1373 4324 1441 in

1221 1487 1571 1561 redeundo
1627 1489 1714 1560 ad
1766 1486 2086 1580 propria,
2138 1487 2228 1559 ab
2264 1488 2576 1559 exercitu
2630 1487 2954 1580 Magistri
2990 1489 3324 1562 Prussiae
3375 1488 3647 1561 divisus
3667 1488 3756 1578 ²),
3813 1490 4029 1580 quasi
4083 1511 4324 1581 parum

1223 1607 1639 1681 crudelitate
1690 1607 1940 1680 hostili
2007 1608 2288 1678 functus
2346 1611 2563 1697 esset,
2630 1608 2705 1680 in
2757 1613 3025 1699 partem
3089 1609 3315 1702 Regni
3370 1609 3738 1697 Poloniae,
3797 1630 3982 1701 quae
4041 1611 4328 1701 Krasos

1222 1727 1505 1816 dicitur,
1562 1726 1956 1815 descendit,
2013 1724 2341 1799 vastitati
2395 1748 2547 1801 eam
2602 1727 3071 1801 subiecturus.
3126 1729 3279 1802 Iam
3314 1731 3555 1820 plures
3611 1728 3877 1801 milites
3932 1729 4329 1822 Guyavieu*

1223 1866 1340 1920 ses
1392 1850 1464 1920 et
1516 1846 2059 1935 Dobrzinenses,
2135 1848 2471 1919 mutando
2524 1864 2775 1939 equos,
2849 1848 3165 1939 praepeti
3233 1870 3443 1921 cursu
3508 1849 3596 1920 ad
3651 1849 4043 1921 simulacra
4100 1851 4329 1921 domo-

1221 1987 1379 2040 rum
1434 1985 1717 2040 suarum
1771 1970 2024 2041 exusta
2074 1966 2461 2058 redierant,
2516 1967 2965 2058 doloremque
3018 1968 3280 2039 dudum
3336 1972 3499 2041 ante
3554 1988 3641 2041 ex
3679 1968 4036 2041 relatione
4093 1971 4333 2042 crude-

1222 2086 1456 2159 litatis
1508 2086 1794 2160 hostilis
1833 2091 2093 2175 ortum,
2152 2086 2309 2179 ipsa
2346 2087 2559 2161 facies
2595 2086 3019 2160 fumantium
3056 2088 3283 2160 adhuc
3320 2088 3652 2160 villarum
3688 2089 4023 2180 augebat.
4086 2090 4333 2181 Itaque

1225 2207 1574 2279 Iohannes
1628 2207 2191 2300 Iarognyewsky,
2250 2208 2656 2280 Bartossius
2711 2207 3202 2299 Wissemburg
3232 2206 3322 2297 ³),
3379 2207 3887 2299 Dobrogostius
3944 2207 4329 2301 Koliuskgv.

1224 2324 1491 2399 milites
1555 2325 1828 2399 strenui
1893 2331 1963 2399 et
2025 2328 2289 2400 feroces
2319 2328 2407 2417 ⁴),
2483 2331 2847 2419 assumpta
2906 2327 3332 2400 rusticorum
3395 2348 3638 2414 manu,
3714 2332 3876 2418 post
3941 2333 4333 2401 exercitum

1223 2446 1593 2535 Livoniae,
1651 2449 1912 2538 quanto
1967 2446 2287 2519 celeriori
2338 2452 2636 2538 possunt
2688 2467 2933 2534 cursu,
2988 2448 3449 2535 contendunt,
3508 2452 3580 2519 et
3632 2447 3759 2518 illo
3790 2445 3854 2535 ⁵)
3910 2469 4143 2540 prope
4204 2449 4330 2521 Na-

1221 2568 1416 2659 kyel,
1474 2566 1680 2639 iuxta
1731 2565 2026 2638 fluvium
2082 2564 2498 2657 Wyerscha,
2566 2566 2641 2638 in
2694 2566 2959 2657 campis
3023 2566 3241 2638 villae
3303 2567 3622 2657 Dambky
3675 2573 4103 2656 consecuto,
4180 2569 4333 2641 foris

1225 2686 1475 2779 quinta
1527 2690 1692 2759 ante
1745 2687 2002 2759 festum
2040 2683 2520 2757 Exaltationis
2575 2686 2875 2758 Sanctae
2911 2684 3183 2772 Crucis,
3242 2685 3691 2757 animositate
3726 2686 4084 2774 maxima,
4138 2709 4337 2777 quam

1224 2819 1466 2880 recens
1521 2803 1980 2896 exasperabat
2031 2803 2450 2898 indignatio,
2506 2825 2647 2876 non
2702 2804 2853 2877 sine
2906 2805 3397 2877 Livonitarum
3453 2826 3703 2897 magua
3755 2804 4244 2881 admiratione
4280 2825 4337 2881 et.

1225 2943 1515 3018 pavore,
1571 2925 1758 2999 unde
1808 2928 1954 2996 tam
2008 2924 2289 2997 subitus
2344 2925 2701 2999 exercitus
2755 2925 3188 3013 emersisset,
3245 2924 3550 2996 irruunt.
3606 2924 3698 2995 Et
3732 2924 4056 2997 carmine
4114 2929 4337 3017 patrio

1229 3047 1458 3138 Bega
1503 3044 1915 3132 rodzicza„
1973 3044 2176 3116 cuius
2223 3062 2473 3118 sonora
2524 3045 2729 3118 silvis
2785 3049 2857 3118 et
2907 3046 3172 3137 campis
3224 3063 3635 3136 repercussa
3688 3049 3841 3116 erat
3892 3045 4333 3125 vociferatio,

1227 3179 1353 3258 per
1404 3163 1686 3238 cantum
1740 3164 2058 3255 expleto,
2123 3164 2331 3255 pauci
2394 3185 2552 3237 cum
2614 3164 3103 3253 multitudine,
3170 3163 3344 3238 nudi
3406 3184 3565 3236 cum
3627 3162 3951 3252 vestitiS,
4018 3181 4333 3258 agrestes

1232 3299 1391 3357 cum
1444 3280 1825 3371 militibus,
1882 3283 2053 3357 adeo
2106 3282 2594 3358 incunctanter
2645 3290 2719 3358 et
2750 3283 3060 3357 viriliter
3085 3285 3502 3383 decertant,
3559 3287 3643 3355 ut
3696 3282 3924 3374 magis
3964 3291 4329 3358 veteranos

1233 3419 1391 3478 eum
1427 3403 1828 3495 tyronibus,
1887 3419 2093 3494 quam
2131 3407 2445 3495 agrestes
2499 3423 2657 3477 cum
2695 3403 3134 3492 exercitati8‚
3190 3424 3506 3496 pugnare
3539 3402 4013 3476 existimares.
4077 3406 4329 3497 Ingens

1134 3560 1138 3563 ·
1231 3525 1475 3599 caedes
1529 3522 1841 3596 hostium
1895 3522 2149 3595 editur.
2227 3522 2321 3594 Et
2373 3523 2485 3595 his
2541 3523 2664 3614 qui
2717 3523 2792 3595 in
2846 3523 2995 3595 acie
3049 3522 3261 3596 locati
3316 3526 3547 3610 erant,
3613 3522 3997 3595 crudeliter
4055 3525 4324 3597 absum-

1230 3644 1407 3737 ptis,
1464 3641 1658 3715 illieo
1714 3640 1939 3714 omnis
1994 3640 2349 3715 exercitus
2385 3641 2724 3715 Livoniae
2777 3642 2850 3714 in
2890 3644 3125 3734 fugam
3162 3662 3441 3730 versus,
3499 3642 3754 3714 castris
3799 3641 3990 3729 suia,
4050 3663 4143 3715 ex
4184 3645 4324 3733 qui-

1232 3764 1365 3836 bus
1416 3764 1881 3854 pugnaverat,
1920 3760 2309 3850 derelictis,
2350 3761 2637 3834 Polonis
2675 3762 3043 3835 victoriam
3080 3763 3446 3834 concessit.
3504 3761 3903 3853 Fugiebant
3939 3762 4018 3834 in
4057 3763 4329 3835 diversa

1233 3883 1420 3969 loca,
1477 3902 1614 3972 quo
1668 3899 2014 3972 quemque
2068 3897 2220 3953 sors
2276 3880 2573 3968 ferebat;
2630 3882 2751 3954 sed
2807 3882 3028 3954 maior
3081 3880 3221 3954 fuit
3272 3882 3345 3953 in
3385 3880 3818 3973 fugientibus
3872 3882 4148 3955 clades:
4208 3885 4329 3953 Po-

1234 4001 1442 4072 lonus
1497 3998 1682 4071 enim
1737 4000 2085 4091 perculsis
2138 4004 2329 4072 metu
2381 3999 2729 4089 instabat,
2788 4000 3107 4073 saeviens
3163 4001 3236 4072 in
3292 4000 3667 4091 dispersoS.
3739 3998 3808 4071 N
3812 4020 3890 4072 ec
3944 4001 4329 4092 captivatio

1106 4113 1114 4119 ’
1237 4108 1423 4208 illic,
1481 4118 1602 4191 sed
1654 4118 2032 4192 trucidatio
2083 4118 2351 4210 passim
2405 4103 2715 4191 omnium
2768 4120 3011 4209 fiebat,
3069 4120 3356 4192 Polonis
3421 4122 3492 4191 et
3546 4117 3849 4190 maxime
3901 4121 4329 4212 agrestibus.

1237 4236 1775 4311 adhortantibus
1831 4256 1906 4311 se
1941 4243 2215 4327 mutuo,
2274 4243 2355 4309 ut
2391 4255 2633 4310 cruore
2685 4239 2937 4311 hostili
2990 4238 3312 4312 incendia
3365 4238 3697 4310 villarum
3736 4256 4027 4310 suarum
4081 4241 4329 4313 restiu-

1236 4361 1560 4451 guerent‚
1618 4362 1829 4449 atque
1893 4356 2042 4429 suis
2104 4356 2397 4449 indigna
2458 4360 2680 4429 morte
2735 4357 3159 4449 absumptis,
3228 4359 3437 4431 caede
3488 4358 3799 4430 hostium
3852 4365 4329 4448 parenttsssut.

1237 4462 1454 4549 Pauci
1491 4479 1758 4564 tamen,
1797 4475 2129 4549 videlicet
2162 4477 2521 4567 praefatus
2557 4477 2986 4549 Theodrieus
3024 4478 3444 4565 Mammas,
3485 4477 3849 4550 Walterus
3886 4477 3976 4550 de
4003 4477 4260 4553 Gelsze
4280 4485 4333 4565 *J

1240 4595 1770 4668 Commendator
1802 4596 1887 4667 de
1922 4593 2091 4667 Flin
2104 4594 2193 4685 ⁷),
2234 4613 2389 4666 cum
2429 4599 2695 4687 septem
2731 4593 3420 4669 commendatoribus
3460 4597 3652 4687 capti
3688 4600 3880 4684 sunt,
3927 4598 4058 4687 qui
4096 4609 4337 4689 postea

1236 4718 1513 4805 praeter
1538 4713 1603 4803 ε5)
1658 4713 2116 4788 Theodrieum
2179 4714 2632 4803 MarsaIcum,
2701 4715 2776 4787 in
2839 4715 3231 4789 miserabili
3294 4715 3707 4807 captivitate
3770 4720 3997 4790 morte
4057 4720 4341 4791 fuerunt

1240 4833 1426 4924 apud
1480 4832 1881 4906 Cracoviam
1934 4833 2313 4924 absumpti.
2390 4832 2606 4925 Signa
2661 4855 2784 4906 seu
2839 4834 3171 4907 banderia
3232 4834 3546 4907 hostium
3612 4839 3916 4925 quatuor
3971 4843 4220 4929 capta,
4276 4841 4337 4909 in

1456 5115 1507 5202 ¹)
1553 5107 1791 5182 ductum
1838 5113 1990 5183 Geel.
2038 5117 2231 5184 Rozr.
2278 5118 2332 5201 ²)
2380 5122 2607 5183 divisus
2636 5127 2744 5184 est.
2789 5122 2870 5184 Et
2916 5119 3067 5186 Cod.
3112 5120 3307 5186 Rozr.
3364 5122 3420 5201 ³)
3462 5122 3895 5201 Vischemberg
3942 5121 4105 5188 006.
4160 5125 4337 5189 Rea-r

1245 5212 1302 5403 ξ
1340 5216 1762 5386 ’661066ΕέΟοίἰὲ
1792 5215 1987 5285 Rozr.
2034 5218 2087 5304 ⁵)
2131 5222 2293 5284 illico
2336 5217 2486 5286 eod.
2519 5218 2711 5287 Rozr.
2758 5223 2815 5302 ⁸)
2846 5226 2922 5287 de
2952 5223 3132 5288 Gelae
3174 5225 3326 5293 Cod.
3361 5224 3537 5290 Kost.
3598 5221 3650 5306 ⁸¹)
3686 5225 3761 5288 de
3791 5226 3995 5289 Fellin
4036 5227 4341 5313 forrum.

1347 5340 1458 5400 per
1609 5367 1625 5384 .
1743 5342 1852 5406 pe.
