4342 6384
924 434 1074 507 648
2076 454 2306 507 menn
2356 452 2870 506 mronncums.
3460 430 3595 530 (Α.
3634 430 3724 505 D.
3762 431 3967 531 1440.)

931 663 1160 732 „mum
1213 640 1588 713 Dominum
1652 638 2051 731 Principem
2106 638 2580 712 Wladislanm
2644 639 2908 728 Regem
2973 640 3328 711 excelsum
3390 639 3727 713 Poloniae
3786 641 3965 713 solen-

933 761 1184 852 „nibus
1239 760 1826 834 ambasiatoribus
1866 761 1921 849 1)
1995 763 2066 833 61
2128 759 2401 833 nuntiis
2466 758 2761 846 nost-rie,
2839 759 3134 831 eundem
3198 763 3529 851 tanquam
3593 761 3669 832 in
3728 760 3964 853 Regem,

928 886 1362 972 „curatorem
1419 886 1489 954 et
1523 884 1861 955 rectorem
1916 880 2144 972 Regni
2207 880 2420 953 huius
2475 879 2824 952 communi
2888 879 3235 953 desiderio
3290 881 3625 971 electum,
3682 880 3767 951 ad
3820 881 3966 951 hunc

929 1004 1234 1093 „locum,
1289 1001 1592 1094 primum
1645 1021 1770 1093 pro
1824 1001 2084 1073 honore
2137 1000 2269 1072 Dei
2333 1004 2405 1072 et
2456 999 2621 1072 fidei
2688 1004 2970 1073 sanctae
3034 999 3419 1074 catholicae
3474 1005 3863 1094 augmento,
3916 1004 3967 1070 et

929 1122 1244 1213 „demum
1299 1143 1425 1214 pro
1479 1121 1797 1194 utilitate
1851 1124 2126 1210 nostra,
2185 1121 2272 1192 ad
2310 1119 2825 1212 suscipiendam
2880 1142 3201 1194 coronam
3257 1122 3569 1195 eiusdem
3623 1120 3841 1213 Regni
3882 1119 3961 1192 111-

927 1242 1394 1333 „vitassemus
1449 1246 1520 1317 et
1555 1242 1969 1336 diligentius
2026 1241 2373 1314 instantes
2430 1240 2979 1316 induxissemus,
3040 1241 3217 1332 Quia
3255 1246 3563 1335 tempore
3599 1238 3961 1313 intermedio

929 1363 1282 1456 „praefata
1351 1362 1650 1435 Domina
1719 1362 2089 1435 Elisabeth
2159 1361 2435 1455 Regina
2506 1382 2592 1434 ex
2656 1362 2948 1435 adverso
2980 1360 3043 1451 ²)
3116 1342 3582 1451 aemulorum,
3658 1367 3728 1434 et
3777 1359 3964 1432 verius

931 1482 1354 1574 „forensium
1410 1488 1480 1555 et
1534 1485 2025 1555 extraneorum
2057 1479 2118 1571 ³)
2176 1481 2572 1571 hominum,
2629 1480 2955 1554 intestini
3007 1482 3181 1555 belli
3217 1481 3403 1555 viam
3455 1481 3699 1574 potius
3748 1479 3963 1572 aperire

929 1624 1177 1695 „quam
1229 1602 1680 1695 praecludere
1742 1602 2172 1693 cupientium
2190 1656 2209 1690 ,
2275 1602 2455 1674 freta
2508 1601 2838 1691 consilio,
2910 1601 3213 1693 priorem
3278 1606 3349 1674 et
3399 1605 3897 1693 praesumptam
3918 1599 3963 1686 4)

929 1722 1430 1813 „intentionem
1484 1718 1871 1811 remo'venS,
1930 1725 2397 1814 satagensqne
2452 1724 2523 1793 et
2557 1721 2803 1794 volens
2857 1723 2989 1794 hoc
3025 1723 3345 1814 Regnum
3400 1727 3475 1795 et
3508 1742 3640 1795 nos
3692 1718 3962 1813 regimini

929 1842 1339 1934 „infantuli,
1415 1842 1588 1916 dicti
1652 1841 2000 1933 quondam
2064 1840 2345 1914 Domini
2409 1841 2691 1913 Alberti
2752 1841 2970 1934 Regis
3034 1841 3185 1913 nati
3245 1841 3646 1933 posthumi,
3700 1842 3821 1912 hoc
3864 1842 3960 1921 est,

930 1966 1133 2055 „post
1187 1962 1341 2035 eins
1397 1962 1664 2036 obitum
1718 1961 1791 2033 in
1827 1963 2056 2035 lucem
2112 1960 2320 2050 editi,
2378 1982 2625 2053 parum
2679 1966 2961 2035 nostrae
3016 1967 3088 2036 et
3130 1961 3359 2054 Regni
3412 1962 3726 2035 eiusdem
3776 1978 3961 2031 neces·

928 2065 1172 2173 ,sitati
1226 2102 1629 2156 succurrere
1689 2082 2032 2173 potentis,
2099 2079 2475 2171 subiicere,
2544 2081 2631 2153 ad
2698 2081 3353 2174 impediendumque
3414 2086 3807 2174 praetactae
3858 2078 3959 2151 ele·

928 2202 1222 2293 „ctionis
1277 2206 1349 2275 et
1401 2201 1868 2275 coronationis
1922 2200 2100 2275 utile
2154 2223 2331 2294 opus
2386 2204 2534 2273 toto
2588 2201 2755 2274 nisu
2812 2203 3173 2290 anhelam,
3231 2202 3537 2290 sublata,
3597 2203 3763 2275 heu!
3812 2200 3959 2271 clan-

930 2322 1244 2414 „destine
1297 2322 1380 2395 de
1417 2325 1646 2396 castro
1682 2320 2327 2415 Wischegrodiensi
2357 2320 2420 2410 5)
2458 2341 2709 2395 corona
2762 2321 2921 2411 illa,
2982 2343 3121 2415 qua
3166 2323 3505 2395 hactenus
3544 2323 3771 2414 Reges
3804 2320 3959 2391 Hun-

928 2442 1202 2536 „gariae
1259 2441 1574 2516 coronari
1629 2441 1826 2515 soliti
1881 2442 2102 2530 fuere,
2159 2440 2429 2533 pridem
2484 2450 2646 2516 ante
2700 2442 2968 2515 dictum
3021 2442 3362 2516 infantem
3424 2442 3555 2515 vix
3612 2442 3825 2514 adhuc
3868 2435 3957 2508 tri·

928 2567 1328 2653 „mestrem,
1400 2565 1676 2654 praeter
1739 2561 2049 2635 omnium
2111 2565 2430 2634 nostrum
2492 2562 2881 2636 volutatem
2945 2562 3033 2635 ad
3095 2563 3226 2635 hoc
3289 2565 3539 2654 sponte
3614 2544 3959 2634 concurrere

928 2680 1407 2773 „debentium,
1465 2684 1676 2774 atque
1731 2686 1974 2755 contra
2026 2680 2602 2755 consuetudinem
2656 2684 3021 2774 hucusque
3076 2682 3151 2755 in
3188 2681 3410 2755 simili
3461 2686 3828 2767 retentam,
3872 2675 3957 2748 ab·

929 2802 1290 2892 „sentibus
1346 2802 1556 2875 etiam
1595 2799 1917 2873 omnibus
1971 2802 2492 2894 apparamentis
2532 2802 2783 2892 sacriS,
2842 2823 2967 2875 nec
3004 2823 3143 2874 non
3178 2801 3435 2895 gladi0,
3477 2807 3775 2893 sceptro,
3806 2814 3958 2889 pomo

929 2925 1042 3011 „et
1094 2941 1298 2994 cruce
1361 2920 1736 3013 legationis
1801 2921 2249 2995 Sanctissimi
2314 2922 2655 3012 Stephani
2718 2922 2931 3014 primi
2996 2921 3213 3015 Regis
3265 2920 3525 3010 nostri,
3598 2920 3811 2992 multo
3853 2936 3956 2987 am-

928 3041 1162 3134 „plius
1217 3040 1291 3113 in
1344 3039 1727 3132 perniciem
1791 3062 1999 3133 quam
2051 3041 2441 3115 utilitatem
2494 3046 2839 3131 nostram,
2908 3063 3065 3115 cum
3122 3042 3360 3115 eadem
3424 3062 3683 3115 corona
3734 3036 3956 3111 sublata

929 3160 1288 3254 „coronari
1343 3158 1440 3253 (si
1477 3160 1580 3233 sic
1617 3160 1758 3234 dici
1811 3160 2102 3254 dignum
2141 3164 2280 3251 est)
2336 3161 2504 3234 fecit
2558 3166 2629 3235 et
2661 3162 3097 3254 procuravit,
3154 3166 3366 3254 atque
3420 3162 3753 3235 continuo
3784 3158 3957 3249 ipsam

928 3302 1324 3373 „coronam‚
1398 3282 1578 3372 proh
1630 3281 1860 3354 dolor!
1927 3280 2080 3355 vice
2133 3302 2337 3355 versa
2400 3281 2768 3355 recludens
2822 3282 2911 3353 ad
2964 3283 3193 3355 locum
3258 3282 3601 3355 hactenus
3656 3278 3840 3353 nobis
3882 3274 3955 3345 in·

928 3400 1362 3495 „cognitum,
1418 3401 1495 3473 in
1542 3401 1822 3475 crudele
1877 3400 2187 3475 omnium
2251 3406 2567 3474 nostrum
2622 3402 3067 3494 derogamen,
3135 3401 3529 3475 transmisit
3602 3421 3725 3475 seu
3774 3414 3957 3487 aspor-

927 3522 1197 3613 „tavitz
1257 3521 1341 3594 ob
1396 3522 1528 3594 hoc
1581 3542 1708 3593 nos
1763 3525 2024 3594 extunc
2076 3522 2301 3594 altera
2356 3520 2509 3595 vice
2562 3522 2636 3594 in
2673 3522 3130 3596 multitudine
3186 3528 3329 3595 tam
3382 3521 3702 3612 copiosa,
3756 3516 3961 3609 quanta

926 3640 1302 3733 „memoria
1356 3640 1667 3713 omnium
1738 3640 2303 3733 praecedentium
2370 3642 2640 3735 Regum
2714 3642 3181 3716 coronationis
3246 3648 3553 3733 tempore
3621 3662 3755 3714 non
3818 3654 3955 3709 com·

929 3761 1372 3854 „prehendit‚
1449 3760 1852 3853 congregati
1875 3816 1892 3850 ,
1968 3764 2242 3835 matura
2312 3762 2775 3854 plurimorum
2840 3763 3111 3861 dierum
3172 3760 3677 3836 deliberatione
3726 3754 3957 3851 praeha-

930 3881 1154 3973 „bita,
1212 3901 1301 3953 ex
1364 3901 1500 3973 quo
1555 3900 1806 3953 corona
1868 3880 1998 3953 illa
2051 3885 2455 3973 supratacta
2526 3882 2813 3973 praevia
2877 3884 3179 3972 ratione,
3244 3887 3329 3956 nt
3388 3904 3563 3974 opus
3631 3884 3809 3968 erat,
3854 3879 3960 3945 tam

927 4000 1176 4091 „facile
1237 4020 1514 4072 exnunc
1592 4000 1835 4074 haberi
1911 4021 2051 4073 non
2121 4000 2387 4092 potuit,
2461 4003 2779 4076 volentes
2841 4006 2913 4076 et
2984 4002 3377 4076 consultius
3448 4001 3808 4093 cupientes
3870 4011 3956 4064 110·

927 4118 1287 4208 „cessitati
1362 4123 1643 4192 nostrae
1716 4124 1787 4193 et
1841 4120 2068 4213 Regni
2122 4120 2335 4193 huius
2370 4176 2387 4209 ,
2463 4122 2665 4194 cuius
2740 4126 2811 4195 et
2862 4142 3177 4213 pronunc
3247 4121 3547 4195 confinia
3618 4142 3741 4213 per
3786 4111 3958 4189 insul·

929 4238 1276 4331 „tantium
1357 4238 1800 4312 inimicorum
1824 4295 1841 4329 ,
1917 4260 2343 4332 paganorum
2426 4239 2700 4314 scilicet
2729 4242 2791 4331 θ)
2863 4247 2935 4316 61
3006 4242 3305 4315 aliorum
3384 4261 3665 4314 morsus
3734 4250 3959 4327 asperos

929 4359 1302 4450 „continno
1358 4360 1778 4449 lacerantur,
1846 4363 2235 4452 opportune
2296 4338 2696 4451 providere}
2762 4361 3283 4435 considerantes
3348 4361 3563 4435 etiam
3626 4356 3958 4454 potissimo,

930 4480 1158 4572 „quod
1212 4500 1483 4571 semper
1533 4479 1807 4571 Regum
1863 4478 2216 4551 coronatio
2271 4500 2313 4551 a
2346 4480 2855 4572 regnicolarum
2910 4483 3276 4555 voluntate
3330 4481 3704 4573 dependet,
3758 4482 3821 4551 et
3850 4470 3959 4546 effi·

933 4598 1168 4689 „cacia
1223 4619 1303 4671 ac
1357 4598 1586 4671 virtus
1642 4618 1935 4671 coronae
1987 4596 2062 4669 in
2117 4597 2429 4688 ipsorum
2484 4599 2982 4692 approbatione
3036 4601 3396 4689 consistit,
3451 4600 3771 4674 videntes
3818 4588 3957 4666 nihi·

934 4716 1286 4806 „lominus
1340 4717 1660 4809 Regnum
1714 4718 1846 4790 hoc
1899 4716 2132 4789 idonei
2168 4718 2386 4810 Regis
2441 4719 2696 4791 festina
2732 4720 3036 4794 tuitione
3088 4742 3323 4795 carere
3374 4740 3513 4793 non
3566 4738 3798 4812 posse:
3831 4729 3957 4785 eun·

931 4836 1130 4925 „dem
1187 4834 1709 4910 serenissimum
1772 4836 2148 4909 Dominum
2211 4837 2683 4911 Wladislaum
2748 4841 3013 4934 Regem
3085 4842 3243 4933 pari
3307 4844 3469 4913 voto
3542 4844 3617 4912 et
3668 4824 3959 4911 communi

931 4953 1318 5045 „desiderio
1392 4954 1534 5028 alia
1602 4976 1852 5029 corona
1926 4976 2136 5029 aurea
2218 4957 2448 5048 operis
2522 4959 2822 5049 vetusti,
2899 4959 3311 5034 Beatissimi
3384 4958 3725 5051 Stephani
3790 4946 3959 5041 Regis

1145 5226 1184 5305 Ι)
1231 5228 1444 5305 legatis
1493 5223 1645 5291 0001.
1677 5227 1811 5291 Lis.
1860 5228 1913 5306 ²)
1959 5248 2034 5290 ex
2076 5229 2329 5292 adverso
2373 5227 2544 5293 deest
2584 5229 2663 5293 in
2699 5229 2851 5295 eod.
2890 5228 3069 5296 Calv.
3118 5230 3171 5313 ⁸)
3218 5238 3590 5294 externorum
3638 5225 3783 5294 Cod.
3824 5220 3958 5287 Κοπί-

931 5321 988 5405 ⁴)
1031 5335 1456 5407 reassumptam
1503 5325 1655 5397 God.
1702 5326 1836 5393 Lis.
1884 5329 1936 5413 ⁵)
1979 5332 2395 5408 wissegradth
2442 5328 2595 5397 Cod.
2640 5332 2817 5399 Kost.
2880 5332 2934 5415 ⁸)
2978 5336 3259 5398 videlicet
3299 5330 3427 5397 Ed.
3478 5332 3662 5418 Lips.
