4342 6384
859 565 1014 639 2¹2ss
2065 582 2297 637 mun
2346 581 2810 639 omnemne.
3424 556 3571 658 (Α.
3586 558 3699 639 D.
3725 553 3959 659 142¹.)

855 768 1074 845 eeslai
1139 768 1518 845 Bohemiae
1581 768 1804 863 Regis
1867 768 2221 859 relietam,
2296 768 2484 863 apud
2546 766 3032 861 Przosburg1)
3105 768 3677 855 commorantem,
3751 786 3961 858 quam

857 889 1040 983 Regi
1091 894 1328 965 vestro
1381 910 1492 965 me
1541 890 2162 982 desponsaturum,
2220 888 2549 981 dotisque
2600 888 2879 963 nomine
2944 893 3201 963 terram
3258 886 3531 965 Slesiae
3582 908 3743 960 oum
3798 908 3958 961 een-

859 1014 1008 1084 tum
1063 1011 1479 1091 florenorum
1541 1010 1862 1085 millibus
1925 1010 2439 1106 inscriptus-um
2502 1031 2612 1084 me
2673 1009 3032 1102 polliceor.
3110 1007 3327 1081 Vobis
3390 1007 3631 1087 videre
3682 1010 3961 1101 plaeeat

858 1135 930 1205 et
982 1132 1274 1205 formam
1329 1131 1481 1211 eius
1519 1136 1729 1224 atque
1781 1136 2081 1207 aetatem
2136 1132 2434 1207 viridem
2450 1188 2469 1221 ,
2525 1152 2661 1224 quo
2702 1130 2984 1205 facilius
3021 1129 3094 1202 id
3109 1187 3127 1219 ,
3184 1129 3369 1221 quod
3406 1129 3643 1223 ingero
3659 1186 3677 1219 ‚
3735 1129 3961 1222 aoeipi

855 1252 974 1325 vel
1035 1251 1328 1326 refutari
1389 1252 1648 1345 possit,
1725 1252 2056 1345 experiri.
2139 1254 2243 1326 Ea
2304 1251 2759 1347 responsione
2830 1250 3325 1342 Sigismundns
3386 1250 3547 1323 Rex
3610 1250 3808 1341 data,
3884 1252 3955 1325 in

853 1372 1234 1447 Posonium
1251 1428 1270 1461 ,
1325 1371 1613 1449 nuntios
1649 1372 1880 1465 regios
1931 1394 2057 1465 pro
2095 1372 2401 1449 videnda
2450 1372 2723 1465 Regina
2760 1370 3137 1451 Bohemiae
3190 1390 3427 1449 seeum
3464 1372 3758 1457 (100000,
3798 1392 3953 1463 pro·

853 1492 1094 1567 uenit.
1152 1492 1288 1586 Qui
1341 1491 1618 1586 aliquot
1669 1493 1918 1567 diebus
1969 1493 2046 1569 in
2081 1493 2385 1571 Posonio
2438 1492 2883 1581 commorati,
2936 1491 3091 1571 visa
3124 1491 3399 1584 Regina
3452 1490 3695 1577 Offka.
3754 1491 3949 1567 fami·

853 1611 1156 1705 liarique
1209 1612 1672 1691 eolloeutione
1733 1634 1894 1689 enm
1945 1612 2078 1687 illa
2131 1614 2531 1705 frequenter
2582 1611 2857 1701 habita,
2920 1634 2965 1689 a
3018 1610 3467 1707 sigismundo
3521 1611 3715 1704 Rege
3776 1611 3947 1687 1100·

852 1731 1100 1806 raliter
1152 1737 1225 1807 et
1277 1732 1642 1827 magnifiee
1701 1733 2050 1806 munerati
2114 1736 2186 1806 et
2238 1733 2313 1806 in
2368 1732 2673 1826 singulis
2727 1731 3133 1826 Hungariae
3195 1732 3370 1806 loeis
3436 1732 3949 1807 sufficientibus

852 1850 1328 1927 administrati
1391 1852 1804 1929 necessariis
1819 1908 1838 1943 ‚
1905 1853 2273 1929 Poloniam
2336 1856 2823 1941 revertuntur,
2896 1852 3203 1930 crassius
3220 1909 3237 1942 ,
3303 1853 3719 1948 gratiusque
3772 1853 3949 1948 Regi

853 1992 982 2047 suo
1035 1972 1370 2049 Poloniae
1385 2028 1404 2064 ,
1461 1994 1672 2068 quam
1725 1978 2211 2069 speraverant,
2268 1994 2617 2069 quamque
2668 1972 3143 2066 expetierant,
3200 1974 3517 2053 relaturi.

849 2336 1240 2411 ῐιιιιιιω
1281 2336 1421 2411 nox
1466 2338 1724 2428 singu·
1767 2354 1808 2413 ι
1849 2338 2258 2428 ειμι-ιιι.
2298 2338 2523 2412 oum
2564 2338 2934 2413 manvu·
2972 2338 3315 2413 renuntiat
3358 2342 3431 2411 ot
3474 2339 3559 2414 ιιι
3603 2290 3945 2416 vicena·-

976 2456 1296 2531 διο-ιιι
1338 2462 1603 2549 neptun
1648 2458 2026 2547 11110101.
2071 2476 2263 2550 qum
2306 2460 2448 2549 lpse
2490 2460 2588 2533 1111
2630 2460 2867 2533 duom
2910 2477 3176 2535 uxoren
3220 2459 3561 2547 suadem,
3606 2460 3819 2536 mittit

2129 2580 2201 2651 ιιι
2246 2580 2673 2655 nnuman.

1052 2816 1470 2891 Lublinensi
1522 2816 1983 2893 eonventione
2036 2822 2351 2911 peraeta,
2409 2817 2847 2893 wladislaus
2900 2818 3236 2893 Poloniae
3272 2820 3427 2894 Rex
3482 2840 3729 2893 versus
3766 2820 3938 2895 San·

845 2934 1248 3025 domitiam,
1303 2936 1554 3012 deinde
1605 2938 1681 3011 in
1735 2938 2010 3013 Novam
2063 2938 2426 3013 civitatem
2489 2960 2933 3031 progressus,
2999 2939 3255 3013 iterum
3310 2939 3386 3013 in
3437 2938 3941 3015 Lnblinensem

845 3076 1034 3129 oram
1087 3076 1412 3130 reversus
1467 3062 1578 3131 est
1603 3056 1695 3149 ²).
1751 3059 1900 3151 Quo
1953 3059 2140 3151 apud
2194 3058 2601 3151 Bystrzieza
2652 3064 2936 3152 agente,
2994 3058 3229 3133 nuntii
3281 3059 3370 3134 ad
3407 3057 3938 3151 sigismundum

843 3175 1316 3249 Romanorum
1367 3180 1441 3250 et
1473 3177 1880 3269 Hungariae
1913 3179 2181 3272 Regem
2233 3179 2467 3268 missi,
2524 3180 2872 3255 Iohannes
2910 3180 2997 3252 de
3032 3180 3321 3254 'Pal-now
3374 3179 3737 3270 palatinus
3774 3180 3937 3255 Cra·

841 3293 1190 3369 eoviensis
1261 3298 1336 3370 et
1395 3295 1742 3390 Sbigneus
1801 3298 1889 3373 de
1949 3298 2406 3373 Olesehnieza
2420 3354 2437 3387 ,
2512 3304 2761 3391 quarta
2814 3299 2929 3373 die
2990 3297 3311 3373 Octobris
3383 3298 3687 3392 regressi
3718 3297 3808 3389 ³),
3866 3305 3939 3375 et

843 3414 1094 3491 seriem
1167 3416 1644 3509 responsionis
1715 3419 1804 3492 ad
1864 3419 2287 3513 legationem
2350 3440 2589 3493 eorum
2654 3420 2907 3493 fastam
2938 3419 3003 3509 4)
3074 3424 3147 3493 et
3200 3423 3545 3493 tractatus
3608 3441 3769 3493 eum
3832 3420 3937 3495 eis

845 3556 972 3627 per
1025 3534 1556 3629 Sigismundum
1609 3539 1872 3631 Regem
1935 3538 2245 3629 habitos,
2304 3543 2689 3630 exponunt.
2764 3538 3203 3613 Wladislans
3266 3543 3502 3613 autem
3568 3540 3729 3614 Rex
3791 3560 3936 3613 rem

837 3654 1300 3747 matrimonii,
1355 3657 1432 3731 in
1487 3658 1671 3749 quod
1723 3681 1766 3731 a
1819 3658 2271 3751 Sigismundo
2326 3660 2516 3751 Rege
2570 3657 3082 3747 solioitabatur,
3138 3659 3226 3733 ad
3262 3658 3638 3733 eonsilium
3692 3663 3767 3735 et
3818 3660 3931 3733 de·

837 3774 1326 3850 liberationem
1381 3777 1942 3853 consiliariorum
1979 3783 2050 3853 et
2085 3782 2506 3853 conventum
2560 3778 2747 3870 apud
2784 3778 3325 3870 Nyepolomieze
3378 3801 3503 3869 pro
3540 3777 3655 3853 die
3692 3779 3933 3855 Sancti

836 3894 1126 3969 Martini
1179 3897 1556 3973 tenendum
1609 3898 1970 3987 differens,
2039 3898 2339 3992 Sbigneo
2395 3898 2481 3972 de
2534 3898 2991 3976 Olesehnieza
3053 3898 3126 3972 in
3180 3898 3639 3973 Lithuaniam
3692 3899 3785 3971 ad
3836 3899 3929 3973 01·

836 4014 1312 4106 gnificandum
1365 4018 1648 4111 singula
1701 4019 2106 4093 Alexandro
2143 4020 2576 4107 Withawdo,
2631 4039 2810 4110 qnae
2863 4018 3048 4111 apud
3086 4018 3613 4111 Sigismundum
3668 4020 3931 4112 Regem

837 4140 1122 4227 egerant
1149 4136 1240 4225 ⁵),
1305 4142 1378 4211 et
1440 4138 1528 4211 ad
1581 4138 1960 4213 videndum
2021 4137 2363 4231 virginem
2429 4138 2799 4212 Dneissam
2864 4138 3209 4213 Szonkam
3236 4138 3328 4228 θ),
3404 4138 3729 4213 Andreae
3800 4139 3931 4213 filii

836 4254 1096 4328 Iwonis
1141 4256 1580 4347 Kyoviensis
1633 4259 1850 4331 Ducis
1905 4258 2158 4346 filiam,
2216 4257 2598 4331 Withawdi
2635 4258 2854 4331 Dnois
2892 4259 3129 4350 Magni
3182 4278 3269 4331 ex
3328 4279 3561 4331 sorore
3622 4262 3927 4351 neptem,

834 4373 1038 4447 onius
1091 4374 1206 4448 illi
1257 4376 1658 4469 coniugium
1711 4400 1754 4450 a
1807 4378 2205 4451 Withawdo
2236 4378 2299 4465 ⁷)
2353 4378 2546 4450 Duoe
2598 4398 3017 4470 magnopere
3066 4378 3640 4469 persuadebatur,
3702 4382 3925 4451 trans-

834 4492 1082 4567 misso:
1148 4493 1303 4586 ipse
1355 4496 1832 4588 Bystrzienam
1884 4496 2249 4589 linquens,
2306 4497 2381 4569 in
2434 4496 2737 4570 Russiae
2790 4502 3012 4573 terras
3066 4496 3430 4588 processit.

1053 4782 1100 4861 ¹)
1145 4784 1446 4863 Preebnrg
1488 4782 1614 4847 Ed.
1659 4784 1840 4868 Lips.
1890 4785 1944 4865 ⁸)
1991 4789 2325 4849 revertitur.
2374 4783 2526 4850 cod.
2560 4784 2752 4848 Rozr.
2814 4784 2868 4862 ⁸)
2916 4787 3171 4863 ingressi
3206 4781 3357 4849 cod.
3390 4782 3567 4846 Koet.
3632 4783 3688 4863 ⁴)
3736 4804 3929 4847 eoram

827 4886 1022 4947 hetae
1062 4884 1190 4951 Ed.
1213 4884 1395 4971 Εὗρε.
1436 4886 1498 4967 9)
1545 4894 1682 4951 aeta
1707 4894 1910 4953 essent
1958 4884 2111 4951 cod.
2142 4886 2336 4951 Rozr.
2384 4888 2443 4970 ⁶)
2486 4890 2763 4950 zowkam
2812 4885 2965 4952 cod.
2996 4886 3174 4951 Koet.
3220 4888 3481 4951 Sonkam
3528 4882 3685 4949 0001.
3733 4885 3923 4951 Rozr.

833 4984 880 5067 ¹)
925 4989 1004 5051 ab
1039 4989 1174 5067 ipso
1215 4988 1552 5053 withardo
1599 4985 1752 5054 Coa.
1795 4988 1990 5055 Beer.
