4342 6384
921 496 1020 570 96
2108 517 2337 570 unns
2386 515 2845 570 unnncnms.
3478 491 3613 592 (Α.
3652 491 3749 566 D.
3788 489 4039 589 1410.)

919 700 1312 774 subsidium
1365 699 1872 774 cruciferorum
1887 757 1906 790 ,
1963 701 2395 776 sufficienter
2440 701 2527 774 ab
2564 699 2745 794 ipsis
2800 699 3121 773 salariati
3136 755 3154 787 ,
3214 697 3669 792 Sigismundo
3722 699 4031 791 Hungu-

917 821 1064 893 riae
1124 821 1315 911 Rege
1377 819 1814 910 impellente,
1882 820 2339 909 advenerant,
2404 820 2493 892 ad
2556 819 3025 893 invadendum
3094 839 3211 891 cos
3276 819 3809 892 exercitualiter
3862 839 4035 910 pro-

917 945 1309 1028 cesserunt,
1365 941 1625 1012 certam
1663 940 1718 1028 ¹)
1773 940 2102 1030 praedam
2155 944 2229 1014 et
2273 939 2675 1028 victoriam,
2734 961 2933 1012 suam
2961 937 3025 1029 ²)
3081 939 3607 1014 multitudinem
3624 995 3644 1028 ,
3700 933 4033 1012 hostium

916 1079 1080 1132 vero
1133 1059 1559 1151 paucitatem
1577 1115 1596 1148 ‚
1655 1059 2022 1134 metientes
2077 1060 2311 1134 animo
2324 1115 2343 1149 ,
2400 1059 2809 1154 occupaturi
2836 1057 2925 1149 ⁸).
2982 1057 3278 1134 Veneris
3332 1059 3573 1150 itaque
3618 1059 3735 1132 die
3776 1057 4037 1130 Sancti

918 1179 1286 1266 Gereonis,
1342 1179 1696 1253 exercitus
1749 1179 1986 1272 regius
2040 1180 2280 1254 venire
2334 1180 2705 1254 adversum
2762 1200 2837 1252 se
2890 1180 3165 1252 hostem
3203 1179 3277 1251 in
3314 1179 3517 1270 gravi
3554 1177 4033 1251 multitudine

919 1299 1186 1372 habens
1221 1319 1348 1392 pro
1385 1304 1771 1394 comperto,
1811 1299 2142 1372 Thomam
2182 1299 2583 1392 Scheligam
2612 1299 2696 1372 de
2725 1299 3151 1389 Wrzesznya
3180 1298 3242 1388 ⁴)
3280 1299 3369 1372 de
3406 1298 3629 1390 stirpe
3666 1298 3909 1370 Rosza
3938 1295 4031 1384 ⁵).

921 1419 1504 1492 succamerarium
1541 1419 2050 1507 Siradiensem,
2087 1423 2159 1492 et
2194 1419 2567 1493 Nicolaum
2606 1417 3032 1510 Dambiczky
3054 1419 3119 1506 ⁶)
3154 1419 3241 1492 de
3280 1419 3501 1510 stirpe
3536 1418 4035 1509 Gryphonum,

918 1540 1356 1630 speculatum
1394 1538 1704 1612 hostium
1741 1538 2210 1631 quantitatem
2248 1543 2321 1612 et
2356 1560 2757 1628 numerum,
2812 1539 3331 1612 transmittunt.
3388 1537 3525 1629 Qui
3570 1558 3823 1630 parum
3862 1557 4031 1610 sen·

917 1663 1070 1732 sate
1121 1663 1194 1731 et
1247 1658 1528 1750 longius
1593 1680 1804 1751 quam
1867 1663 1980 1731 sat
2043 1664 2225 1748 erat,
2288 1658 2677 1752 progressi,
2744 1659 2831 1732 ab
2891 1658 3219 1731 hostibus
3284 1679 3403 1732 eos
3456 1657 4032 1749 insequentibus,

915 1779 1003 1851 ad
1057 1779 1406 1871 quoddam
1443 1777 1792 1852 lubricum
1829 1779 2062 1851 lutum
2098 1779 2463 1868 remorati,
2520 1777 3233 1871 comprehenduntur,
3290 1777 3673 1868 statimque
3710 1776 4033 1868 diligens

919 1898 1006 1970 ab
1069 1896 1174 1970 eis
1233 1918 1360 1990 per
1420 1897 1660 1970 hostes
1725 1897 2128 1989 inquisitio,
2194 1899 2429 1991 qualis
2484 1902 2555 1972 et
2609 1903 2915 1990 quantus
2978 1904 3166 1972 esset
3219 1897 3293 1969 in
3350 1895 3605 1989 oppido
3672 1896 4035 1968 Koronow

915 2016 1268 2098 exercitus
1321 2016 1588 2109 regius,
1645 2023 1894 2091 exacta
1945 2025 2086 2092 est:
2141 2018 2266 2111 qui
2320 2019 2611 2091 subdole
2665 2019 3051 2106 finxerunt,
3108 2017 3263 2091 illic
3312 2023 3559 2109 gentes
3624 2037 3777 2090 esse
3846 2035 4023 2088 con·

922 2137 1150 2224 fusas,
1225 2141 1540 2228 agrestes
1613 2141 1684 2210 et
1754 2137 2193 2230 inexpertas,
2268 2143 2341 2211 et
2406 2136 2739 2225 faciliter,
2817 2137 2882 2210 si
2946 2137 3107 2229 quis
3178 2136 3511 2210 invadere
3582 2141 4025 2228 praesumat,

918 2255 1320 2330 vincendas.
1397 2255 1586 2347 Quos
1647 2257 1916 2330 dixisse
1987 2277 2154 2330 vera
2228 2258 2467 2331 hostes
2528 2257 2701 2346 rati,
2780 2255 3271 2349 properantius
3350 2277 3603 2330 versus
3668 2257 4031 2328 Koronow

921 2375 1380 2452 contendunt:
1449 2397 1584 2468 quo
1649 2397 1810 2450 cum
1871 2378 2189 2452 cominus
2252 2377 2772 2469 pervenissent,
2844 2398 3081 2451 omnes
3146 2377 3229 2450 de
3294 2376 3493 2469 equis
3558 2375 4025 2461 descendunt,

915 2495 1228 2586 pedestri
1279 2495 1534 2570 itinere
1587 2497 1920 2590 oppidum
1975 2497 2343 2588 irrupturi.
2404 2497 2675 2571 Milites
2728 2502 2965 2570 autem
3014 2496 3191 2589 regii
3206 2552 3225 2584 ,
3280 2495 3607 2588 prandio,
3664 2495 3853 2586 quod
3904 2516 4027 2566 su-

915 2635 1103 2688 mere
1155 2621 1555 2707 coeperant,
1623 2617 1942 2708 neglecto
1959 2674 1978 2706 ,
2043 2617 2355 2690 hostium
2420 2618 2573 2690 viso
2628 2617 2967 2706 adventu,
3036 2617 3304 2709 singuli
3355 2617 3431 2689 in
3484 2613 4025 2698 monasterium,

915 2735 1102 2826 quod
1155 2734 1286 2808 sub
1341 2739 1575 2810 monte
1611 2735 1700 2808 ad
1737 2735 2000 2809 fluenta
2035 2737 2349 2811 fluminis
2404 2738 2593 2812 Dbra
2648 2739 2992 2811 situatum
3048 2741 3191 2825 est,
3250 2757 3325 2808 se
3380 2735 3879 2808 tumultuando
3914 2755 4027 2806 rc·

917 2854 1285 2948 colligunt.
1345 2855 1584 2928 Armis
1639 2877 1916 2948 quoque
1969 2859 2317 2931 torrenter
2346 2858 2407 2947 7)
2464 2857 2767 2946 indutis,
2826 2878 2949 2947 per
3004 2861 3307 2930 secretos
3345 2861 3417 2929 et
3451 2854 3775 2928 hostibus
3814 2853 4023 2946 iguo-

917 2978 1030 3052 tos
1083 2978 1390 3062 meatuS,
1445 2975 1920 3068 congressuri,
1975 2977 2365 3068 glomerata
2416 2977 2563 3052 acie
2599 2997 2675 3051 se
2712 2978 3071 3050 evolvunt.
3130 2975 3438 3067 Quorum
3474 2979 3857 3066 conspeetu
3894 2974 4025 3046 ho-

919 3099 1068 3166 stes
1119 3093 1440 3167 deterriti
1494 3095 1975 3202 vehementer,
2043 3097 2243 3188 equis
2308 3097 2781 3183 velocissime,
2848 3101 3225 3187 antequam
3276 3116 3319 3166 a
3370 3095 3661 3168 Polonis
3716 3113 4021 3185 occupa-

917 3218 1193 3303 rentur,
1247 3215 1666 3303 reascensis,
1723 3220 2136 3305 retrorsum,
2189 3220 2453 3309 quanta
2488 3215 2813 3308 ampliori
2848 3219 3149 3308 possunt
3186 3214 3671 3302 festinatione,
3725 3214 4021 3300 abeunt,

915 3333 1254 3407 trahendo
1307 3335 1788 3427 retrogradum
1842 3336 1980 3410 iter
2023 3337 2112 3408 ad
2151 3336 2459 3427 spatium
2522 3335 2853 3409 milliaris
2916 3334 3207 3426 integri,
3273 3355 3355 3406 ea
3410 3333 3691 3424 quidem
3742 3338 3895 3405 arte
3950 3337 4027 3406 et
4092 3323 4105 3330 ’

913 3453 1106 3541 dolo,
1161 3459 1246 3526 ut
1297 3454 1513 3547 regiis
1563 3454 1896 3546 gentibus
1961 3455 2036 3528 in
2090 3455 2433 3528 distantia
2484 3461 2751 3528 remota
2795 3454 2882 3527 ab
2920 3454 3174 3547 oppido
3228 3454 3577 3527 Koronow
3614 3451 4021 3544 agentibus,

915 3594 1054 3644 non
1107 3578 1350 3666 posset
1402 3594 1489 3648 ex
1543 3573 1800 3666 oppido
1853 3597 1896 3646 a
1947 3574 2261 3666 pedestri
2314 3575 2543 3648 milite
2596 3573 2727 3646 sub
2764 3574 3169 3648 certaminis
3204 3573 3625 3648 necessitate
3662 3572 4013 3664 praestari

917 3713 1316 3766 succursus.
1373 3695 1462 3766 In
1513 3693 1920 3767 huiusmodi
1975 3699 2208 3767 tamen
2254 3694 2655 3787 retrogrado
2692 3714 3023 3785 processu
3062 3693 3414 3786 sagittarii
3450 3713 3541 3765 ex
3578 3693 3771 3784 regio
3808 3711 4013 3764 exer-

915 3811 1064 3883 citu
1125 3812 1292 3885 telis
1359 3812 1841 3904 frequentibus
1905 3814 2070 3886 illos
2125 3814 2467 3900 obruunt,
2524 3814 2895 3900 infestant,
2963 3813 3373 3900 vulnerant,
3431 3817 3501 3884 et
3554 3811 3629 3883 in
3683 3811 4021 3883 hostilem

917 3930 1302 4004 exercitum
1340 3931 1580 4006 erebra
1616 3933 2011 4024 irruptione
2047 3933 2479 4020 insilientes,
2522 3933 2761 4024 plures
2800 3933 2885 4006 de
2922 3932 3072 4005 illis
3110 3935 3601 4025 prosternunt3
3640 3929 3705 4004 si
3740 3930 4023 4020 quando

921 4069 1084 4122 vero
1137 4051 1378 4124 hostes
1433 4051 1506 4124 in
1563 4053 1969 4144 sagittarios
2007 4052 2093 4124 ad
2129 4052 2603 4126 dimicandum
2654 4052 2947 4144 gradum
3004 4055 3355 4125 verterent
3382 4050 3473 4138 ⁸),
3532 4048 3889 4142 sagittarii
3926 4049 4018 4120 ad

917 4189 1176 4242 cuneos
1231 4191 1516 4244 suorum
1569 4172 1836 4245 reversi
1891 4177 1962 4245 et
2013 4173 2102 4245 ab
2157 4171 2261 4246 eis
2316 4171 2567 4258 tutati,
2624 4171 2891 4264 impetu
2948 4193 3186 4244 eorum
3240 4172 3617 4257 frustrato,
3686 4189 3866 4240 nova
3922 4169 4019 4240 ir-

917 4288 1242 4385 ruptione
1297 4291 1534 4364 hostes
1589 4291 2046 4364 lacessebant.
2103 4290 2607 4364 Huiuscemodi
2662 4311 2937 4382 quoque
2972 4290 3335 4382 praeludio
3381 4290 3656 4381 integro
3714 4287 4013 4360 milliari

917 4407 1102 4480 inter
1151 4413 1397 4501 gentes
1449 4408 1678 4502 regias
1699 4414 1804 4514 ‘et
1854 4409 2150 4483 hostiles
2204 4415 2547 4482 certatum
2604 4415 2733 4482 est.
2792 4411 2891 4481 At
2942 4409 3065 4482 ubi
3113 4408 3406 4482 satietas
3460 4408 3823 4481 ulterioris
3850 4428 4015 4498 pro-

915 4547 1200 4618 gressus
1271 4529 1513 4602 hostes
1583 4529 1801 4620 cepit,
1875 4535 2110 4602 monte
2184 4550 2391 4620 quam
2463 4535 2737 4602 caetera
2802 4529 2877 4600 in
2930 4528 3237 4603 circuitu
3306 4527 3591 4602 editiori
3654 4533 4018 4618 occupato,

915 4667 1131 4738 prope
1169 4647 1416 4720 villam
1455 4648 1860 4721 monasterii
1895 4648 2447 4722 Koronoviensis
2476 4649 2541 4738 ⁹)
2594 4649 2855 4722 dictam
2892 4650 3253 4722 Lanczsko
3294 4650 3407 4738 ¹⁰),
3466 4646 3603 4720 sito
3621 4703 3639 4736 ‚
3696 4647 4017 4740 gentium

915 4766 1268 4858 regiarum
1323 4766 1398 4838 in
1451 4787 1532 4838 eo
1584 4768 1672 4840 ad
1725 4768 2229 4842 decernendum
2273 4768 2603 4842 instructi
2641 4768 3134 4860 operiebantur
3168 4770 3581 4843 adventum:
3638 4768 3781 4841 rati
3816 4787 3891 4840 se
3930 4787 4021 4840 ex

1133 5072 1182 5150 ι)
1227 5075 1399 5150 quasi
1457 5081 1676 5140 certam
1733 5070 1883 5136 cod.
1947 5073 2139 5136 Rozr.
2198 5073 2254 5152 ²)
2298 5091 2465 5134 suam
2523 5075 2802 5136 videlicet
2856 5072 3007 5137 Ood.
3057 5074 3249 5137 Rozr.
3299 5075 3353 5154 ³)
3400 5081 3603 5138 essent
3646 5073 4011 5150 occupaturi.

923 5171 1077 5239 Cod.
1123 5171 1315 5237 Rozr.
1363 5174 1420 5253 ⁴)
1463 5177 1772 5238 Wrzesnia
1819 5173 1969 5238 God.
2015 5175 2209 5239 Rozr.
2260 5174 2313 5252 ⁵)
2360 5177 2557 5238 Rosae
2604 5173 2755 5239 C'od.
2801 5175 2994 5239 Rozr.
3042 5175 3096 5256 ⁸)
3141 5179 3401 5256 Dabicki
3444 5175 3573 5238 Ed.
3608 5173 3788 5258 Lips.
3824 5175 3876 5252 ⁷)
3906 5175 4020 5234 Ar-

921 5279 1152 5439 miqqiple
1179 5297 1427 5355 propere
1461 5274 1611 5342 cod.
1643 5277 1834 5342 Rozr.
1871 5277 1922 5358 ⁸)
1955 5284 2320 5340 reverterent
2352 5274 2501 5341 Ood.
2537 5277 2727 5340 Rozr.
2761 5278 2813 5358 ⁸)
2850 5281 3261 5342 cracoviensis
3288 5277 3415 5342 Ed.
3441 5277 3621 5361 Lips.
3664 5275 3745 5360 Ψ)
3768 5277 4017 5339 Lmko

921 5377 1048 5447 Ed.
1153 5378 1274 5466 ips.
3675 5411 3685 5420 ·
