4342 6384
439 627 571 728 (Α.
610 629 703 702 D.
740 628 993 728 ⁸425.)
1588 652 1813 703 mena
1864 651 2320 704 Unnncums.
3357 633 3508 704 333

522 949 740 1021 Poloni
784 948 979 1038 aegis
1021 948 1353 1020 wladislai
1396 949 1597 1020 alium
1640 967 1755 1038 pre
1798 950 2014 1022 tuturo
2056 950 2231 1039 Rege
2276 967 2350 1021 se
2393 951 2729 1022 habituros
2779 951 3022 1040 scripte
3066 953 3423 1036 testantur,

988 1070 1049 1141 si
1091 1068 1231 1139 Rex
1273 1068 1616 1140 libertates
1660 1069 1971 1158 quasdam
2015 1071 2367 1159 pro-ism
2410 1071 2544 1141 illis
2587 1071 2940 1143 confirmat.

635 1315 721 1386 In
775 1315 887 1387 die
940 1314 1183 1388 Sancti
1246 1313 1492 1402 Marci,
1571 1315 1641 1386 in
1701 1316 2073 1387 Brzeszcze
2114 1316 2165 1405 ¹)
2222 1313 2641 1406 Cuyaviensi
2712 1313 3077 1387 conventio
3148 1313 3497 1406 generalis

427 1432 671 1506 habita
718 1439 845 1506 est.
904 1435 989 1505 In
1046 1456 1213 1525 qua,
1257 1434 1646 1506 Wladislao
1703 1434 2033 1506 Poloniae
2086 1435 2278 1525 Rege
2331 1438 2612 1526 petente
2665 1437 2735 1506 et
2771 1432 3110 1520 instante,
3169 1433 3500 1518 Praelati‚

428 1552 793 1643 Principes
846 1557 917 1625 et
970 1553 1261 1625 barones
1315 1553 1539 1645 Regni
1599 1553 1931 1626 Poloniae
1986 1553 2390 1646 obligarunt
2427 1575 2502 1626 se
2537 1553 2763 1625 filium
2817 1552 3033 1644 Regis
3069 1553 3346 1624 noviter
3383 1573 3502 1622 na-

428 1677 613 1757 tum,
669 1671 1170 1758 wladislaum,
1226 1676 1424 1762 patre
1478 1677 1779 1760 mortue,
1836 1694 1960 1763 pro
2015 1674 2206 1765 Rege
2262 1681 2332 1745 et
2384 1672 2680 1744 Domino
2741 1693 2866 1762 per
2929 1670 3172 1744 literas
3239 1671 3502 1761 specia-

428 1791 531 1862 les
594 1795 1065 1882 suscepturoS.
1123 1790 1399 1863 Literas
1454 1796 1686 1864 tamen
1738 1790 2141 1864 huiusmodi
2195 1791 2267 1864 in
2333 1790 2618 1883 Sbignei
2673 1790 3148 1863 cracoviensis
3203 1789 3509 1881 episcopi

428 1909 633 1981 fidem
690 1910 1205 1996 commendant,
1276 1918 1442 1981 tunc
1494 1910 1767 1982 demum
1826 1909 2217 1982 Wladislao
2273 1908 2450 2001 Regi
2505 1909 2908 1996 tradendaS‚
2967 1929 3120 1981 cum
3158 1909 3402 2000 Regno
3439 1914 3510 1980 et

426 2027 719 2100 cuilibet
771 2033 1023 2114 terrae,
1080 2027 1327 2100 literae
1381 2027 1718 2119 speciales
1772 2029 2030 2121 regiae,
2074 2028 2312 2120 sigillo
2369 2027 2759 2100 maiestatis
2813 2028 3156 2114 munitae,
3217 2027 3503 2100 liberta—

428 2150 535 2218 tes
588 2152 659 2218 et
714 2146 1193 2220 immunitates
1248 2147 1713 2234 continentes,
1762 2147 1967 2219 iuxta
2004 2147 2344 2220 minutam
2386 2153 2552 2219 tunc
2587 2151 2989 2238 conceptam
3055 2147 3282 2218 forent
3345 2166 3504 2218 con-

428 2265 767 2356 signatae.
826 2266 1227 2338 sustulerat
1280 2265 1465 2338 cnim
1521 2266 1955 2338 Wladislaus
2022 2267 2177 2339 Rex
2231 2267 2316 2339 ab
2375 2264 2695 2337 omnibus
2763 2265 3100 2339 ecclesiis.
3143 2265 3504 2338 cathedra-

424 2385 647 2472 libus,
713 2384 1104 2476 collegiatis
1158 2389 1229 2456 et
1282 2385 1895 2474 conventualibus,
1961 2406 2135 2457 onus
2183 2385 2596 2472 stationum,
2661 2389 2732 2456 et
2783 2406 2825 2457 a
2864 2384 3211 2457 militibus
3269 2391 3496 2457 terrae

429 2503 918 2595 GuyaviensiS,
984 2524 1359 2594 eorumque
1420 2503 1946 2593 kmethonibuS,
2012 2504 2370 2576 avenalem
2418 2502 2834 2576 solutionem
2880 2509 3214 2596 perpetuo
3269 2503 3502 2574 indul-

426 2627 643 2710 serat,
700 2625 1077 2714 pluresque
1130 2622 1309 2694 alias
1362 2623 1727 2696 libertates
1780 2625 1893 2695 vel
1948 2623 2374 2710 contulerat,
2431 2622 2547 2694 vel
2602 2622 2914 2713 antiquis
2968 2622 3238 2714 aliquid
3297 2622 3504 2694 liber-

426 2741 596 2814 tatis
651 2746 723 2814 et
772 2742 1041 2835 gratiae
1094 2741 1464 2814 adiecerat.
1523 2742 1610 2813 In
1664 2763 1860 2832 spem
1916 2741 2153 2834 itaque
2217 2741 2618 2814 huiusmodi
2673 2741 3108 2834 libertatum,
3162 2741 3501 2832 obligatio

425 2861 509 2934 de
562 2862 1003 2954 suscipiendo
1057 2861 1205 2934 filio
1260 2861 1477 2952 Regis
1532 2861 1710 2933 inita
1764 2867 1901 2934 est:
1960 2883 2137 2952 quae
2191 2861 2254 2934 si
2309 2866 2758 2953 negarentur,
2815 2881 2954 2932 uon
3007 2860 3228 2934 teneri
3283 2881 3358 2932 se
3415 2861 3506 2931 ad

424 2981 655 3068 illam,
704 2985 775 3052 et
812 2980 1191 3072 Sbigneum
1246 2980 1767 3054 cracoviensem
1824 2979 2227 3073 episcopum
2281 2981 2369 3054 ad
2420 2980 2698 3053 literam
2725 2978 2788 3069 2)
2843 2979 3292 3072 obligationis
3346 2979 3502 3052 red-

428 3099 720 3198 dendam
750 3097 811 3188 ³)
865 3099 1251 3172 arctabant.

530 3449 928 3521 uentributio
974 3448 1127 3522 olori
1172 3449 1450 3538 polonici
1496 3450 1849 3522 wladislao
1891 3450 2048 3540 augi
2093 3454 2403 3541 negatur,
2450 3469 2526 3523 ac
2570 3451 2652 3522 do
2695 3452 3043 3523 rebellione
3087 3451 3394 3521 semoviti

1048 3569 1371 3640 'meviae
1414 3568 1606 3640 Dacis
1648 3569 1717 3640 in
1761 3569 2112 3640 Brzeszczo
2157 3572 2522 3641 conventus
2563 3570 2891 3643 indicitur.

628 3814 891 3886 Habita
942 3817 1053 3886 est
1103 3817 1175 3886 et
1229 3812 1303 3884 in
1356 3813 1535 3885 festo
1589 3812 2041 3886 Pentecostes
2077 3813 2149 3886 in
2188 3813 2628 3887 Lanciciensi
2681 3814 2934 3906 oppido
2971 3815 3292 3907 Synodus
3347 3835 3504 3905 pro-

424 3933 781 4020 vincialis,
838 3933 911 4005 in
966 3953 1174 4023 quam
1229 3932 1489 4024 singuli
1546 3933 1958 4006 Provinciae
1997 3932 2428 4007 Gnesncnsis
2464 3933 2806 4024 episcopi,
2861 3937 3135 4024 praeter
3171 3934 3500 4006 Iacobum

422 4054 828 4125 Ploceusem
884 4050 1283 4142 episcopum
1338 4050 1925 4139 (valetudinarius
1972 4052 2155 4124 enim
2193 4055 2397 4140 erat),
2428 4055 2915 4125 convenerant.
2974 4051 3500 4138 ConvenienteS‚

344 4183 357 4192 ’
424 4193 513 4243 an
566 4170 989 4244 contributio
1052 4169 1311 4260 viginti
1372 4169 1677 4242 millium
1731 4171 2178 4258 florenorum,
2243 4191 2367 4260 per
2419 4171 2795 4242 Martinum
2859 4171 3122 4262 Papam
3177 4171 3500 4262 quintum

426 4289 817 4361 Wladislao
883 4288 1217 4360 Poloniae
1278 4288 1457 4380 Regi
1530 4288 1602 4361 in
1656 4291 1841 4361 clero
1896 4289 2123 4380 Regni
2196 4289 2529 4362 Poloniae
2593 4290 2723 4361 sub
2795 4309 2876 4362 ea
2948 4290 3376 4376 conditione,
3438 4289 3500 4360 si

422 4407 884 4499 personaliter
942 4428 1097 4479 cum
1151 4407 1488 4498 potentiis
1542 4407 1692 4480 suis
1748 4408 1821 4479 in
1876 4409 2220 4480 Bohemos
2266 4408 2655 4481 haereticos
2694 4409 3204 4499 expeditionem
3243 4414 3500 4502 ageret,

422 4547 777 4614 concessa,
834 4526 1081 4598 debeat
1134 4525 1341 4598 iuxta
1390 4527 1653 4619 regiam
1708 4527 2236 4619 requisitionem
2292 4528 2429 4599 iam
2488 4530 2773 4613 factam,
2831 4528 3014 4600 solvi
3069 4528 3182 4602 vel
3235 4527 3498 4619 negari,

421 4645 641 4716 variis
694 4643 1111 4717 tractatibus
1149 4644 1578 4736 digerebant.
1636 4647 1857 4737 Capta
1883 4647 1947 4734 4)
2000 4651 2237 4718 aut-em
2275 4646 2410 4718 fuit
2448 4645 2816 4719 uniformis
2863 4647 3249 4719 conclusio:
3305 4647 3504 4718 nullo

420 4768 627 4855 pacto
688 4765 952 4835 clerum
1016 4764 1425 4836 Polonicum
1490 4765 1577 4836 ad
1632 4765 2050 4837 solutionem
2116 4769 2326 4837 taxae
2389 4769 2532 4836 tam
2596 4785 2922 4837 onerosae
2987 4765 3498 4838 subiiciendum

422 4885 589 4954 fore.
646 4883 781 4955 Sed
836 4887 907 4955 et
959 4882 1397 4954 Wladisla-us
1452 4883 1603 4973 ipse
1656 4885 2075 4956 Polonorum
2132 4885 2321 4973 Rex,
2387 4885 2752 4957 attendens
2807 4884 3186 4956 Martinam
3237 4885 3499 4975 Papam

422 5000 603 5071 nihil
656 5000 768 5072 illi
822 5001 907 5072 de
960 5000 1240 5092 proprio
1296 5001 1628 5093 largitum
1684 5023 1868 5090 esse,
1924 5002 2645 5094 contributionemque
2679 5003 2938 5094 ipsam,
2979 5003 3043 5075 si
3079 5003 3498 5096 exigeretur,

415 5121 678 5192 clerum
732 5119 1067 5192 Poloniae
1134 5119 1625 5212 multipliciter
1690 5123 1835 5194 fore
1898 5121 2350 5210 offensuram,
2417 5121 2772 5195 solicitare
2835 5121 2988 5194 eius
3041 5122 3498 5196 redditionem

634 5393 681 5472 ¹)
721 5393 997 5454 Brzescie
1044 5379 1197 5456 Cod.
1243 5389 1421 5455 Koat.
1484 5387 1541 5475 ²)
1584 5393 1787 5452 literas
1836 5387 1985 5454 Coa.
2036 5389 2228 5456 Rea-r.
2293 5341 2350 5476 ιι)ὓ
2389 5391 2722 5454 reddendas
2771 5386 2924 5456 Coa.
2968 5387 3162 5455 Rozr.
3218 5387 3273 5471 ⁴)
3315 5391 3503 5454 Facta

425 5491 577 5562 Cod.
625 5493 815 5560 Rozr.
