<?xml version="1.0" encoding="UTF-8"?>
<!DOCTYPE html PUBLIC "-//W3C//DTD XHTML 1.0 Transitional//EN"
    "http://www.w3.org/TR/xhtml1/DTD/xhtml1-transitional.dtd">
<html xmlns="http://www.w3.org/1999/xhtml" xml:lang="en" lang="en">
 <head>
  <title>
</title>
<meta http-equiv="Content-Type" content="text/html;charset=utf-8" />
  <meta name='ocr-system' content='tesseract 3.04.00' />
  <meta name='ocr-capabilities' content='ocr_page ocr_carea ocr_par ocr_line ocrx_word'/>
</head>
<body>
  <div class='ocr_page' id='page_1' title='image "./dzieawszystkie00unkngoog_0213.png"; bbox 0 0 4342 6384; ppageno 0'>
   <div class='ocr_carea' id='block_1_1' title="bbox 865 583 3958 685">
    <p class='ocr_par' dir='ltr' id='par_1_1' title="bbox 865 583 3958 685">
     <span class='ocr_line' id='line_1_1' title="bbox 865 583 3958 685; baseline -0.002 -21"><span class='ocrx_word' id='word_1_1' title='bbox 865 591 1016 664; x_wconf 86' lang='lat'>202</span> <span class='ocrx_word' id='word_1_2' title='bbox 2036 607 2264 658; x_wconf 70' lang='lat' dir='ltr'>numu</span> <span class='ocrx_word' id='word_1_3' title='bbox 2317 605 2775 660; x_wconf 69' lang='lat' dir='ltr'>imm-:emus</span> <span class='ocrx_word' id='word_1_4' title='bbox 3429 583 3562 685; x_wconf 91' lang='grc' dir='ltr'>(Α.</span> <span class='ocrx_word' id='word_1_5' title='bbox 3603 584 3692 658; x_wconf 90' lang='lat' dir='ltr'>D.</span> <span class='ocrx_word' id='word_1_6' title='bbox 3735 585 3958 683; x_wconf 85' lang='grc'><strong>1417.)</strong></span> 
     </span>
    </p>
   </div>
   <div class='ocr_carea' id='block_1_2' title="bbox 860 789 3982 5070">
    <p class='ocr_par' dir='ltr' id='par_1_2' title="bbox 860 789 3982 5070">
     <span class='ocr_line' id='line_1_2' title="bbox 860 789 3959 881; baseline -0.002 -13"><span class='ocrx_word' id='word_1_7' title='bbox 860 795 1133 868; x_wconf 85' lang='lat' dir='ltr'>klensis</span> <span class='ocrx_word' id='word_1_8' title='bbox 1187 793 1471 881; x_wconf 90' lang='lat' dir='ltr'>relicta,</span> <span class='ocrx_word' id='word_1_9' title='bbox 1528 790 1642 864; x_wconf 90' lang='lat' dir='ltr'>cui</span> <span class='ocrx_word' id='word_1_10' title='bbox 1698 789 1949 864; x_wconf 91' lang='lat' dir='ltr'>mirum</span> <span class='ocrx_word' id='word_1_11' title='bbox 2006 790 2080 862; x_wconf 89' lang='lat' dir='ltr'>in</span> <span class='ocrx_word' id='word_1_12' title='bbox 2137 791 2414 863; x_wconf 90' lang='lat' dir='ltr'>modum</span> <span class='ocrx_word' id='word_1_13' title='bbox 2453 792 2894 864; x_wconf 86' lang='lat' dir='ltr'>Wladislaus</span> <span class='ocrx_word' id='word_1_14' title='bbox 2949 791 3285 864; x_wconf 86' lang='lat' dir='ltr'>Poloniae</span> <span class='ocrx_word' id='word_1_15' title='bbox 3322 793 3478 864; x_wconf 89' lang='lat' dir='ltr'>Rex</span> <span class='ocrx_word' id='word_1_16' title='bbox 3535 811 3766 863; x_wconf 89' lang='lat' dir='ltr'>amore</span> <span class='ocrx_word' id='word_1_17' title='bbox 3814 793 3959 862; x_wconf 87' lang='lat' dir='ltr'>affi-</span> 
     </span>
     <span class='ocr_line' id='line_1_3' title="bbox 863 909 3960 1004; baseline -0.002 -16"><span class='ocrx_word' id='word_1_18' title='bbox 863 916 1198 1004; x_wconf 88' lang='lat' dir='ltr'>ciebatur,</span> <span class='ocrx_word' id='word_1_19' title='bbox 1268 935 1353 986; x_wconf 86' lang='lat' dir='ltr'>ex</span> <span class='ocrx_word' id='word_1_20' title='bbox 1420 909 1801 1003; x_wconf 87' lang='lat' dir='ltr'>composito</span> <span class='ocrx_word' id='word_1_21' title='bbox 1866 910 2175 983; x_wconf 88' lang='lat' dir='ltr'>advenit.</span> <span class='ocrx_word' id='word_1_22' title='bbox 2251 911 2505 984; x_wconf 88' lang='lat' dir='ltr'>Amore</span> <span class='ocrx_word' id='word_1_23' title='bbox 2569 915 2803 984; x_wconf 91' lang='lat' dir='ltr'>autem</span> <span class='ocrx_word' id='word_1_24' title='bbox 2868 911 3304 997; x_wconf 89' lang='lat' dir='ltr'>huiusmodi,</span> <span class='ocrx_word' id='word_1_25' title='bbox 3376 929 3580 1002; x_wconf 87' lang='lat' dir='ltr'>quem</span> <span class='ocrx_word' id='word_1_26' title='bbox 3644 912 3960 1002; x_wconf 77' lang='lat' dir='ltr'>plerique</span> 
     </span>
     <span class='ocr_line' id='line_1_4' title="bbox 865 1030 3961 1123; baseline -0.002 -14"><span class='ocrx_word' id='word_1_27' title='bbox 865 1035 1469 1108; x_wconf 86' lang='lat' dir='ltr'>infascinationem</span> <span class='ocrx_word' id='word_1_28' title='bbox 1526 1031 2009 1123; x_wconf 80' lang='lat' dir='ltr'>appellabant,</span> <span class='ocrx_word' id='word_1_29' title='bbox 2065 1032 2424 1121; x_wconf 85' lang='lat' dir='ltr'>praefatus</span> <span class='ocrx_word' id='word_1_30' title='bbox 2479 1031 2918 1103; x_wconf 89' lang='lat' dir='ltr'>Wladislaus</span> <span class='ocrx_word' id='word_1_31' title='bbox 2976 1032 3130 1102; x_wconf 88' lang='lat' dir='ltr'>Rex</span> <span class='ocrx_word' id='word_1_32' title='bbox 3185 1030 3580 1121; x_wconf 76' lang='lat' dir='ltr'>pervictuS,</span> <span class='ocrx_word' id='word_1_33' title='bbox 3648 1051 3773 1121; x_wconf 90' lang='lat' dir='ltr'>per</span> <span class='ocrx_word' id='word_1_34' title='bbox 3827 1052 3961 1102; x_wconf 90' lang='lat' dir='ltr'>me-</span> 
     </span>
     <span class='ocr_line' id='line_1_5' title="bbox 866 1148 3961 1244; baseline -0.001 -18"><span class='ocrx_word' id='word_1_35' title='bbox 866 1155 1058 1227; x_wconf 92' lang='lat' dir='ltr'>dium</span> <span class='ocrx_word' id='word_1_36' title='bbox 1113 1153 1557 1226; x_wconf 87' lang='lat' dir='ltr'>Alexandrae</span> <span class='ocrx_word' id='word_1_37' title='bbox 1612 1170 1981 1244; x_wconf 77' lang='lat' dir='ltr'>germanae</span> <span class='ocrx_word' id='word_1_38' title='bbox 2036 1170 2228 1236; x_wconf 91' lang='lat' dir='ltr'>suae,</span> <span class='ocrx_word' id='word_1_39' title='bbox 2285 1148 2652 1221; x_wconf 81' lang='lat' dir='ltr'>Elisabeth</span> <span class='ocrx_word' id='word_1_40' title='bbox 2705 1150 3130 1241; x_wconf 79' lang='lat' dir='ltr'>praedictam</span> <span class='ocrx_word' id='word_1_41' title='bbox 3186 1150 3270 1221; x_wconf 91' lang='lat' dir='ltr'>de</span> <span class='ocrx_word' id='word_1_42' title='bbox 3325 1151 3801 1222; x_wconf 86' lang='lat' dir='ltr'>contrahendo</span> <span class='ocrx_word' id='word_1_43' title='bbox 3861 1171 3961 1222; x_wconf 85' lang='lat' dir='ltr'>se-</span> 
     </span>
     <span class='ocr_line' id='line_1_6' title="bbox 864 1269 3962 1360; baseline -0.002 -14"><span class='ocrx_word' id='word_1_44' title='bbox 864 1295 1022 1347; x_wconf 89' lang='lat' dir='ltr'>cum</span> <span class='ocrx_word' id='word_1_45' title='bbox 1079 1272 1520 1345; x_wconf 88' lang='lat' dir='ltr'>matrimonio</span> <span class='ocrx_word' id='word_1_46' title='bbox 1578 1270 1911 1344; x_wconf 80' lang='lat' dir='ltr'>solicitat.</span> <span class='ocrx_word' id='word_1_47' title='bbox 1998 1269 2064 1341; x_wconf 87' lang='lat' dir='ltr'>N</span> <span class='ocrx_word' id='word_1_48' title='bbox 2070 1290 2145 1342; x_wconf 90' lang='lat' dir='ltr'>ec</span> <span class='ocrx_word' id='word_1_49' title='bbox 2199 1270 2450 1360; x_wconf 88' lang='lat' dir='ltr'>puduit</span> <span class='ocrx_word' id='word_1_50' title='bbox 2506 1269 2964 1342; x_wconf 79' lang='lat' dir='ltr'>excellentiae</span> <span class='ocrx_word' id='word_1_51' title='bbox 3019 1290 3215 1340; x_wconf 89' lang='lat' dir='ltr'>rarae</span> <span class='ocrx_word' id='word_1_52' title='bbox 3281 1270 3577 1360; x_wconf 82' lang='lat' dir='ltr'>Regem,</span> <span class='ocrx_word' id='word_1_53' title='bbox 3637 1269 3962 1341; x_wconf 83' lang='lat' dir='ltr'>feminam</span> 
     </span>
     <span class='ocr_line' id='line_1_7' title="bbox 868 1388 3960 1483; baseline -0.002 -18"><span class='ocrx_word' id='word_1_54' title='bbox 868 1399 937 1466; x_wconf 94' lang='lat' dir='ltr'>et</span> <span class='ocrx_word' id='word_1_55' title='bbox 992 1392 1275 1465; x_wconf 88' lang='lat' dir='ltr'>assidua</span> <span class='ocrx_word' id='word_1_56' title='bbox 1327 1391 1723 1483; x_wconf 86' lang='lat' dir='ltr'>phthisicae</span> <span class='ocrx_word' id='word_1_57' title='bbox 1780 1389 2213 1461; x_wconf 87' lang='lat' dir='ltr'>infirmitatis</span> <span class='ocrx_word' id='word_1_58' title='bbox 2253 1389 2626 1461; x_wconf 78' lang='lat' dir='ltr'>vexatione</span> <span class='ocrx_word' id='word_1_59' title='bbox 2680 1388 3120 1480; x_wconf 83' lang='lat' dir='ltr'>languidam,</span> <span class='ocrx_word' id='word_1_60' title='bbox 3189 1393 3259 1460; x_wconf 92' lang='lat' dir='ltr'>et</span> <span class='ocrx_word' id='word_1_61' title='bbox 3299 1410 3496 1459; x_wconf 88' lang='lat' dir='ltr'>suam</span> <span class='ocrx_word' id='word_1_62' title='bbox 3553 1388 3960 1473; x_wconf 84' lang='lat' dir='ltr'>subiectam,</span> 
     </span>
     <span class='ocr_line' id='line_1_8' title="bbox 864 1509 3961 1600; baseline -0.001 -16"><span class='ocrx_word' id='word_1_63' title='bbox 864 1513 1079 1584; x_wconf 91' lang='lat' dir='ltr'>trium</span> <span class='ocrx_word' id='word_1_64' title='bbox 1138 1512 1445 1584; x_wconf 84' lang='lat' dir='ltr'>virorum</span> <span class='ocrx_word' id='word_1_65' title='bbox 1499 1511 1975 1596; x_wconf 88' lang='lat' dir='ltr'>matrimonia,</span> <span class='ocrx_word' id='word_1_66' title='bbox 2036 1509 2367 1581; x_wconf 85' lang='lat' dir='ltr'>videlicet</span> <span class='ocrx_word' id='word_1_67' title='bbox 2422 1509 2758 1581; x_wconf 86' lang='lat' dir='ltr'>Iohannis</span> <span class='ocrx_word' id='word_1_68' title='bbox 2797 1510 3063 1580; x_wconf 83' lang='lat' dir='ltr'>Moravi</span> <span class='ocrx_word' id='word_1_69' title='bbox 3121 1510 3204 1580; x_wconf 88' lang='lat' dir='ltr'>de</span> <span class='ocrx_word' id='word_1_70' title='bbox 3243 1509 3756 1600; x_wconf 78' lang='lat' dir='ltr'>Myedzwyedz,</span> <span class='ocrx_word' id='word_1_71' title='bbox 3815 1509 3961 1580; x_wconf 83' lang='lat' dir='ltr'>Wi-</span> 
     </span>
     <span class='ocr_line' id='line_1_9' title="bbox 867 1628 3962 1721; baseline -0.002 -17"><span class='ocrx_word' id='word_1_72' title='bbox 867 1631 1128 1704; x_wconf 85' lang='lat' dir='ltr'>szlonis</span> <span class='ocrx_word' id='word_1_73' title='bbox 1170 1633 1222 1721; x_wconf 92' lang='lat'>¹)</span> <span class='ocrx_word' id='word_1_74' title='bbox 1290 1631 1621 1703; x_wconf 88' lang='lat' dir='ltr'>Czambor</span> <span class='ocrx_word' id='word_1_75' title='bbox 1686 1630 1986 1702; x_wconf 85' lang='lat' dir='ltr'>Slesitae</span> <span class='ocrx_word' id='word_1_76' title='bbox 2042 1630 2125 1699; x_wconf 90' lang='lat' dir='ltr'>de</span> <span class='ocrx_word' id='word_1_77' title='bbox 2192 1628 2726 1719; x_wconf 89' lang='lat' dir='ltr'>Wischemborg</span> <span class='ocrx_word' id='word_1_78' title='bbox 2799 1633 2870 1700; x_wconf 91' lang='lat' dir='ltr'>et</span> <span class='ocrx_word' id='word_1_79' title='bbox 2935 1629 3291 1702; x_wconf 90' lang='lat' dir='ltr'>Vincentii</span> <span class='ocrx_word' id='word_1_80' title='bbox 3357 1628 3788 1719; x_wconf 77' lang='lat' dir='ltr'>Granowsky</span> <span class='ocrx_word' id='word_1_81' title='bbox 3857 1649 3962 1700; x_wconf 86' lang='lat' dir='ltr'>ca-</span> 
     </span>
     <span class='ocr_line' id='line_1_10' title="bbox 865 1747 3962 1840; baseline -0.002 -17"><span class='ocrx_word' id='word_1_82' title='bbox 865 1751 1151 1824; x_wconf 88' lang='lat' dir='ltr'>stellani</span> <span class='ocrx_word' id='word_1_83' title='bbox 1206 1750 1620 1838; x_wconf 78' lang='lat' dir='ltr'>NaklensiS,</span> <span class='ocrx_word' id='word_1_84' title='bbox 1663 1750 1801 1821; x_wconf 91' lang='lat' dir='ltr'>iam</span> <span class='ocrx_word' id='word_1_85' title='bbox 1840 1753 2232 1840; x_wconf 80' lang='lat' dir='ltr'>expertam,</span> <span class='ocrx_word' id='word_1_86' title='bbox 2291 1747 2824 1838; x_wconf 87' lang='lat' dir='ltr'>multiplicitate</span> <span class='ocrx_word' id='word_1_87' title='bbox 2880 1769 3154 1839; x_wconf 88' lang='lat' dir='ltr'>quoque</span> <span class='ocrx_word' id='word_1_88' title='bbox 3191 1749 3412 1838; x_wconf 86' lang='lat' dir='ltr'>prolis</span> <span class='ocrx_word' id='word_1_89' title='bbox 3469 1770 3556 1820; x_wconf 89' lang='lat' dir='ltr'>ex</span> <span class='ocrx_word' id='word_1_90' title='bbox 3597 1748 3962 1820; x_wconf 84' lang='lat' dir='ltr'>Vincentio</span> 
     </span>
     <span class='ocr_line' id='line_1_11' title="bbox 866 1867 3962 1961; baseline -0.002 -17"><span class='ocrx_word' id='word_1_91' title='bbox 866 1871 1293 1961; x_wconf 78' lang='lat' dir='ltr'>Granowsky</span> <span class='ocrx_word' id='word_1_92' title='bbox 1369 1875 1733 1960; x_wconf 86' lang='lat' dir='ltr'>susceptae</span> <span class='ocrx_word' id='word_1_93' title='bbox 1800 1869 2248 1955; x_wconf 82' lang='lat' dir='ltr'>exhaustam,</span> <span class='ocrx_word' id='word_1_94' title='bbox 2327 1871 2396 1939; x_wconf 88' lang='lat' dir='ltr'>et</span> <span class='ocrx_word' id='word_1_95' title='bbox 2460 1868 2533 1939; x_wconf 93' lang='lat' dir='ltr'>in</span> <span class='ocrx_word' id='word_1_96' title='bbox 2601 1868 2846 1940; x_wconf 89' lang='lat' dir='ltr'>diebus</span> <span class='ocrx_word' id='word_1_97' title='bbox 2925 1868 3073 1939; x_wconf 92' lang='lat' dir='ltr'>suis</span> <span class='ocrx_word' id='word_1_98' title='bbox 3143 1889 3620 1960; x_wconf 85' lang='lat' dir='ltr'>progressam,</span> <span class='ocrx_word' id='word_1_99' title='bbox 3699 1867 3962 1959; x_wconf 90' lang='lat' dir='ltr'>origine</span> 
     </span>
     <span class='ocr_line' id='line_1_12' title="bbox 868 1986 3966 2083; baseline -0.001 -22"><span class='ocrx_word' id='word_1_100' title='bbox 868 2012 1143 2083; x_wconf 89' lang='lat' dir='ltr'>quoque</span> <span class='ocrx_word' id='word_1_101' title='bbox 1174 1989 1237 2078; x_wconf 76' lang='lat'>²)</span> <span class='ocrx_word' id='word_1_102' title='bbox 1303 1989 1687 2080; x_wconf 87' lang='lat' dir='ltr'>disparem,</span> <span class='ocrx_word' id='word_1_103' title='bbox 1764 1989 1837 2060; x_wconf 91' lang='lat' dir='ltr'>in</span> <span class='ocrx_word' id='word_1_104' title='bbox 1904 2010 2107 2060; x_wconf 89' lang='lat' dir='ltr'>suum</span> <span class='ocrx_word' id='word_1_105' title='bbox 2174 1987 2596 2060; x_wconf 89' lang='lat' dir='ltr'>connubium</span> <span class='ocrx_word' id='word_1_106' title='bbox 2660 1986 3029 2076; x_wconf 87' lang='lat' dir='ltr'>ascivisse,</span> <span class='ocrx_word' id='word_1_107' title='bbox 3103 1989 3630 2080; x_wconf 87' lang='lat' dir='ltr'>potentiamque</span> <span class='ocrx_word' id='word_1_108' title='bbox 3706 1987 3966 2079; x_wconf 83' lang='lat' dir='ltr'>regiam</span> 
     </span>
     <span class='ocr_line' id='line_1_13' title="bbox 868 2106 3964 2202; baseline -0.001 -21"><span class='ocrx_word' id='word_1_109' title='bbox 868 2109 1223 2202; x_wconf 87' lang='lat' dir='ltr'>prosperis</span> <span class='ocrx_word' id='word_1_110' title='bbox 1278 2110 1679 2182; x_wconf 88' lang='lat' dir='ltr'>affluentem</span> <span class='ocrx_word' id='word_1_111' title='bbox 1736 2109 2201 2195; x_wconf 89' lang='lat' dir='ltr'>successibus,</span> <span class='ocrx_word' id='word_1_112' title='bbox 2261 2108 2472 2179; x_wconf 92' lang='lat' dir='ltr'>unius</span> <span class='ocrx_word' id='word_1_113' title='bbox 2530 2106 2847 2179; x_wconf 89' lang='lat' dir='ltr'>mulieris</span> <span class='ocrx_word' id='word_1_114' title='bbox 2889 2108 3221 2179; x_wconf 87' lang='lat' dir='ltr'>societate</span> <span class='ocrx_word' id='word_1_115' title='bbox 3278 2108 3626 2199; x_wconf 87' lang='lat' dir='ltr'>expetita,</span> <span class='ocrx_word' id='word_1_116' title='bbox 3686 2128 3964 2180; x_wconf 70' lang='lat' dir='ltr'>enerra-</span> 
     </span>
     <span class='ocr_line' id='line_1_14' title="bbox 869 2227 3967 2320; baseline -0 -21"><span class='ocrx_word' id='word_1_117' title='bbox 869 2229 1093 2316; x_wconf 85' lang='lat' dir='ltr'>visse,</span> <span class='ocrx_word' id='word_1_118' title='bbox 1150 2229 1576 2320; x_wconf 88' lang='lat' dir='ltr'>moestisque</span> <span class='ocrx_word' id='word_1_119' title='bbox 1633 2228 2005 2320; x_wconf 85' lang='lat' dir='ltr'>infregisse</span> <span class='ocrx_word' id='word_1_120' title='bbox 2059 2228 2438 2300; x_wconf 74' lang='lat' dir='ltr'>doloribus,</span> <span class='ocrx_word' id='word_1_121' title='bbox 2517 2227 2663 2319; x_wconf 72' lang='lat' dir='ltr'>Quo</span> <span class='ocrx_word' id='word_1_122' title='bbox 2722 2227 2906 2300; x_wconf 90' lang='lat' dir='ltr'>enim</span> <span class='ocrx_word' id='word_1_123' title='bbox 2962 2227 3311 2300; x_wconf 88' lang='lat' dir='ltr'>illustrior</span> <span class='ocrx_word' id='word_1_124' title='bbox 3365 2230 3590 2300; x_wconf 84' lang='lat' dir='ltr'>fuerat</span> <span class='ocrx_word' id='word_1_125' title='bbox 3643 2229 3834 2316; x_wconf 89' lang='lat' dir='ltr'>Rex,</span> <span class='ocrx_word' id='word_1_126' title='bbox 3895 2249 3967 2299; x_wconf 91' lang='lat' dir='ltr'>eo</span> 
     </span>
     <span class='ocr_line' id='line_1_15' title="bbox 866 2347 3967 2440; baseline -0.001 -20"><span class='ocrx_word' id='word_1_127' title='bbox 866 2349 1141 2440; x_wconf 89' lang='lat' dir='ltr'>turpior</span> <span class='ocrx_word' id='word_1_128' title='bbox 1194 2349 1307 2421; x_wconf 91' lang='lat' dir='ltr'>illi</span> <span class='ocrx_word' id='word_1_129' title='bbox 1365 2348 1499 2420; x_wconf 86' lang='lat' dir='ltr'>fuit</span> <span class='ocrx_word' id='word_1_130' title='bbox 1562 2348 1967 2420; x_wconf 90' lang='lat' dir='ltr'>huiusmodi</span> <span class='ocrx_word' id='word_1_131' title='bbox 2030 2348 2464 2434; x_wconf 81' lang='lat' dir='ltr'>coniunctiO,</span> <span class='ocrx_word' id='word_1_132' title='bbox 2542 2370 2720 2438; x_wconf 87' lang='lat' dir='ltr'>quae</span> <span class='ocrx_word' id='word_1_133' title='bbox 2785 2352 2855 2420; x_wconf 92' lang='lat' dir='ltr'>et</span> <span class='ocrx_word' id='word_1_134' title='bbox 2919 2349 3104 2439; x_wconf 88' lang='lat' dir='ltr'>apud</span> <span class='ocrx_word' id='word_1_135' title='bbox 3170 2353 3449 2420; x_wconf 87' lang='lat' dir='ltr'>exteros</span> <span class='ocrx_word' id='word_1_136' title='bbox 3515 2353 3584 2420; x_wconf 89' lang='lat' dir='ltr'>et</span> <span class='ocrx_word' id='word_1_137' title='bbox 3649 2347 3967 2439; x_wconf 87' lang='lat' dir='ltr'>proprios</span> 
     </span>
     <span class='ocr_line' id='line_1_16' title="bbox 867 2467 3964 2561; baseline -0.001 -22"><span class='ocrx_word' id='word_1_138' title='bbox 867 2468 1163 2561; x_wconf 89' lang='lat' dir='ltr'>gloriam</span> <span class='ocrx_word' id='word_1_139' title='bbox 1218 2468 1433 2559; x_wconf 86' lang='lat' dir='ltr'>Regis</span> <span class='ocrx_word' id='word_1_140' title='bbox 1488 2468 1916 2540; x_wconf 88' lang='lat' dir='ltr'>confuderat.</span> <span class='ocrx_word' id='word_1_141' title='bbox 1975 2469 2066 2538; x_wconf 93' lang='lat' dir='ltr'>Et</span> <span class='ocrx_word' id='word_1_142' title='bbox 2122 2469 2443 2559; x_wconf 86' lang='lat' dir='ltr'>quamvis</span> <span class='ocrx_word' id='word_1_143' title='bbox 2499 2468 2904 2540; x_wconf 89' lang='lat' dir='ltr'>huiusmodi</span> <span class='ocrx_word' id='word_1_144' title='bbox 2958 2467 3478 2540; x_wconf 83' lang='lat' dir='ltr'>matrimonium</span> <span class='ocrx_word' id='word_1_145' title='bbox 3533 2489 3656 2558; x_wconf 88' lang='lat' dir='ltr'>per</span> <span class='ocrx_word' id='word_1_146' title='bbox 3711 2471 3964 2538; x_wconf 85' lang='lat' dir='ltr'>tract-a-</span> 
     </span>
     <span class='ocr_line' id='line_1_17' title="bbox 871 2585 3964 2675; baseline -0.001 -15"><span class='ocrx_word' id='word_1_147' title='bbox 871 2596 988 2660; x_wconf 89' lang='lat' dir='ltr'>tus</span> <span class='ocrx_word' id='word_1_148' title='bbox 1044 2585 1515 2660; x_wconf 89' lang='lat' dir='ltr'>clandestinos</span> <span class='ocrx_word' id='word_1_149' title='bbox 1573 2592 1739 2660; x_wconf 89' lang='lat' dir='ltr'>tunc</span> <span class='ocrx_word' id='word_1_150' title='bbox 1794 2586 2073 2659; x_wconf 89' lang='lat' dir='ltr'>habitos</span> <span class='ocrx_word' id='word_1_151' title='bbox 2130 2588 2482 2662; x_wconf 88' lang='lat' dir='ltr'>ferebatur</span> <span class='ocrx_word' id='word_1_152' title='bbox 2536 2588 2975 2675; x_wconf 88' lang='lat' dir='ltr'>conclusum,</span> <span class='ocrx_word' id='word_1_153' title='bbox 3035 2587 3107 2659; x_wconf 89' lang='lat' dir='ltr'>in</span> <span class='ocrx_word' id='word_1_154' title='bbox 3149 2587 3392 2659; x_wconf 89' lang='lat' dir='ltr'>stricto</span> <span class='ocrx_word' id='word_1_155' title='bbox 3443 2592 3676 2660; x_wconf 89' lang='lat' dir='ltr'>tamen</span> <span class='ocrx_word' id='word_1_156' title='bbox 3733 2588 3964 2658; x_wconf 88' lang='lat' dir='ltr'>obser-</span> 
     </span>
     <span class='ocr_line' id='line_1_18' title="bbox 870 2706 3968 2799; baseline -0.001 -19"><span class='ocrx_word' id='word_1_157' title='bbox 870 2708 1167 2781; x_wconf 71' lang='lat' dir='ltr'>vabatur</span> <span class='ocrx_word' id='word_1_158' title='bbox 1221 2729 1503 2796; x_wconf 87' lang='lat' dir='ltr'>arcano,</span> <span class='ocrx_word' id='word_1_159' title='bbox 1564 2713 1635 2780; x_wconf 91' lang='lat' dir='ltr'>et</span> <span class='ocrx_word' id='word_1_160' title='bbox 1690 2730 1731 2778; x_wconf 89' lang='lat' dir='ltr'>a</span> <span class='ocrx_word' id='word_1_161' title='bbox 1785 2707 2133 2779; x_wconf 89' lang='lat' dir='ltr'>Praelatis</span> <span class='ocrx_word' id='word_1_162' title='bbox 2192 2711 2261 2778; x_wconf 90' lang='lat' dir='ltr'>et</span> <span class='ocrx_word' id='word_1_163' title='bbox 2316 2707 2692 2778; x_wconf 85' lang='lat' dir='ltr'>baronibus</span> <span class='ocrx_word' id='word_1_164' title='bbox 2749 2706 3008 2799; x_wconf 87' lang='lat' dir='ltr'>Regni,</span> <span class='ocrx_word' id='word_1_165' title='bbox 3069 2707 3192 2796; x_wconf 87' lang='lat' dir='ltr'>qui</span> <span class='ocrx_word' id='word_1_166' title='bbox 3247 2708 3442 2778; x_wconf 91' lang='lat' dir='ltr'>nullo</span> <span class='ocrx_word' id='word_1_167' title='bbox 3489 2711 3694 2797; x_wconf 87' lang='lat' dir='ltr'>pacto</span> <span class='ocrx_word' id='word_1_168' title='bbox 3751 2706 3968 2777; x_wconf 86' lang='lat' dir='ltr'>admi-</span> 
     </span>
     <span class='ocr_line' id='line_1_19' title="bbox 873 2825 3968 2920; baseline -0.001 -20"><span class='ocrx_word' id='word_1_169' title='bbox 873 2827 1133 2900; x_wconf 84' lang='lat' dir='ltr'>sissent</span> <span class='ocrx_word' id='word_1_170' title='bbox 1188 2829 1449 2920; x_wconf 87' lang='lat' dir='ltr'>Regem</span> <span class='ocrx_word' id='word_1_171' title='bbox 1514 2827 1589 2898; x_wconf 93' lang='lat' dir='ltr'>in</span> <span class='ocrx_word' id='word_1_172' title='bbox 1645 2827 1825 2898; x_wconf 90' lang='lat' dir='ltr'>illud</span> <span class='ocrx_word' id='word_1_173' title='bbox 1880 2826 2185 2916; x_wconf 86' lang='lat' dir='ltr'>prolabi,</span> <span class='ocrx_word' id='word_1_174' title='bbox 2245 2826 2716 2917; x_wconf 86' lang='lat' dir='ltr'>ignorabatur.</span> <span class='ocrx_word' id='word_1_175' title='bbox 2794 2827 3189 2898; x_wconf 87' lang='lat' dir='ltr'>Abeuntem</span> <span class='ocrx_word' id='word_1_176' title='bbox 3245 2830 3476 2898; x_wconf 90' lang='lat' dir='ltr'>autem</span> <span class='ocrx_word' id='word_1_177' title='bbox 3542 2825 3968 2916; x_wconf 82' lang='lat' dir='ltr'>praedictam</span> 
     </span>
     <span class='ocr_line' id='line_1_20' title="bbox 874 2944 3966 3036; baseline -0.001 -18"><span class='ocrx_word' id='word_1_178' title='bbox 874 2947 1243 3019; x_wconf 88' lang='lat' dir='ltr'>Elisabeth</span> <span class='ocrx_word' id='word_1_179' title='bbox 1295 2947 1735 3018; x_wconf 89' lang='lat' dir='ltr'>Wladislaus</span> <span class='ocrx_word' id='word_1_180' title='bbox 1801 2946 1955 3018; x_wconf 88' lang='lat' dir='ltr'>Rex</span> <span class='ocrx_word' id='word_1_181' title='bbox 2014 2945 2313 3018; x_wconf 86' lang='lat' dir='ltr'>Schubis</span> <span class='ocrx_word' id='word_1_182' title='bbox 2345 2944 2406 3034; x_wconf 84' lang='lat'>3)</span> <span class='ocrx_word' id='word_1_183' title='bbox 2482 2951 2550 3018; x_wconf 89' lang='lat' dir='ltr'>et</span> <span class='ocrx_word' id='word_1_184' title='bbox 2615 2945 3047 3018; x_wconf 87' lang='lat' dir='ltr'>notabilibus</span> <span class='ocrx_word' id='word_1_185' title='bbox 3111 2946 3314 3018; x_wconf 90' lang='lat' dir='ltr'>donis</span> <span class='ocrx_word' id='word_1_186' title='bbox 3367 2951 3781 3036; x_wconf 86' lang='lat' dir='ltr'>prosecutus</span> <span class='ocrx_word' id='word_1_187' title='bbox 3837 2951 3966 3033; x_wconf 86' lang='lat' dir='ltr'>est,</span> 
     </span>
     <span class='ocr_line' id='line_1_21' title="bbox 872 3065 3970 3157; baseline -0.001 -19"><span class='ocrx_word' id='word_1_188' title='bbox 872 3071 954 3138; x_wconf 89' lang='lat' dir='ltr'>ut</span> <span class='ocrx_word' id='word_1_189' title='bbox 1006 3065 1407 3157; x_wconf 88' lang='lat' dir='ltr'>largitionis</span> <span class='ocrx_word' id='word_1_190' title='bbox 1464 3065 1870 3157; x_wconf 82' lang='lat' dir='ltr'>magnitudo</span> <span class='ocrx_word' id='word_1_191' title='bbox 1925 3067 2298 3156; x_wconf 88' lang='lat' dir='ltr'>plerosque</span> <span class='ocrx_word' id='word_1_192' title='bbox 2353 3067 2426 3136; x_wconf 92' lang='lat' dir='ltr'>in</span> <span class='ocrx_word' id='word_1_193' title='bbox 2466 3071 2868 3157; x_wconf 86' lang='lat' dir='ltr'>suspectum</span> <span class='ocrx_word' id='word_1_194' title='bbox 2924 3067 3232 3137; x_wconf 89' lang='lat' dir='ltr'>animum</span> <span class='ocrx_word' id='word_1_195' title='bbox 3287 3071 3613 3138; x_wconf 83' lang='lat' dir='ltr'>verteret.</span> <span class='ocrx_word' id='word_1_196' title='bbox 3673 3065 3970 3156; x_wconf 88' lang='lat' dir='ltr'>Aliquot</span> 
     </span>
     <span class='ocr_line' id='line_1_22' title="bbox 873 3184 3970 3276; baseline -0.001 -20"><span class='ocrx_word' id='word_1_197' title='bbox 873 3187 1206 3276; x_wconf 88' lang='lat' dir='ltr'>posthaec</span> <span class='ocrx_word' id='word_1_198' title='bbox 1268 3184 1517 3256; x_wconf 91' lang='lat' dir='ltr'>diebus</span> <span class='ocrx_word' id='word_1_199' title='bbox 1581 3185 1655 3256; x_wconf 90' lang='lat' dir='ltr'>in</span> <span class='ocrx_word' id='word_1_200' title='bbox 1722 3189 1906 3256; x_wconf 88' lang='lat' dir='ltr'>terra</span> <span class='ocrx_word' id='word_1_201' title='bbox 1970 3185 2396 3274; x_wconf 82' lang='lat' dir='ltr'>Chelmensi,</span> <span class='ocrx_word' id='word_1_202' title='bbox 2473 3185 2832 3258; x_wconf 85' lang='lat' dir='ltr'>venationi</span> <span class='ocrx_word' id='word_1_203' title='bbox 2897 3187 3198 3257; x_wconf 87' lang='lat' dir='ltr'>ferarum</span> <span class='ocrx_word' id='word_1_204' title='bbox 3229 3187 3292 3272; x_wconf 80' lang='lat'>4)</span> <span class='ocrx_word' id='word_1_205' title='bbox 3367 3185 3590 3256; x_wconf 86' lang='lat' dir='ltr'>dando</span> <span class='ocrx_word' id='word_1_206' title='bbox 3665 3205 3970 3275; x_wconf 85' lang='lat' dir='ltr'>operam,</span> 
     </span>
     <span class='ocr_line' id='line_1_23' title="bbox 877 3304 3975 3396; baseline -0.001 -19"><span class='ocrx_word' id='word_1_207' title='bbox 877 3309 1376 3392; x_wconf 84' lang='lat' dir='ltr'>commoratuS,</span> <span class='ocrx_word' id='word_1_208' title='bbox 1442 3326 1565 3395; x_wconf 90' lang='lat' dir='ltr'>pro</span> <span class='ocrx_word' id='word_1_209' title='bbox 1622 3304 1867 3376; x_wconf 91' lang='lat' dir='ltr'>diebus</span> <span class='ocrx_word' id='word_1_210' title='bbox 1923 3305 2383 3396; x_wconf 84' lang='lat' dir='ltr'>Carnisprivii</span> <span class='ocrx_word' id='word_1_211' title='bbox 2439 3305 2512 3375; x_wconf 89' lang='lat' dir='ltr'>in</span> <span class='ocrx_word' id='word_1_212' title='bbox 2566 3305 2845 3393; x_wconf 90' lang='lat' dir='ltr'>Iedlna,</span> <span class='ocrx_word' id='word_1_213' title='bbox 2911 3305 3236 3396; x_wconf 87' lang='lat' dir='ltr'>pluribus</span> <span class='ocrx_word' id='word_1_214' title='bbox 3308 3305 3734 3376; x_wconf 86' lang='lat' dir='ltr'>consiliariis</span> <span class='ocrx_word' id='word_1_215' title='bbox 3799 3304 3975 3375; x_wconf 91' lang='lat' dir='ltr'>illuc</span> 
     </span>
     <span class='ocr_line' id='line_1_24' title="bbox 877 3423 3970 3514; baseline 0 -19"><span class='ocrx_word' id='word_1_216' title='bbox 877 3424 1392 3496; x_wconf 88' lang='lat' dir='ltr'>confluentibus</span> <span class='ocrx_word' id='word_1_217' title='bbox 1424 3423 1509 3512; x_wconf 85' lang='lat'>5),</span> <span class='ocrx_word' id='word_1_218' title='bbox 1542 3423 1859 3510; x_wconf 83' lang='lat' dir='ltr'>advenit3</span> <span class='ocrx_word' id='word_1_219' title='bbox 1918 3424 2428 3495; x_wconf 87' lang='lat' dir='ltr'>Sandomiriam</span> <span class='ocrx_word' id='word_1_220' title='bbox 2483 3424 2732 3496; x_wconf 89' lang='lat' dir='ltr'>deinde</span> <span class='ocrx_word' id='word_1_221' title='bbox 2789 3445 2876 3495; x_wconf 92' lang='lat' dir='ltr'>cx</span> <span class='ocrx_word' id='word_1_222' title='bbox 2931 3426 3178 3496; x_wconf 87' lang='lat' dir='ltr'>Iedlna</span> <span class='ocrx_word' id='word_1_223' title='bbox 3232 3446 3356 3514; x_wconf 88' lang='lat' dir='ltr'>pro</span> <span class='ocrx_word' id='word_1_224' title='bbox 3412 3424 3779 3496; x_wconf 87' lang='lat' dir='ltr'>Dominica</span> <span class='ocrx_word' id='word_1_225' title='bbox 3834 3425 3970 3495; x_wconf 87' lang='lat' dir='ltr'>Re-</span> 
     </span>
     <span class='ocr_line' id='line_1_25' title="bbox 876 3543 3972 3635; baseline -0.001 -20"><span class='ocrx_word' id='word_1_226' title='bbox 876 3543 1273 3632; x_wconf 90' lang='lat' dir='ltr'>miniscere,</span> <span class='ocrx_word' id='word_1_227' title='bbox 1332 3544 1672 3634; x_wconf 84' lang='lat' dir='ltr'>pervenit.</span> <span class='ocrx_word' id='word_1_228' title='bbox 1752 3543 1897 3614; x_wconf 86' lang='lat' dir='ltr'>Sub</span> <span class='ocrx_word' id='word_1_229' title='bbox 1953 3565 2087 3634; x_wconf 89' lang='lat' dir='ltr'>quo</span> <span class='ocrx_word' id='word_1_230' title='bbox 2146 3549 2454 3634; x_wconf 86' lang='lat' dir='ltr'>tempore</span> <span class='ocrx_word' id='word_1_231' title='bbox 2509 3544 2632 3614; x_wconf 81' lang='lat' dir='ltr'>nix</span> <span class='ocrx_word' id='word_1_232' title='bbox 2689 3565 2978 3635; x_wconf 86' lang='lat' dir='ltr'>magnae</span> <span class='ocrx_word' id='word_1_233' title='bbox 3037 3545 3457 3634; x_wconf 83' lang='lat' dir='ltr'>quantitatis</span> <span class='ocrx_word' id='word_1_234' title='bbox 3522 3544 3972 3628; x_wconf 75' lang='lat' dir='ltr'>descendenS,</span> 
     </span>
     <span class='ocr_line' id='line_1_26' title="bbox 877 3663 3972 3756; baseline -0.001 -20"><span class='ocrx_word' id='word_1_235' title='bbox 877 3669 947 3736; x_wconf 91' lang='lat' dir='ltr'>et</span> <span class='ocrx_word' id='word_1_236' title='bbox 1000 3663 1322 3756; x_wconf 90' lang='lat' dir='ltr'>pluribus</span> <span class='ocrx_word' id='word_1_237' title='bbox 1352 3664 1415 3752; x_wconf 76' lang='grc'>6)</span> <span class='ocrx_word' id='word_1_238' title='bbox 1470 3663 1715 3736; x_wconf 88' lang='lat' dir='ltr'>diebus</span> <span class='ocrx_word' id='word_1_239' title='bbox 1754 3668 2011 3735; x_wconf 90' lang='lat' dir='ltr'>terram</span> <span class='ocrx_word' id='word_1_240' title='bbox 2048 3685 2420 3755; x_wconf 87' lang='lat' dir='ltr'>occupans,</span> <span class='ocrx_word' id='word_1_241' title='bbox 2481 3664 2686 3734; x_wconf 88' lang='lat' dir='ltr'>blada</span> <span class='ocrx_word' id='word_1_242' title='bbox 2722 3663 2796 3735; x_wconf 91' lang='lat' dir='ltr'>in</span> <span class='ocrx_word' id='word_1_243' title='bbox 2834 3663 3007 3735; x_wconf 92' lang='lat' dir='ltr'>locis</span> <span class='ocrx_word' id='word_1_244' title='bbox 3045 3663 3372 3753; x_wconf 89' lang='lat' dir='ltr'>plurimis</span> <span class='ocrx_word' id='word_1_245' title='bbox 3410 3664 3642 3755; x_wconf 89' lang='lat' dir='ltr'>Regni</span> <span class='ocrx_word' id='word_1_246' title='bbox 3698 3664 3972 3754; x_wconf 89' lang='lat' dir='ltr'>disper-</span> 
     </span>
     <span class='ocr_line' id='line_1_27' title="bbox 877 3783 3974 3875; baseline -0 -21"><span class='ocrx_word' id='word_1_247' title='bbox 877 3784 1089 3855; x_wconf 90' lang='lat' dir='ltr'>didit:</span> <span class='ocrx_word' id='word_1_248' title='bbox 1166 3787 1450 3875; x_wconf 86' lang='lat' dir='ltr'>propter</span> <span class='ocrx_word' id='word_1_249' title='bbox 1514 3783 1697 3874; x_wconf 92' lang='lat' dir='ltr'>quod</span> <span class='ocrx_word' id='word_1_250' title='bbox 1768 3787 2035 3854; x_wconf 87' lang='lat' dir='ltr'>aestate</span> <span class='ocrx_word' id='word_1_251' title='bbox 2110 3783 2600 3874; x_wconf 86' lang='lat' dir='ltr'>subsequenti,</span> <span class='ocrx_word' id='word_1_252' title='bbox 2677 3784 3045 3854; x_wconf 85' lang='lat' dir='ltr'>frumentis</span> <span class='ocrx_word' id='word_1_253' title='bbox 3119 3786 3299 3855; x_wconf 88' lang='lat' dir='ltr'>malo</span> <span class='ocrx_word' id='word_1_254' title='bbox 3371 3783 3974 3874; x_wconf 85' lang='lat' dir='ltr'>provenientibus,</span> 
     </span>
     <span class='ocr_line' id='line_1_28' title="bbox 878 3903 3977 3994; baseline -0 -19"><span class='ocrx_word' id='word_1_255' title='bbox 878 3903 1165 3976; x_wconf 88' lang='lat' dir='ltr'>caristia</span> <span class='ocrx_word' id='word_1_256' title='bbox 1220 3903 1595 3975; x_wconf 86' lang='lat' dir='ltr'>subsecuta</span> <span class='ocrx_word' id='word_1_257' title='bbox 1650 3906 1780 3974; x_wconf 91' lang='lat' dir='ltr'>est.</span> <span class='ocrx_word' id='word_1_258' title='bbox 1840 3905 1945 3973; x_wconf 88' lang='lat' dir='ltr'>Ex</span> <span class='ocrx_word' id='word_1_259' title='bbox 2004 3904 2440 3975; x_wconf 88' lang='lat' dir='ltr'>Sandomiria</span> <span class='ocrx_word' id='word_1_260' title='bbox 2506 3903 2892 3991; x_wconf 87' lang='lat' dir='ltr'>discedens,</span> <span class='ocrx_word' id='word_1_261' title='bbox 2951 3904 3568 3994; x_wconf 83' lang='lat' dir='ltr'>Koprzywniczam</span> <span class='ocrx_word' id='word_1_262' title='bbox 3603 3905 3662 3989; x_wconf 77' lang='grc'>7)</span> <span class='ocrx_word' id='word_1_263' title='bbox 3732 3903 3806 3974; x_wconf 89' lang='grc'>111</span> <span class='ocrx_word' id='word_1_264' title='bbox 3862 3904 3977 3974; x_wconf 85' lang='grc'><strong>(116</strong></span> 
     </span>
     <span class='ocr_line' id='line_1_29' title="bbox 881 4021 3976 4114; baseline 0 -20"><span class='ocrx_word' id='word_1_265' title='bbox 881 4023 1123 4094; x_wconf 88' lang='lat' dir='ltr'>Sancti</span> <span class='ocrx_word' id='word_1_266' title='bbox 1180 4023 1545 4094; x_wconf 88' lang='lat' dir='ltr'>Benedicti</span> <span class='ocrx_word' id='word_1_267' title='bbox 1610 4021 2020 4110; x_wconf 79' lang='lat' dir='ltr'>advenienS,</span> <span class='ocrx_word' id='word_1_268' title='bbox 2082 4023 2328 4094; x_wconf 81' lang='lat' dir='ltr'>Annae</span> <span class='ocrx_word' id='word_1_269' title='bbox 2391 4023 2704 4114; x_wconf 86' lang='lat' dir='ltr'>Reginae</span> <span class='ocrx_word' id='word_1_270' title='bbox 2767 4023 3321 4095; x_wconf 84' lang='lat' dir='ltr'>anniversarium</span> <span class='ocrx_word' id='word_1_271' title='bbox 3391 4024 3555 4098; x_wconf 87' lang='lat' dir='ltr'>illic.</span> <span class='ocrx_word' id='word_1_272' title='bbox 3599 4023 3769 4114; x_wconf 89' lang='lat' dir='ltr'>egit.</span> <span class='ocrx_word' id='word_1_273' title='bbox 3831 4023 3976 4095; x_wconf 85' lang='lat' dir='ltr'>Ab·</span> 
     </span>
     <span class='ocr_line' id='line_1_30' title="bbox 882 4140 3976 4234; baseline 0 -22"><span class='ocrx_word' id='word_1_274' title='bbox 882 4140 1045 4213; x_wconf 91' lang='lat' dir='ltr'>inde</span> <span class='ocrx_word' id='word_1_275' title='bbox 1100 4163 1223 4232; x_wconf 91' lang='lat' dir='ltr'>per</span> <span class='ocrx_word' id='word_1_276' title='bbox 1276 4142 1545 4213; x_wconf 85' lang='lat' dir='ltr'>Novam</span> <span class='ocrx_word' id='word_1_277' title='bbox 1616 4141 2011 4228; x_wconf 84' lang='lat' dir='ltr'>civitatem,</span> <span class='ocrx_word' id='word_1_278' title='bbox 2082 4142 2402 4229; x_wconf 82' lang='lat' dir='ltr'>Tuchow,</span> <span class='ocrx_word' id='word_1_279' title='bbox 2472 4143 2728 4233; x_wconf 72' lang='lat' dir='ltr'>ByecZ,</span> <span class='ocrx_word' id='word_1_280' title='bbox 2795 4143 3069 4234; x_wconf 82' lang='lat' dir='ltr'>Iassyel</span> <span class='ocrx_word' id='word_1_281' title='bbox 3099 4143 3186 4232; x_wconf 69' lang='lat'>⁸),</span> <span class='ocrx_word' id='word_1_282' title='bbox 3245 4143 3598 4230; x_wconf 84' lang='lat' dir='ltr'>Fristath,</span> <span class='ocrx_word' id='word_1_283' title='bbox 3659 4143 3976 4228; x_wconf 87' lang='lat' dir='ltr'>Thiczin,</span> 
     </span>
     <span class='ocr_line' id='line_1_31' title="bbox 882 4259 3980 4354; baseline 0 -23"><span class='ocrx_word' id='word_1_284' title='bbox 882 4261 1277 4350; x_wconf 88' lang='lat' dir='ltr'>Lanczuth,</span> <span class='ocrx_word' id='word_1_285' title='bbox 1336 4261 1653 4333; x_wconf 82' lang='lat' dir='ltr'>Elisa-bet</span> <span class='ocrx_word' id='word_1_286' title='bbox 1692 4259 2115 4332; x_wconf 79' lang='lat' dir='ltr'>Granowska</span> <span class='ocrx_word' id='word_1_287' title='bbox 2170 4261 2441 4333; x_wconf 90' lang='lat' dir='ltr'>duobus</span> <span class='ocrx_word' id='word_1_288' title='bbox 2481 4262 2727 4334; x_wconf 92' lang='lat' dir='ltr'>diebus</span> <span class='ocrx_word' id='word_1_289' title='bbox 2784 4262 2988 4333; x_wconf 92' lang='lat' dir='ltr'>illum</span> <span class='ocrx_word' id='word_1_290' title='bbox 3037 4267 3445 4354; x_wconf 89' lang='lat' dir='ltr'>sumptuose</span> <span class='ocrx_word' id='word_1_291' title='bbox 3499 4263 3573 4334; x_wconf 92' lang='lat' dir='ltr'>in</span> <span class='ocrx_word' id='word_1_292' title='bbox 3611 4263 3980 4333; x_wconf 88' lang='lat' dir='ltr'>Lanczuth</span> 
     </span>
     <span class='ocr_line' id='line_1_32' title="bbox 881 4379 3979 4472; baseline 0 -21"><span class='ocrx_word' id='word_1_293' title='bbox 881 4385 1263 4467; x_wconf 89' lang='lat' dir='ltr'>tractante,</span> <span class='ocrx_word' id='word_1_294' title='bbox 1322 4379 1489 4451; x_wconf 89' lang='lat' dir='ltr'>item</span> <span class='ocrx_word' id='word_1_295' title='bbox 1543 4401 1667 4471; x_wconf 88' lang='lat' dir='ltr'>per</span> <span class='ocrx_word' id='word_1_296' title='bbox 1721 4381 2077 4466; x_wconf 86' lang='lat' dir='ltr'>Iaroslaw,</span> <span class='ocrx_word' id='word_1_297' title='bbox 2134 4381 2507 4468; x_wconf 84' lang='lat' dir='ltr'>Przemisl,</span> <span class='ocrx_word' id='word_1_298' title='bbox 2566 4380 2876 4469; x_wconf 86' lang='lat' dir='ltr'>Medika,</span> <span class='ocrx_word' id='word_1_299' title='bbox 2935 4381 3211 4454; x_wconf 84' lang='lat' dir='ltr'>Grodek</span> <span class='ocrx_word' id='word_1_300' title='bbox 3275 4382 3348 4454; x_wconf 92' lang='lat' dir='ltr'>in</span> <span class='ocrx_word' id='word_1_301' title='bbox 3403 4381 3765 4472; x_wconf 92' lang='lat' dir='ltr'>Leopolim</span> <span class='ocrx_word' id='word_1_302' title='bbox 3819 4402 3979 4472; x_wconf 88' lang='lat' dir='ltr'>per-</span> 
     </span>
     <span class='ocr_line' id='line_1_33' title="bbox 884 4498 3980 4590; baseline 0 -20"><span class='ocrx_word' id='word_1_303' title='bbox 884 4500 1076 4572; x_wconf 85' lang='lat' dir='ltr'>venit</span> <span class='ocrx_word' id='word_1_304' title='bbox 1132 4505 1201 4572; x_wconf 90' lang='lat' dir='ltr'>et</span> <span class='ocrx_word' id='word_1_305' title='bbox 1256 4498 1407 4570; x_wconf 90' lang='lat' dir='ltr'>illie</span> <span class='ocrx_word' id='word_1_306' title='bbox 1460 4500 1731 4570; x_wconf 88' lang='lat' dir='ltr'>Pascha</span> <span class='ocrx_word' id='word_1_307' title='bbox 1786 4499 2066 4571; x_wconf 91' lang='lat' dir='ltr'>Domini</span> <span class='ocrx_word' id='word_1_308' title='bbox 2132 4500 2539 4572; x_wconf 78' lang='lat' dir='ltr'>celebravit.</span> <span class='ocrx_word' id='word_1_309' title='bbox 2613 4500 2832 4572; x_wconf 86' lang='lat' dir='ltr'>Misso</span> <span class='ocrx_word' id='word_1_310' title='bbox 2897 4506 3129 4572; x_wconf 90' lang='lat' dir='ltr'>autem</span> <span class='ocrx_word' id='word_1_311' title='bbox 3195 4502 3508 4573; x_wconf 89' lang='lat' dir='ltr'>Iohanne</span> <span class='ocrx_word' id='word_1_312' title='bbox 3563 4501 3885 4572; x_wconf 86' lang='lat' dir='ltr'>Manszik</span> <span class='ocrx_word' id='word_1_313' title='bbox 3917 4503 3980 4590; x_wconf 78' lang='grc'>9)</span> 
     </span>
     <span class='ocr_line' id='line_1_34' title="bbox 883 4617 3980 4712; baseline 0.001 -24"><span class='ocrx_word' id='word_1_314' title='bbox 883 4619 966 4690; x_wconf 86' lang='grc'>(16</span> <span class='ocrx_word' id='word_1_315' title='bbox 1023 4617 1431 4690; x_wconf 86' lang='lat' dir='ltr'>Dambrowa</span> <span class='ocrx_word' id='word_1_316' title='bbox 1484 4618 1571 4688; x_wconf 92' lang='lat' dir='ltr'>ad</span> <span class='ocrx_word' id='word_1_317' title='bbox 1626 4618 2106 4689; x_wconf 85' lang='lat' dir='ltr'>Alexandrum</span> <span class='ocrx_word' id='word_1_318' title='bbox 2163 4619 2424 4690; x_wconf 89' lang='lat' dir='ltr'>Ducem</span> <span class='ocrx_word' id='word_1_319' title='bbox 2464 4621 2793 4712; x_wconf 86' lang='lat' dir='ltr'>Magnum</span> <span class='ocrx_word' id='word_1_320' title='bbox 2832 4621 3287 4708; x_wconf 85' lang='lat' dir='ltr'>Lithuaniae,</span> <span class='ocrx_word' id='word_1_321' title='bbox 3347 4621 3774 4712; x_wconf 82' lang='lat' dir='ltr'>significavit</span> <span class='ocrx_word' id='word_1_322' title='bbox 3813 4620 3980 4705; x_wconf 90' lang='lat' dir='ltr'>sibi,</span> 
     </span>
     <span class='ocr_line' id='line_1_35' title="bbox 884 4737 3980 4832; baseline 0 -22"><span class='ocrx_word' id='word_1_323' title='bbox 884 4760 957 4811; x_wconf 92' lang='lat' dir='ltr'>se</span> <span class='ocrx_word' id='word_1_324' title='bbox 1012 4737 1531 4810; x_wconf 90' lang='lat' dir='ltr'>matrimonium</span> <span class='ocrx_word' id='word_1_325' title='bbox 1588 4757 1743 4808; x_wconf 90' lang='lat' dir='ltr'>cum</span> <span class='ocrx_word' id='word_1_326' title='bbox 1800 4738 2167 4810; x_wconf 87' lang='lat' dir='ltr'>Elisabeth</span> <span class='ocrx_word' id='word_1_327' title='bbox 2233 4739 2655 4811; x_wconf 81' lang='lat' dir='ltr'>Granowska</span> <span class='ocrx_word' id='word_1_328' title='bbox 2717 4740 3177 4812; x_wconf 89' lang='lat' dir='ltr'>contraxisse.</span> <span class='ocrx_word' id='word_1_329' title='bbox 3255 4741 3473 4832; x_wconf 73' lang='lat' dir='ltr'>Quam</span> <span class='ocrx_word' id='word_1_330' title='bbox 3527 4761 3670 4811; x_wconf 89' lang='lat' dir='ltr'>rem</span> <span class='ocrx_word' id='word_1_331' title='bbox 3729 4743 3799 4811; x_wconf 91' lang='lat' dir='ltr'>et</span> <span class='ocrx_word' id='word_1_332' title='bbox 3855 4763 3980 4810; x_wconf 91' lang='lat' dir='ltr'>no-</span> 
     </span>
     <span class='ocr_line' id='line_1_36' title="bbox 885 4856 3980 4950; baseline 0 -21"><span class='ocrx_word' id='word_1_333' title='bbox 885 4859 1177 4930; x_wconf 84' lang='lat' dir='ltr'>vitatem</span> <span class='ocrx_word' id='word_1_334' title='bbox 1232 4856 1677 4930; x_wconf 85' lang='lat' dir='ltr'>Withawdus</span> <span class='ocrx_word' id='word_1_335' title='bbox 1741 4857 1877 4929; x_wconf 91' lang='lat' dir='ltr'>etsi</span> <span class='ocrx_word' id='word_1_336' title='bbox 1940 4859 2236 4929; x_wconf 87' lang='lat' dir='ltr'>molesto</span> <span class='ocrx_word' id='word_1_337' title='bbox 2311 4881 2683 4949; x_wconf 87' lang='lat' dir='ltr'>amaroque</span> <span class='ocrx_word' id='word_1_338' title='bbox 2748 4860 2976 4930; x_wconf 88' lang='lat' dir='ltr'>animo</span> <span class='ocrx_word' id='word_1_339' title='bbox 3050 4860 3474 4950; x_wconf 86' lang='lat' dir='ltr'>excepisset,</span> <span class='ocrx_word' id='word_1_340' title='bbox 3563 4863 3634 4930; x_wconf 91' lang='lat' dir='ltr'>et</span> <span class='ocrx_word' id='word_1_341' title='bbox 3707 4859 3980 4932; x_wconf 86' lang='lat' dir='ltr'>foedam</span> 
     </span>
     <span class='ocr_line' id='line_1_37' title="bbox 882 4977 3982 5070; baseline 0.001 -22"><span class='ocrx_word' id='word_1_342' title='bbox 882 4999 1021 5049; x_wconf 89' lang='lat' dir='ltr'>non</span> <span class='ocrx_word' id='word_1_343' title='bbox 1074 4977 1257 5068; x_wconf 88' lang='lat' dir='ltr'>Regi</span> <span class='ocrx_word' id='word_1_344' title='bbox 1314 4978 1573 5065; x_wconf 89' lang='lat' dir='ltr'>solum,</span> <span class='ocrx_word' id='word_1_345' title='bbox 1640 4977 1763 5049; x_wconf 90' lang='lat' dir='ltr'>sed</span> <span class='ocrx_word' id='word_1_346' title='bbox 1818 4982 1889 5049; x_wconf 93' lang='lat' dir='ltr'>et</span> <span class='ocrx_word' id='word_1_347' title='bbox 1944 4977 2080 5050; x_wconf 88' lang='lat' dir='ltr'>sibi</span> <span class='ocrx_word' id='word_1_348' title='bbox 2136 4983 2206 5050; x_wconf 91' lang='lat' dir='ltr'>et</span> <span class='ocrx_word' id='word_1_349' title='bbox 2263 4979 2498 5051; x_wconf 92' lang='lat' dir='ltr'>domui</span> <span class='ocrx_word' id='word_1_350' title='bbox 2555 4999 2790 5051; x_wconf 90' lang='lat' dir='ltr'>eorum</span> <span class='ocrx_word' id='word_1_351' title='bbox 2854 4999 2933 5051; x_wconf 90' lang='lat' dir='ltr'>ae</span> <span class='ocrx_word' id='word_1_352' title='bbox 2987 4979 3545 5070; x_wconf 82' lang='lat' dir='ltr'>PrincipatibuS,</span> <span class='ocrx_word' id='word_1_353' title='bbox 3603 4983 3982 5066; x_wconf 86' lang='lat' dir='ltr'>astrueret,</span> 
     </span>
    </p>
   </div>
   <div class='ocr_carea' id='block_1_3' title="bbox 886 5263 3989 5560">
    <p class='ocr_par' dir='ltr' id='par_1_3' title="bbox 886 5263 3989 5560">
     <span class='ocr_line' id='line_1_38' title="bbox 1104 5263 3984 5350; baseline 0.003 -24"><span class='ocrx_word' id='word_1_354' title='bbox 1104 5267 1147 5346; x_wconf 85' lang='lat'>¹)</span> <span class='ocrx_word' id='word_1_355' title='bbox 1191 5269 1451 5329; x_wconf 87' lang='lat' dir='ltr'>Vislonis</span> <span class='ocrx_word' id='word_1_356' title='bbox 1518 5263 1669 5330; x_wconf 81' lang='lat' dir='ltr'>Cod.</span> <span class='ocrx_word' id='word_1_357' title='bbox 1732 5265 1908 5329; x_wconf 81' lang='lat' dir='ltr'>Kost.</span> <span class='ocrx_word' id='word_1_358' title='bbox 1984 5267 2037 5348; x_wconf 73' lang='lat'>²)</span> <span class='ocrx_word' id='word_1_359' title='bbox 2088 5269 2264 5328; x_wconf 86' lang='lat' dir='ltr'>etiam</span> <span class='ocrx_word' id='word_1_360' title='bbox 2335 5264 2486 5330; x_wconf 80' lang='lat' dir='ltr'>Cod.</span> <span class='ocrx_word' id='word_1_361' title='bbox 2541 5267 2733 5330; x_wconf 82' lang='lat' dir='ltr'>Rozr.</span> <span class='ocrx_word' id='word_1_362' title='bbox 2807 5268 2861 5350; x_wconf 84' lang='lat'>³)</span> <span class='ocrx_word' id='word_1_363' title='bbox 2920 5269 3176 5345; x_wconf 88' lang='lat' dir='ltr'>pellibus</span> <span class='ocrx_word' id='word_1_364' title='bbox 3237 5267 3505 5345; x_wconf 88' lang='lat' dir='ltr'>pelliceis</span> <span class='ocrx_word' id='word_1_365' title='bbox 3569 5265 3720 5333; x_wconf 68' lang='lat' dir='ltr'>Cocl.</span> <span class='ocrx_word' id='word_1_366' title='bbox 3785 5269 3984 5336; x_wconf 83' lang='lat' dir='ltr'>Roz-r.</span> 
     </span>
     <span class='ocr_line' id='line_1_39' title="bbox 890 5365 3989 5454; baseline 0.003 -27"><span class='ocrx_word' id='word_1_367' title='bbox 890 5367 941 5448; x_wconf 79' lang='lat'>⁴)</span> <span class='ocrx_word' id='word_1_368' title='bbox 988 5371 1401 5430; x_wconf 79' lang='lat' dir='ltr'>venationibus</span> <span class='ocrx_word' id='word_1_369' title='bbox 1464 5366 1616 5433; x_wconf 78' lang='lat' dir='ltr'>Cod.</span> <span class='ocrx_word' id='word_1_370' title='bbox 1662 5369 1856 5432; x_wconf 57' lang='lat' dir='ltr'>Roma</span> <span class='ocrx_word' id='word_1_371' title='bbox 1928 5369 1983 5450; x_wconf 79' lang='lat'>⁵)</span> <span class='ocrx_word' id='word_1_372' title='bbox 2028 5371 2406 5431; x_wconf 80' lang='lat' dir='ltr'>affluentibus</span> <span class='ocrx_word' id='word_1_373' title='bbox 2469 5365 2621 5432; x_wconf 81' lang='lat' dir='ltr'>Cod.</span> <span class='ocrx_word' id='word_1_374' title='bbox 2671 5369 2862 5433; x_wconf 81' lang='lat' dir='ltr'>Rozr.</span> <span class='ocrx_word' id='word_1_375' title='bbox 2935 5369 2990 5450; x_wconf 78' lang='lat'>⁶)</span> <span class='ocrx_word' id='word_1_376' title='bbox 3034 5371 3261 5447; x_wconf 87' lang='lat' dir='ltr'>aliquot</span> <span class='ocrx_word' id='word_1_377' title='bbox 3309 5367 3460 5434; x_wconf 73' lang='lat' dir='ltr'>cod.</span> <span class='ocrx_word' id='word_1_378' title='bbox 3501 5370 3694 5435; x_wconf 80' lang='lat' dir='ltr'>Rozr.</span> <span class='ocrx_word' id='word_1_379' title='bbox 3769 5371 3824 5454; x_wconf 77' lang='lat'>⁷)</span> <span class='ocrx_word' id='word_1_380' title='bbox 3867 5375 3989 5436; x_wconf 89' lang='lat' dir='ltr'>Po-</span> 
     </span>
     <span class='ocr_line' id='line_1_40' title="bbox 886 5467 3272 5560; baseline 0.002 -28"><span class='ocrx_word' id='word_1_381' title='bbox 886 5471 1284 5560; x_wconf 76' lang='lat' dir='ltr'>krzywnieam</span> <span class='ocrx_word' id='word_1_382' title='bbox 1331 5467 1483 5535; x_wconf 79' lang='lat' dir='ltr'>Cod.</span> <span class='ocrx_word' id='word_1_383' title='bbox 1542 5469 1731 5536; x_wconf 78' lang='lat' dir='ltr'>Rozr.</span> <span class='ocrx_word' id='word_1_384' title='bbox 1780 5471 1831 5555; x_wconf 75' lang='lat'>³)</span> <span class='ocrx_word' id='word_1_385' title='bbox 1878 5474 2036 5534; x_wconf 78' lang='lat' dir='ltr'>Iaslo</span> <span class='ocrx_word' id='word_1_386' title='bbox 2085 5467 2238 5535; x_wconf 80' lang='lat' dir='ltr'>Cod.</span> <span class='ocrx_word' id='word_1_387' title='bbox 2283 5471 2475 5536; x_wconf 83' lang='lat' dir='ltr'>Rozr.</span> <span class='ocrx_word' id='word_1_388' title='bbox 2525 5471 2580 5556; x_wconf 81' lang='lat'>⁹)</span> <span class='ocrx_word' id='word_1_389' title='bbox 2625 5475 2840 5552; x_wconf 79' lang='lat' dir='ltr'>Mezyk</span> <span class='ocrx_word' id='word_1_390' title='bbox 2887 5469 3040 5536; x_wconf 78' lang='lat' dir='ltr'>cod.</span> <span class='ocrx_word' id='word_1_391' title='bbox 3095 5471 3272 5537; x_wconf 80' lang='lat' dir='ltr'>Kost.</span> 
     </span>
    </p>
   </div>
  </div>
 </body>
</html>
