4342 6384
415 551 556 653 (Α.
593 552 686 643 D.
727 550 980 655 ⁸⁴3⁸.)
1549 574 1776 633 numa
1825 574 2337 637 nuenacnms.
3356 560 3507 637 587

417 760 786 836 electionis
840 779 1060 836 novae
1112 759 1200 833 de
1254 780 1331 833 eo
1390 761 1644 848 factae,
1709 760 1800 833 ad
1853 758 2096 851 ipsum
2147 760 2530 852 pertineat;
2596 764 2925 853 rogantes
2965 762 3045 852 ¹),
3098 765 3180 833 ut
3234 764 3519 839 fratrem

421 902 626 953 suum
681 879 1116 953 Kazimirum
1179 883 1542 971 acceptare
1603 878 1786 952 illud
1839 878 2247 970 prohibeat,
2306 884 2379 953 et
2436 879 2509 954 in
2562 879 2715 954 eius
2778 880 3221 957 assecutione
3274 882 3511 974 ipsum

421 998 757 1092 impedire
811 1019 950 1073 non
1003 997 1428 1075 intermittat
1456 996 1553 1086 2);
1621 997 2050 1086 meminerit,
2107 1019 2246 1071 non
2296 998 2615 1091 petuisse
2666 1020 2959 1091 paucos,
3012 1000 3140 1093 qui
3194 1000 3509 1077 Kazimi-

419 1142 578 1195 rum
631 1140 999 1207 vocavere,
1054 1117 1166 1191 ius
1221 1117 1450 1211 Regni
1502 1117 1578 1193 in
1631 1117 1838 1193 illum
1895 1119 2305 1207 transferre3
2382 1118 2445 1192 si
2496 1124 2746 1213 pergat
2798 1119 3131 1211 impetere
3185 1121 3509 1197 Bohemi-

419 1262 578 1313 cum
631 1241 984 1333 Regnum,
1041 1241 1288 1313 caveat
1340 1258 1427 1310 ne
1489 1238 1572 1311 de
1629 1259 1756 1311 suo
1809 1238 2178 1330 disceptet.
2238 1238 2681 1316 wladislaus
2732 1244 2968 1316 autem
3021 1240 3177 1317 Rex
3200 1296 3217 1328 ,
3274 1240 3518 1316 habita

419 1360 948 1447 deliberatione,
1003 1356 1364 1449 respondit
1399 1356 1670 1433 nuntiis
1708 1358 2088 1449 praedictis
2139 1358 2215 1433 in
2262 1358 2449 1433 hunc
2482 1357 2797 1435 modum:
2850 1360 2995 1436 Res
3049 1360 3329 1453 quidem
3384 1382 3511 1454 pu-

420 1480 607 1555 blica
657 1485 729 1556 et
785 1477 1058 1554 notoria
1109 1481 1251 1565 est,
1311 1480 1382 1551 et
1435 1477 1676 1569 aliqua
1729 1478 2310 1571 tergiversatione
2375 1478 2775 1553 adumbrari
2828 1500 2966 1553 non
3020 1484 3287 1572 potest,
3326 1480 3515 1578 qued

423 1604 645 1673 morte
699 1597 1136 1692 Sigismundi
1191 1601 1455 1685 secuta,
1513 1597 1804 1671 barones
1855 1600 1931 1675 et
1981 1597 2290 1687 nobiles,
2348 1597 2813 1691 civitatesque
2868 1599 3245 1674 Bohemiae
3297 1600 3510 1678 Kazi-

421 1720 674 1793 mirum
729 1720 1012 1792 fratrem
1073 1737 1306 1791 meum
1375 1716 1453 1789 in
1515 1738 1755 1791 eorum
1817 1717 2180 1810 elegerunt
2234 1718 2529 1809 Regem,
2606 1722 2680 1791 et
2741 1722 2823 1791 ut
2874 1719 3279 1797 huiusmodi
3332 1721 3511 1800 acci-

419 1845 616 1932 peret
645 1838 708 1929 ³)
764 1837 1172 1914 electionem
1211 1836 1468 1910 obnixe
1495 1837 1560 1926 4)
1613 1836 2136 1930 supplicarunt3
2192 1858 2489 1929 quorum
2524 1836 2848 1929 precibus
2884 1842 3151 1929 motus,
3191 1841 3515 1935 Regnum

419 1960 854 2052 praedictum
923 1956 1348 2049 acceptavit,
1423 1976 1650 2049 neque
1719 1956 2086 2035 existimat
2157 1978 2235 2031 se
2304 1978 2427 2049 per
2489 1957 2895 2032 huiusmodi
2965 1959 3514 2053 acceptationem

421 2080 714 2153 Alberto
769 2080 1242 2155 Romanorum
1297 2081 1367 2149 et
1421 2075 1828 2169 Hungariae
1882 2076 2061 2169 Regi
2113 2075 2425 2168 aliquam
2480 2076 2813 2155 iniuriam
2870 2080 3124 2169 facere,
3182 2101 3339 2153 cum
3376 2081 3510 2155 sci-

420 2204 570 2273 tum
625 2198 754 2287 sit,
811 2195 1320 2271 successionem
1375 2195 1449 2267 in
1505 2216 1752 2275 sexum
1811 2196 2182 2272 femineum
2236 2219 2374 2270 non
2428 2197 2671 2271 cadere
2724 2198 3161 2291 Regnorum
3218 2200 3341 2273 sed
3372 2200 3513 2275 etsi

417 2320 659 2411 aliqua
709 2321 917 2409 pacta
977 2320 1102 2389 aut
1165 2314 1666 2407 inscriptiones
1732 2320 1980 2389 extant
2049 2316 2235 2389 inter
2298 2318 2617 2408 Regnum
2673 2318 3050 2393 Bohemiae
3108 2322 3181 2391 et
3235 2320 3513 2393 domum

417 2438 784 2525 Austriae,
842 2436 1098 2527 quibus
1154 2434 1550 2527 praetendit
1601 2456 1680 2509 se
1732 2434 2070 2508 Albertus
2125 2435 2214 2507 ad
2251 2437 2570 2528 Regnum
2626 2435 3005 2512 Bohemiae
3057 2437 3169 2510 ius
3224 2439 3503 2529 habere,

418 2560 550 2633 illa
599 2556 953 2631 contraria
1006 2555 1494 2631 observatione
1557 2558 1628 2627 et
1681 2556 2021 2647 longaeva
2074 2555 2281 2645 praxi
2344 2558 2513 2627 sunt
2576 2556 2929 2648 abrogata.
3013 2557 3217 2630 Missi
3271 2558 3511 2650 itaque

417 2682 586 2753 sunt
636 2699 761 2769 per
813 2698 924 2752 me
977 2675 1052 2747 in
1087 2675 1646 2766 prosecutionem
1695 2674 2064 2749 electionis
2118 2673 2523 2748 huiusmodi
2576 2673 2713 2747 duo
2749 2676 3053 2766 palatini
3106 2676 3334 2769 Regni
3372 2678 3511 2751 mei

415 2820 576 2871 cum
632 2796 948 2871 exercitu
1000 2796 1186 2868 haud
1237 2794 1524 2887 grandi,
1591 2794 1712 2886 qui
1763 2793 1942 2871 illuc
2003 2814 2160 2867 cum
2216 2793 2328 2870 his
2383 2794 2731 2869 mandatis
2798 2799 2869 2867 et
2921 2795 3508 2872 instructionibus

418 2940 542 3009 per
595 2940 720 2990 nos
775 2917 876 2990 eis
916 2916 1120 2989 factis
1176 2914 1472 3003 vadunt,
1529 2918 1611 2986 ut
1663 2914 1740 2986 in
1778 2913 2019 3007 Regno
2076 2914 2453 2987 Bohemiae
2507 2913 2809 3005 primum
2864 2936 3131 2989 errores
3184 2920 3506 3009 purgent,

419 3037 667 3110 deinde
721 3036 1004 3128 singula
1055 3035 1144 3107 ad
1195 3054 1434 3126 pacem
1487 3035 1854 3107 reducant:
1931 3034 2259 3125 quoniam
2314 3054 2452 3105 non
2508 3037 2617 3107 est
2667 3034 3013 3126 propositi
3065 3035 3329 3125 nostri,
3382 3058 3509 3109 nec

419 3178 569 3229 eam
623 3157 834 3229 habet
893 3175 1264 3248 germanus
1329 3157 1567 3227 noster
1629 3152 2035 3227 Kazimirus
2099 3151 2585 3241 ambitionem,
2654 3157 2736 3225 ut
2788 3154 2966 3227 velit
3019 3155 3229 3228 aliter
3281 3155 3510 3248 Regni

419 3276 794 3353 Bohemiae
848 3274 1205 3367 suscipere
1255 3273 1598 3367 regimen,
1661 3273 1804 3347 nisi
1855 3272 2162 3365 primum
2210 3272 2303 3347 ad
2354 3272 2658 3365 priorem
2720 3273 3214 3353 rectitudinem
3268 3276 3505 3351 catho-

415 3397 596 3469 licae
649 3394 985 3488 puritatis
1056 3398 1128 3465 et
1189 3393 1276 3465 ad
1338 3392 1532 3485 pacis
1595 3392 1924 3472 unionem
1995 3396 2209 3485 atque
2272 3392 2763 3465 amoenitatem
2835 3392 3051 3466 fuerit
3114 3394 3504 3467 reductum.

417 3514 760 3588 Kazimiri
817 3512 1016 3587 fratri
1071 3534 1246 3602 meo,
1303 3534 1510 3605 quem
1563 3511 1880 3604 primarii
1933 3512 2225 3585 barones
2263 3512 2526 3605 Regem
2582 3518 3040 3600 vocaverunt,
3098 3512 3210 3584 ius
3246 3514 3506 3587 auferri

413 3656 554 3707 non
607 3655 844 3725 posse3
901 3632 1230 3707 Bohemis
1283 3654 1366 3706 ac
1419 3631 1706 3705 Polonis
1761 3652 1972 3705 unam
2026 3652 2180 3707 esse
2234 3630 2549 3725 linguam
2606 3635 2677 3705 et
2710 3652 2921 3705 unam
2974 3632 3259 3724 utrique
3308 3633 3507 3725 genti

413 3753 787 3846 originem,
849 3774 1010 3827 cnm
1065 3752 1516 3826 Theutonicis
1580 3751 1764 3828 nihil
1826 3750 2148 3844 utrisque
2212 3766 2607 3839 commun03
2683 3752 3007 3844 Regnum
3060 3773 3264 3829 suum
3327 3752 3504 3825 satis

411 3874 628 3950 fidum
685 3894 870 3963 esse,
927 3893 1150 3964 neque
1187 3894 1262 3946 se
1317 3876 1676 3947 externam
1732 3872 1875 3948 vim
1913 3870 2182 3945 timere.
2238 3872 2391 3953 Hac
2426 3870 2876 3963 responsione
2912 3876 3229 3963 accepta,
3268 3872 3503 3946 nuntii

412 3992 714 4085 praefati
783 3993 1000 4085 Regis
1065 3992 1342 4066 Alberti
1413 3990 1906 4084 multiplieiter
1977 4012 2100 4083 per
2164 3991 2637 4071 wladislaum
2703 3992 2967 4085 Regem
3036 3992 3361 4071 honorati
3428 3996 3502 4067 et

407 4112 839 4191 remunerati
893 4113 982 4185 ad
1037 4112 1404 4187 Albertum
1459 4114 1932 4188 revertuntur.

868 4472 1168 4548 mertun
1209 4472 1562 4561 inperator
1602 4471 1843 4562 hagae
1885 4472 1956 4543 in
2000 4471 2341 4547 Bohemiae
2385 4471 2621 4561 Regem
2662 4472 3033 4546 coronatur.

621 4708 1044 4786 Huiusmodi
1105 4709 1344 4800 itaque
1419 4710 1868 4801 responsione
1941 4707 2217 4797 habita,
2293 4708 2449 4781 Rex
2512 4708 2851 4782 Albertus
2923 4706 3176 4785 certior
3248 4708 3535 4796 factus,.

399 4829 764 4923 palatinos
817 4827 1150 4906 Poloniae
1202 4848 1360 4901 cum
1415 4829 1731 4904 exercitu
1785 4828 2162 4902 Bohemiae
2198 4828 2443 4919 Regno
2472 4828 2535 4916 ⁵)
2588 4828 3170 4920 appropinquare,
3229 4826 3497 4900 veritus

401 4970 500 5028 ne
561 4948 966 5024 universum
1039 4948 1356 5040 Regnum
1423 4949 1798 5026 Bohemiae
1867 4970 1992 5041 pto
2055 4946 2419 5024 Kazimiro
2492 4953 2905 5039 occupatum
2976 4947 3068 5026 iri
3138 4946 3498 5042 contingat

399 5074 644 5161 (erant
697 5068 883 5141 enim
938 5068 1246 5140 omnium
1301 5070 1769 5142 Bohemorum
1823 5072 2120 5156 mentes,
2178 5067 2391 5139 etiam
2446 5088 2715 5156 eorum,
2774 5068 2897 5159 qui
2953 5068 3320 5141 Albertum
3374 5087 3494 5139 vo-

625 5340 672 5421 ¹)
713 5361 936 5419 rogans
983 5334 1140 5407 ond.
1185 5339 1361 5405 Kost.
1432 5338 1489 5423 Ω)
1533 5343 1836 5421 permittat
1895 5336 2050 5405 ood.
2101 5336 2280 5405 Cale.
2350 5340 2408 5421 ³)
2451 5346 2785 5423 acceptaret
2845 5335 2997 5408 cod.
3042 5336 3218 5408 Kost.
3289 5336 3345 5421 ⁴)
3384 5358 3497 5403 nos

391 5446 664 5509 subnixe
703 5442 830 5507 Ed.
877 5442 1056 5527 Lipe.
1105 5442 1156 5524 ⁵)
1199 5445 1468 5522 Regnum
1511 5444 1830 5506 Bohemiae
1872 5449 1996 5506 tum
2037 5441 2165 5511 Ed.
2213 5440 2393 5527 Life.
