4342 6384
318 551 453 652 (Α.
493 551 583 627 D.
624 550 877 651 1434.)
1485 575 1711 629 mann
1764 576 2220 632 [monemus.
3265 558 3412 631 555

316 874 576 992 bohemi
622 876 924 947 baronem
966 874 1161 947 Balsa
1205 874 1287 947 do
1332 874 1793 965 machoi-berg
1851 878 2081 951 creant
2138 877 2639 966 gnbomtoron
2681 880 2922 969 nogat:
2982 881 3168 953 cuius
3211 883 3413 956 ductu

526 995 865 1067 Taboritas
910 994 1195 1067 uadunt
1241 998 1312 1066 ot
1356 994 1621 1085 rugant,
1666 999 1965 1068 caeteros
2008 1014 2164 1069 voro
2207 997 2458 1071 horreis
2500 1000 2790 1072 inclusos
2833 1000 3214 1074 incendunt.

528 1244 992 1317 Bohemorum
1052 1242 1181 1315 sub
1236 1241 1421 1315 idem
1454 1340 1459 1345 ⁶
1493 1247 1769 1334 tempus
1831 1243 2202 1333 nobilitas,
2277 1245 2646 1319 attendens
2720 1246 3084 1321 Taboritas
3161 1253 3233 1321 et
3288 1250 3412 1323 Or-

319 1368 589 1458 phanos
643 1385 767 1457 pro
824 1384 952 1435 sua
1004 1362 1299 1436 libidine
1354 1362 1685 1437 universa
1738 1384 1973 1455 agere,
2031 1384 2448 1457 magnopere
2485 1364 2744 1439 infesta
2779 1366 2930 1439 illis
2969 1389 3124 1441 csse
3163 1370 3415 1462 coepit,

321 1493 393 1560 et
446 1506 675 1559 errore
729 1505 888 1569 suo,
946 1482 1115 1556 licet
1169 1504 1353 1571 sere,
1412 1482 1800 1576 recognito,
1858 1483 2149 1557 miseros
2207 1505 2283 1558 se
2336 1491 2618 1576 putare,
2677 1486 2800 1578 qui
2854 1487 3070 1581 Regis
3125 1488 3416 1580 imperio

321 1606 673 1693 abdicate,
729 1602 1145 1694 Procopium
1204 1604 1431 1676 ferant
1484 1603 1882 1697 exigentem
1922 1604 2327 1697 vectigalia,
2376 1606 2724 1679 delectum
2759 1606 3166 1697 habentem,
3224 1607 3416 1681 vitae

324 1732 395 1801 et
446 1725 638 1799 necis
694 1727 1109 1816 potestatem
1166 1723 1572 1811 habentem,
1630 1724 1899 1797 nobiles
1956 1730 2166 1816 atque
2224 1725 2570 1819 ignobiles
2607 1747 2732 1817 pro
2768 1726 3097 1801 tristibus
3155 1729 3414 1802 manci-

322 1846 461 1940 piis
515 1844 885 1918 habentem
926 1843 1002 1932 ¹).
1060 1841 1209 1915 Nec
1260 1845 1487 1916 ullum
1544 1849 1785 1917 extare
1838 1864 2059 1936 genus
2124 1844 2501 1918 Bohemico
2573 1844 2965 1934 infeliciuS,
3033 1848 3218 1939 quod
3275 1852 3418 1921 tam

324 1968 601 2042 foedum
638 1970 1013 2056 tyrannum
1054 1962 1379 2035 sortitum
1420 1965 1597 2036 foret
1627 1963 1713 2052 ²).
1772 1964 2133 2038 Conventu
2170 1964 2410 2058 itaque
2446 1986 2571 2057 pro
2610 1966 3004 2059 abrogando
3044 1972 3187 2039 tam
3227 1969 3420 2061 turpi

200 2156 211 2163 .
324 2088 485 2180 iugo
518 2084 581 2175 ³)
620 2084 914 2171 indicte,
954 2084 1175 2155 Halsz
1212 2082 1297 2156 de
1334 2083 1835 2177 Rischemberg
1864 2085 1927 2173 4)
1965 2084 2297 2175 antiquae
2336 2084 2734 2159 nobilitatis
2769 2086 2970 2175 bam,
3031 2087 3152 2160 sed
3206 2109 3420 2161 censu

324 2206 589 2291 tenum,
646 2204 722 2277 in
774 2202 1351 2295 gubernationem
1407 2204 1627 2276 totius
1682 2204 1911 2297 Regni
1964 2210 2373 2296 assumptus
2425 2209 2496 2279 et
2539 2205 2938 2279 declaratus
2996 2211 3134 2295 est,
3193 2208 3418 2280 consi-

322 2325 717 2417 siliariique
772 2324 885 2396 illi
938 2322 1284 2411 adiuncti,
1352 2327 1644 2415 quorum
1711 2323 2005 2396 consilio
2061 2324 2250 2397 domi
2305 2330 2374 2397 et
2427 2330 2630 2398 extra
2681 2347 2829 2398 rem
2883 2326 3236 2417 publicam
3291 2328 3410 2399 ad-

322 2446 779 2520 ministraret.
839 2444 985 2534 Quo
1043 2441 1423 2534 Procopius
1480 2442 1792 2535 cognito,
1861 2444 2095 2535 copias
2168 2464 2255 2517 ex
2329 2443 2680 2518 Taboritis
2745 2450 2814 2518 et
2870 2445 3216 2537 Orphanis
3291 2447 3418 2519 du-

322 2590 521 2653 cenS,
595 2565 954 2638 Pilsznam
1026 2562 1342 2636 obsidere
1405 2562 1657 2654 coepit.
1735 2564 1955 2654 Quam
2022 2584 2180 2636 cum
2243 2563 2598 2636 continuis
2669 2564 2990 2638 undecim
3065 2566 3422 2639 mensibus

324 2689 777 2772 macerasset,
834 2687 905 2755 et
959 2682 1176 2754 fames
1230 2684 1469 2772 plures
1525 2682 1954 2771 absumeret,
2012 2683 2261 2756 Patres
2317 2683 2649 2773 Concilii,
2708 2685 2844 2757 etsi
2897 2685 3171 2758 nullum
3209 2686 3417 2760 habc-

322 2812 482 2882 rent
526 2804 901 2893 aerarium,
960 2807 1113 2874 octo
1150 2802 1469 2876 millibus
1500 2802 1561 2891 5)
1618 2802 1771 2875 auri
1810 2824 1896 2875 ex
1935 2801 2210 2895 privato
2249 2803 2633 2895 congestiS,
2691 2803 2940 2877 dedere
2979 2805 3418 2899 suffragium,

324 2928 689 3000 mittentes
743 2923 925 2996 illud
978 2923 1401 3014 Meynhardo
1458 2923 1543 2995 de
1598 2924 1801 2995 Nova
1854 2924 2086 3011 domo,
2144 2924 2268 3015 qui
2322 2925 2618 2997 collecto
2681 2924 3030 3015 exercitu,
3090 2925 3420 2999 subveni-

322 3052 432 3122 ret
486 3044 815 3120 obsessis.
874 3042 1009 3116 Sed
1063 3064 1221 3115 cum
1277 3043 1557 3116 interim
1613 3065 1797 3116 nova
1831 3043 2087 3117 civitas
2142 3044 2553 3136 Pragensis,
2611 3065 2790 3135 quae
2844 3066 2886 3117 a
2941 3044 3424 3119 Taboritarum

323 3166 673 3261 praesidio
726 3164 1125 3250 tenebatur,
1184 3168 1423 3236 contra
1477 3167 1781 3236 veterem
1812 3164 1897 3252 6),
1968 3185 2053 3237 ex
2108 3162 2546 3237 dissensione
2601 3164 2896 3237 duorum
2963 3166 3421 3253 sacerdotnm,

326 3287 512 3379 Lupi
568 3291 639 3359 et
690 3283 1160 3370 Rokiczanae,
1220 3304 1293 3356 se
1346 3281 1647 3356 invicem
1703 3283 1923 3356 foedis
1977 3283 2253 3374 probris
2308 3284 2777 3375 carpentium,
2835 3285 3418 3373 consurrexisset,

326 3412 399 3482 et
438 3412 664 3479 turres
702 3404 975 3495 ligneas
1021 3401 1330 3494 plurium
1387 3402 1862 3475 tabulatorum
1918 3402 2292 3477 erexisset:
2359 3404 2579 3476 Halsz
2634 3404 2747 3476 his
2803 3404 3209 3493 intellictiS,
3267 3426 3423 3477 cum

326 3550 539 3601 manu
601 3524 949 3613 militum,
1017 3543 1225 3613 quam
1291 3523 1759 3615 Meynhardus
1824 3530 2380 3615 comparaverat,
2447 3527 2750 3597 veterem
2784 3525 2844 3613 ⁷)
2901 3523 3261 3597 civitatem
3317 3524 3422 3595 in-

323 3668 643 3741 gressus,
710 3666 860 3719 eam
916 3644 988 3716 in
1042 3663 1240 3715 suam
1304 3647 1726 3735 potestatem
1779 3642 2089 3736 redegit,
2156 3646 2527 3736 turresque
2582 3642 2884 3716 disiecit.
2945 3644 3177 3716 Solvit
3229 3642 3424 3717 illico

328 3765 710 3858 Procopius
765 3762 1225 3852 obsidionem,
1284 3768 1355 3835 et
1390 3783 1637 3837 versus
1675 3767 1977 3836 veterem
2007 3762 2070 3852 Β)
2126 3763 2456 3855 Pragam,
2514 3762 2854 3855 neglectis
2903 3762 3424 3836 conditionibus

326 3887 555 3979 pacis,
610 3906 790 3977 quae
845 3882 956 3956 illi
1010 3903 1133 3973 per
1188 3904 1585 3957 communes
1640 3884 1900 3956 amicos
1956 3883 2456 3972 offerebantur,
2513 3882 2614 3954 ire
2669 3882 2922 3975 pergit.
2991 3883 3212 3955 Halsz
3267 3904 3423 3955 cum

327 4011 601 4081 caetera
652 4003 1055 4091 nobilitate,
1112 4001 1402 4075 civitate
1457 4002 1680 4075 veteri
1708 4004 1771 4092 ⁹)
1828 4001 2109 4092 relicta,
2166 4001 2370 4075 cuius
2425 4007 2676 4075 nutare
2729 4002 2999 4074 animos
3055 4002 3425 4075 manifeste

328 4126 679 4213 viderant,
737 4122 1010 4196 obviam
1064 4122 1253 4194 hosti
1308 4126 1641 4215 pergunt,
1708 4126 1780 4195 et
1833 4123 1907 4195 in
1962 4124 2112 4196 loco
2171 4122 2357 4195 inter
2413 4121 2598 4194 Brod
2654 4121 3108 4195 Bohemicum
3165 4126 3236 4193 et
3277 4122 3417 4193 Bu-

327 4247 463 4319 rim
502 4247 591 4334 ¹⁰)
638 4244 887 4331 situm,
944 4242 1265 4315 curribus
1304 4248 1545 4315 contra
1582 4264 1825 4317 currus
1872 4242 2242 4316 incurrunt
2289 4250 2360 4315 et
2420 4264 2728 4335 pugnam
2783 4241 3188 4314 acerrimam
3244 4263 3425 4313 com-

329 4366 655 4438 mittunt:
716 4370 783 4437 et
838 4362 1146 4436 maxima
1216 4367 1451 4455 strage
1522 4361 1855 4453 utrinque
1926 4361 2145 4450 edita,
2207 4362 2575 4434 Taboritae
2630 4366 2700 4434 et
2755 4359 3064 4452 Orphani
3137 4383 3178 4433 a
3233 4360 3426 4433 nobi-

327 4486 535 4559 litate
589 4486 1021 4557 sternuntur.
1078 4481 1461 4573 Procopius
1504 4482 1588 4571 ¹¹)
1645 4480 1765 4553 ubi
1821 4502 1985 4554 suos
2041 4503 2126 4555 ex
2185 4480 2545 4554 ordinibus
2602 4481 2912 4572 dilapsos
2968 4485 3038 4553 et
3077 4480 3148 4552 in
3189 4480 3423 4573 fugam

330 4610 644 4697 spectare
699 4602 1025 4690 vidisset,
1084 4624 1239 4675 cnm
1295 4602 1573 4674 cohorte
1627 4600 1933 4673 virorum
1985 4601 2268 4674 fortium
2325 4601 2652 4674 hostilem
2710 4600 3049 4690 impetum
3099 4600 3420 4691 aliquan-

331 4732 403 4797 to
444 4724 532 4813 ¹²)
588 4723 979 4809 sustinone,
1038 4742 1213 4813 pene
1250 4721 1440 4793 hosti
1477 4721 1840 4794 victoriam
1880 4721 2171 4813 eripuit3
2231 4722 2349 4794 sed
2400 4720 2856 4793 multitudine
2896 4720 3253 4811 equitatus
3295 4718 3426 4791 cir-

331 4850 777 4931 cumventuS,
818 4844 960 4914 telo
998 4842 1346 4915 iaculatus
1379 4840 1467 4919 ¹³)
1508 4841 1991 4914 transfoditur.
2031 4840 2414 4934 Procopius
2453 4840 2678 4913 minor
2712 4840 2786 4912 in
2826 4840 3061 4913 eodem
3099 4840 3306 4932 globo
3339 4838 3427 4929 ¹⁴)

548 5048 593 5130 ι)
638 5055 952 5111 tenentem.
1016 5044 1167 5109 Cod.
1228 5042 1421 5107 Rozr.
1484 5042 1539 5123 ⁹)
1586 5051 1760 5106 esset.
1828 5040 1981 5107 God.
2050 5042 2238 5105 Rozr.
2300 5042 2348 5122 ³)
2404 5045 2559 5121 turpi
2606 5049 2666 5104 et
2709 5043 2912 5119 iniquo
2973 5043 3218 5119 imperio
3268 5038 3422 5105 Cod.

328 5152 523 5217 Romu
573 5150 625 5232 ⁴)
669 5154 851 5213 Halsz
898 5152 972 5212 dc
1016 5149 1425 5225 Rozembergk
1473 5143 1623 5210 God.
1672 5144 1849 5209 Kost.
1898 5148 2168 5226 (Alexius
2215 5146 2290 5207 de
2333 5144 2744 5223 Riesenberg).
2795 5143 2847 5225 ⁵)
2893 5151 3025 5206 octo
3071 5150 3267 5205 tamen
3303 5146 3428 5204 mil-

328 5259 487 5318 libus
536 5250 687 5317 Cod.
733 5252 926 5316 Rozr.
976 5252 1031 5332 θ)
1076 5254 1378 5328 antiquam
1424 5248 1549 5311 Ed.
1596 5248 1780 5333 Lips.
1832 5248 1886 5327 7)
1931 5250 2233 5325 antiquam
2277 5246 2403 5309 Ed.
2437 5246 2618 5329 Lips.
2669 5247 2719 5327 ⁸)
2754 5249 3054 5324 antiquam
3087 5244 3215 5308 Ed.
3253 5244 3430 5329 [Αἶρε.

333 5358 387 5437 ⁹)
436 5359 681 5434 antiqua
738 5358 979 5419 civitate
1039 5354 1164 5418 Ed.
1226 5352 1406 5437 Lips.
1482 5354 1551 5433 ⁸⁰)
1613 5356 1803 5414 Durin
1863 5351 1988 5415 Ed.
2046 5350 2226 5435 Lips.
2299 5350 2376 5430 11)
2426 5351 2750 5427 Procopius
2794 5355 2990 5411 autem
3039 5346 3190 5411 Cod.
3238 5346 3430 5412 Rozr.

341 5458 421 5542 ¹¹)
468 5462 769 5537 aliquanto
812 5467 1076 5537 tempore
1124 5454 1277 5522 cod.
1322 5455 1514 5521 Rozr.
1572 5456 1651 5536 ι3)
1696 5458 1849 5518 ictus
1898 5452 2051 5519 Cod.
2097 5453 2290 5518 Rozr.
2350 5452 2426 5535 ¹⁴)
2476 5456 2536 5515 in
2587 5454 2792 5515 eodem
2837 5455 2966 5514 loco
3010 5449 3136 5515 Ed.
3184 5450 3365 5536 Lips.
