4342 6384
325 501 460 614 (Α.
499 507 589 588 D.
630 507 882 612 1429.)
1503 527 1728 587 mann
1779 527 2241 587 0111130111113.
3266 507 3417 588 383

323 742 490 795 nera
545 723 671 810 sit,
729 741 935 813 posse
989 725 1134 793 tam
1189 721 1431 813 Regno
1488 742 1696 812 quam
1750 719 2054 793 Ducatui
2108 740 2462 811 praeesse,
2532 713 2655 812 qui
2709 719 2937 794 adhuc
2988 720 3251 795 retines
3307 743 3419 795 ae·

322 847 538 915 tatem
579 842 1029 936 vegetiorem.
1087 841 1532 914 Occasionem
1571 861 1790 912 novae
1827 860 2152 926 coronae,
2191 859 2317 930 per
2352 839 2832 913 contentiones
2872 846 2944 914 et
2981 841 3169 913 bella
3207 862 3417 932 quae-

319 961 606 1050 rendae,
665 962 1015 1035 sublatam
1070 961 1300 1048 videS,
1359 961 1524 1033 dum
1578 959 1881 1032 nobilior
1934 964 2004 1032 et
2057 959 2407 1032 vetustior
2461 959 2595 1032 tibi
2651 965 2933 1051 sponte,
2992 961 3422 1034 authoritate

321 1081 541 1173 Regis
596 1082 1065 1155 Romanorum
1133 1103 1270 1152 non
1334 1079 1838 1166 intercedente,
1906 1079 2267 1167 offeratur,
2336 1099 2769 1170 supervacue
2822 1077 3141 1152 nationes
3195 1080 3419 1171 pluri-

321 1223 503 1290 11133,
559 1207 803 1294 gentes
859 1207 930 1274 01
981 1202 1279 1292 1101111103
1337 1221 1546 1292 opera
1599 1199 1978 1272 Wladislai
2031 1199 2250 1291 Regis
2305 1200 2728 1272 Polonorum
2766 1200 2841 1273 in
2877 1199 3039 1273 fidei
3076 1201 3421 1274 unitatem

321 1326 394 1395 et
447 1321 756 1394 Dominii
812 1327 1239 1408 contractoS,
1315 1319 1491 1409 regii
1562 1318 1978 1392 diadematis
2043 1327 2243 1391 actus
2299 1319 2655 1414 cupidine,
2727 1324 2797 1393 et
2851 1325 2921 1394 10
2974 1321 3241 1412 ipsum,
3300 1319 3423 1412 qui

321 1463 451 1514 nec
505 1462 974 1514 successorem
1029 1441 1228 1513 vides
1285 1444 1353 1512 10
1406 1439 1836 1532 relinquere,
1892 1438 2104 1512 bellis
2163 1439 2453 1512 miscere
2508 1444 2577 1512 et
2632 1441 2985 1514 funestum
3035 1440 3421 1514 interillos

323 1583 553 1634 serere
615 1563 906 1634 Martem
971 1559 1260 1652 satagis,
1335 1560 1540 1652 Elige
1601 1559 1841 1650 potius
1905 1563 1976 1630 et
2039 1559 2355 1651 sequaris
2421 1559 2679 1632 iustam
2744 1561 3289 1648 coronationem,
3350 1564 3422 1632 et

329 1704 372 1753 a
413 1682 676 1774 quietis
741 1680 1058 1754 consiliis
1104 1701 1242 1752 non
1291 1679 1698 1768 abhorreaS‚
1755 1685 1826 1753 et
1878 1679 2058 1752 hanc
2120 1679 2338 1751 animi
2402 1679 2509 1751 tui
2563 1680 2823 1772 regalis
2879 1701 3169 1754 coronae
3227 1678 3419 1771 cupi-

323 1803 590 1891 dinem,
659 1807 1170 1875 assentatorum
1235 1800 1688 1892 persuasione
1750 1800 2004 1894 magis,
2073 1821 2282 1892 quam
2341 1800 2758 1874 salubritate
2811 1800 3094 1872 consilii
3148 1799 3418 1882 1111111-

320 1930 622 2017 gestam,
678 1922 1150 1996 moderatione
1205 1921 1478 1994 meliori
1532 1919 1850 2008 elimina,
1909 1920 2219 1993 sciturus
2273 1921 2537 2012 Regem
2592 1926 2663 1992 01
2720 1921 3039 2013 Regnum
3088 1919 3423 1994 Poloniae

321 2065 461 2115 non
518 2044 745 2115 30111111
801 2041 1014 2114 armis
1071 2041 1585 2114 coronationem
1644 2046 1836 2111 tuam
1874 2062 2124 2112 novam
2163 2041 2686 2128 restricturum,
2746 2041 2867 2112 sed
2906 2041 2961 2129 ¹)
3018 2040 3206 2112 omni
3244 2046 3419 2112 tem-

321 2183 489 2254 pore
543 2163 1098 2249 vindicaturum,
1157 2161 1219 2233 si
1275 2165 1541 2232 tantam
1599 2159 2020 2232 oblationem
2075 2165 2145 2232 et
2199 2159 2761 2232 humiliationem
2820 2159 3035 2251 Regis
3090 2159 3314 2232 nostri
3353 2163 3423 2232 et

321 2291 632 2355 nostram
689 2285 1048 2372 acceptare
1113 2288 1182 2352 01
1236 2302 1277 2353 3
1329 2279 1687 2372 proposito
1745 2280 1986 2352 cedere
2030 2279 2551 2352 detrectaveris,
2610 2279 2981 2371 Testisque
3035 2281 3237 2354 nobis
3288 2279 3423 2352 erit

321 2403 546 2490 DeuS,
607 2402 726 2493 qui
782 2400 1046 2474 nostris
1100 2399 1416 2472 consiliis
1456 2399 1908 2490 contemptis,
1968 2399 2225 2490 quibus
2264 2409 2537 2472 erectus
2575 2419 2663 2471 ex
2700 2420 2949 2492 parvo,
2998 2400 3207 2492 longo
3246 2405 3419 2473 tem-

320 2543 487 2615 pore
544 2521 811 2596 stetisti
866 2521 1388 2614 magnificatuS,
1445 2539 1583 2592 non
1638 2519 1712 2592 in
1767 2519 2150 2592 utilitatem
2192 2517 2705 2608 Dominiorum,
2766 2520 2886 2592 sed
2923 2519 2997 2592 in
3032 2519 3412 2612 perniciem

320 2642 590 2734 pergis,
651 2641 872 2733 spreti
925 2640 1205 2714 consilii
1262 2645 1330 2713 01
1385 2640 1745 2731 flagrantis
1801 2640 2206 2713 ambitionis
2261 2661 2518 2731 poenas
2575 2639 2970 2713 iustissime
3002 2641 3419 2731 quandoque

325 2783 370 2833 a
425 2768 494 2834 te
549 2761 1004 2853 repetiturus.
1061 2761 1448 2832 Movissent
1513 2760 1725 2832 verba
1797 2759 2201 2832 huiusmodi
2272 2759 2623 2851 Principis
2688 2760 3030 2848 animum,
3102 2759 3423 2851 nihilque

323 2882 810 2972 dubitabatur,
869 2881 1054 2973 quod
1085 2879 1146 2969 ²)
1202 2879 1636 2968 Alexander,
1692 2880 2066 2970 prudentia
2121 2887 2191 2952 01
2245 2881 2617 2969 modestia,
2679 2901 2817 2972 qua
2870 2881 3417 2972 1101101131113113,

319 3024 447 3095 pro
502 3002 957 3076 rescindenda
1012 2999 1358 3072 discordia
1414 3007 1484 3072 01
1536 2999 1722 3072 110110
1779 3001 2037 3072 sensim
2092 3000 2473 3092 gliscente,
2531 3000 2788 3073 bonum
2825 3005 2897 3073 et
2932 3001 3213 3075 civilem
3270 2999 3419 3074 ani-

320 3145 513 3195 mum
567 3121 1392 3196 monstraturus-fuisset
1423 3118 1508 3209 ³),
1565 3120 1706 3194 nisi
1761 3121 1965 3193 illum
2021 3143 2062 3194 a
2119 3122 2469 3212 sententia
2523 3121 2740 3194 animi
2779 3121 2923 3210 sui,
2981 3129 3266 3212 propter
3302 3141 3419 3193 cu-

319 3243 634 3335 pidinem
687 3241 866 3333 regii
921 3241 1370 3330 diadematiS,
1429 3263 1606 3333 quae
1661 3240 1801 3314 iam
1855 3241 2085 3313 animo
2117 3243 2180 3330 ⁴)
2236 3239 2617 3329 insederat,
2656 3242 2883 3332 pudor
2919 3241 3279 3332 incoeptae
3317 3240 3421 3315 rei

324 3370 395 3450 et
451 3361 848 3452 aliquorum
903 3362 1325 3434 Polonorum
1379 3361 1694 3452 improba
1748 3360 2094 3449 adulatio,
2153 3381 2275 3452 spe
2322 3361 2819 3434 eliciendorum
2860 3382 3255 3447 munerum,
3298 3359 3423 3451 qui

325 3482 546 3554 etiam
585 3481 960 3572 legationis
1008 3481 1404 3572 praedictae
1443 3481 1800 3570 effectum,
1844 3501 2052 3571 quam
2091 3481 2393 3572 primum
2435 3479 2913 3552 Sandomiriae
2952 3480 3229 3559 dec-reta
3266 3479 3424 3566 fuit,

321 3602 410 3674 ad
467 3601 694 3692 ipsius
752 3600 1074 3672 notitiam
1133 3601 1566 3673 clandestine
1621 3607 1690 3674 01
1744 3600 2080 3672 velociter
2143 3600 2576 3687 detulerant,
2635 3599 3053 3672 obstitisset.
3122 3598 3410 3690 Tempe-

321 3727 508 3794 state
563 3722 748 3793 enim
805 3720 934 3792 illa
986 3719 1259 3810 aliquot
1313 3720 1660 3793 notabiles
1715 3718 2050 3791 Poloniae
2105 3719 2432 3806 barone3‚
2491 3717 2870 3791 Wladislai
2906 3718 3416 3791 Poloniae·Re-

319 3840 434 3933 gis
502 3840 856 3912 curienses
914 3845 983 3912 01
1037 3840 1354 3911 continui
1411 3839 1822 3928 familiare8‚
1889 3861 2064 3931 quos
2120 3839 2273 3930 ipse
2328 3845 2397 3910 01
2450 3838 2921 3930 dignitatibus
2976 3844 3047 3910 et
3102 3837 3419 3931 largitio·

320 3961 532 4032 nibus
589 3959 972 4048 extulerat,
1030 3959 1210 4030 Duci
1263 3959 1689 4031 Lithuaniae
1744 3959 2139 4031 Withawdo
2196 3958 2697 4046 adhaerebant,
2767 3980 2941 4050 quos
2998 3980 3135 4031 non
3192 3957 3416 4031 chari·

321 4086 436 4151 tas
489 4080 790 4171 patriae,
848 4100 986 4150 non
1037 4078 1375 4150 beneficia
1405 4078 1465 4167 5)
1520 4079 1738 4170 Regis
1805 4079 1950 4167 sui,
2017 4099 2154 4150 non
2219 4084 2448 4151 metus
2506 4079 2666 4166 Dei,
2733 4079 2819 4152 ab
2875 4079 3295 4152 assentando
3351 4083 3423 4152 et

320 4201 396 4272 in
453 4199 810 4292 proposito
865 4199 1126 4270 Ducem
1182 4198 1656 4271 Withawdum
1713 4198 2080 4271 animando
2133 4198 2536 4287 revocabat,
2595 4198 2719 4290 qui
2772 4220 3078 4291 quoque,
3150 4221 3284 4290 quo
3339 4200 3418 4270 fi-

321 4321 546 4394 delior
599 4319 867 4392 censeri
931 4325 1170 4410 posset
1233 4339 1470 4390 eorum
1535 4317 1919 4391 assentatio
1950 4319 2038 4408 ⁰),
2097 4326 2477 4410 spontaneo
2535 4339 2610 4392 30
2666 4319 3113 4393 Sacramento
3168 4320 3417 4411 adege-

320 4447 513 4528 rant,
571 4439 708 4532 ipsi
764 4438 942 4511 Duci
998 4443 1238 4512 contra
1301 4440 1566 4531 Regem
1625 4439 2022 4531 proprium,
2089 4439 2163 4511 in
2218 4440 2331 4511 his
2386 4439 2835 4530 praesertim,
2903 4460 3081 4531 quae
3134 4459 3417 4512 corona·

321 4560 539 4632 tionis
611 4558 968 4652 negotium
1040 4563 1557 4648 concernerent,
1634 4564 2036 4632 constanter
2107 4539 2593 4646 adhaesuros}
2639 4563 2709 4630 et
2774 4559 2835 4630 si
2898 4579 3011 4632 res
3080 4559 3416 4650 exigeret,

322 4679 696 4772 penatibus
753 4685 822 4751 et
877 4679 1199 4752 omnibus
1254 4679 1666 4771 pignoribus
1722 4680 1796 4752 in
1850 4679 2145 4751 Polonia
2200 4678 2591 4767 derelictis,
2646 4678 2992 4769 reliquam
3047 4683 3117 4750 et
3170 4699 3415 4770 perpe-

321 4807 518 4872 tuam
573 4798 647 4871 in
701 4798 1084 4871 Lithuania
1137 4805 1416 4870 acturos
1470 4804 1793 4872 aetatem.
1853 4799 2110 4872 Catena
2165 4798 2513 4890 siquidem
2568 4797 2907 4870 avaritiae
2962 4802 3033 4870 et
3068 4789 3418 4891 magnitu-

321 4920 486 4992 dine
540 4918 992 5010 largitionum
1048 4924 1118 4991 et
1169 4919 1668 5010 promissorum
1723 4919 2118 5006 constricti,
2178 4922 2247 4992 et
2301 4939 2341 4990 a
2396 4919 2574 4991 bono
2628 4919 3059 5010 honestoque
3114 4918 3201 4990 ad
3255 4939 3415 5009 pra·

321 5059 490 5110 vum
546 5037 918 5126 abstracti,
977 5042 1048 5110 et
1100 5039 1492 5112 honestatis
1546 5038 1867 5131 propriae
1923 5047 1994 5111 et
2047 5037 2415 5111 charitatis
2468 5039 2770 5130 patria-e,
2830 5037 3259 5131 ignominiae
3315 5038 3418 5111 in·

543 5307 590 5392 ¹)
637 5311 744 5371 sed
789 5313 966 5372 etiam
1016 5307 1166 5374 Cod.
1213 5309 1404 5373 Rozr.
1455 5310 1506 5390 ²)
1555 5311 1714 5388 quod
1760 5308 1930 5374 deest
1971 5311 2046 5374 in
2101 5309 2254 5374 eod.
2312 5309 2489 5374 Calv.
2555 5307 2610 5392 ³)
2658 5328 2745 5372 30·
2770 5312 3029 5372 animum
3074 5319 3423 5376 monstratu-

319 5437 452 5478 rum
502 5409 654 5476 Cod.
705 5408 882 5475 Calv.
931 5412 984 5494 ⁴)
1030 5417 1224 5474 animo
1269 5433 1377 5476 suo
1421 5412 1547 5476 Ed.
1597 5412 1777 5496 Lips.
1821 5413 1876 5496 ⁶)
1905 5416 2252 5477 beneficium
2284 5412 2409 5478 Ed.
2442 5412 2625 5498 Lips.
2662 5411 2715 5494 ⁶)
2748 5415 3013 5476 adulatio
3046 5411 3196 5482 Cod.
3232 5414 3423 5486 Rozr.
