4342 6384
394 581 529 683 (Α.
571 581 661 656 D.
702 580 953 681 1442.)
1531 609 1757 662 mann
1809 612 2324 665 nuonncnme.
3335 596 3478 671 681

1001 904 1269 995 negatio
1316 908 1613 979 maurit
1656 909 1992 981 turcorum
2036 910 2121 981 ad
2164 910 2582 983 wladislaum
2625 912 2881 1001 legem.

604 1153 748 1226 Sub
805 1173 1039 1225 mense
1093 1152 1267 1225 Iulii
1322 1152 1393 1224 in
1448 1154 1847 1245 praesentia
1900 1155 2167 1229 Iuliani
2232 1156 2622 1229 Cardinalis
2677 1164 2748 1229 et
2801 1157 3051 1251 Legati
3091 1160 3144 1243 ¹)
3209 1166 3484 1251 aposto-

394 1274 517 1346 lici
570 1273 767 1347 venit
820 1274 906 1345 ad
963 1272 1433 1345 Wladislaum
1488 1274 1753 1366 Regem
1807 1276 1882 1347 in
1937 1277 2207 1347 Budam
2257 1275 2550 1349 nuntius
2587 1277 2924 1349 notabilis
2962 1278 3276 1351 Caesaris
3313 1281 3485 1352 Tur-

390 1414 658 1480 comm,
734 1392 1109 1465 Mathkone
1175 1393 1259 1466 de
1321 1394 1619 1466 Thalocz
1649 1393 1711 1483 2)
1784 1395 2178 1469 Dalmatiae
2249 1402 2318 1469 et
2383 1396 2697 1469 Croatiae
2773 1398 2964 1469 Bano
2997 1397 3058 1487 3)
3124 1406 3479 1491 operante.

393 1514 914 1587 Practicaverat
968 1512 1151 1585 enim
1206 1512 1493 1585 Matbko
1548 1514 1949 1605 praedictus
2001 1536 2126 1606 per
2179 1515 2629 1589 intermedias
2677 1536 3042 1607 personas,
3101 1524 3182 1590 ut
3218 1502 3484 1593 'Purcus

392 1654 549 1706 cum
605 1634 845 1725 Regno
901 1632 1307 1721 Hungariae
1360 1638 1485 1706 aut
1536 1656 1778 1725 pacem
1840 1639 2281 1726 perpetuam,
2348 1640 2470 1707 aut
2520 1636 2714 1727 pacis
2779 1637 3218 1711 sufferentias
3251 1640 3314 1729 ⁴)
3369 1642 3484 1713 fir·
3563 1634 3574 1645 ⁸

394 1757 644 1841 maret,
684 1754 1031 1843 dabatque
1068 1752 1355 1825 Mathko
1392 1754 1772 1825 Turcorum
1812 1754 2091 1827 Caesari
2128 1776 2267 1826 non
2308 1754 2642 1827 incertam
2681 1778 2906 1847 spem,
2957 1759 3141 1849 quod
3179 1759 3254 1830 in
3289 1780 3484 1850 prae-

390 1874 607 1945 mium
660 1872 855 1964 pacis
910 1873 1289 1945 firmandae
1328 1876 1655 1967 ‘castrum
1709 1873 2161 1946 Albanandor
2195 1872 2255 1963 5)
2313 1894 2526 1964 supra
2579 1875 2847 1947 Sawam
2897 1876 3148 1966 sitnm,
3206 1880 3322 1951 vel
3359 1879 3486 1951 ali·

390 1994 576 2085 quod
631 1992 975 2065 tributum
1031 2013 1071 2063 a
1125 1992 1367 2085 Regno
1422 1993 1831 2085 Hungariae
1904 2000 2090 2066 esset
2154 1993 2557 2066 habiturus:
2628 1996 2713 2066 ad
2779 2016 2989 2087 quam
3043 1995 3326 2087 quidem
3380 1998 3485 2069 in-

390 2114 687 2185 eundam
714 2166 731 2201 ‚
806 2113 922 2185 vel
994 2112 1366 2202 depressus
1440 2118 1757 2201 externo,
1834 2114 1949 2185 vel
2022 2114 2402 2187 domestico
2476 2114 2662 2186 bello
2687 2170 2703 2202 ,
2784 2116 3012 2207 Regni
3084 2118 3490 2210 Hungariae

392 2232 817 2305 miserabilis
873 2234 1135 2318 status,
1194 2232 1309 2305 vel
1364 2233 1548 2323 quod
1600 2232 1808 2303 illum
1866 2232 2172 2325 amplius
2231 2234 2585 2306 metuebat
2639 2234 2966 2325 deprimi,
3025 2236 3256 2307 virum
3313 2237 3484 2309 alio-

392 2352 565 2443 quin
616 2351 1028 2443 prudentem
1084 2355 1153 2424 et
1208 2351 1635 2425 industrium
1690 2353 2140 2425 conduxerat.
2200 2354 2384 2424 Data
2421 2352 2641 2445 igitur
2677 2355 2924 2426 nuntio
2963 2354 3276 2428 Caesaris
3316 2358 3487 2429 Tur-

392 2494 630 2545 corum
694 2470 1085 2558 audientia,
1152 2470 1590 2545 wladislaus
1654 2474 1811 2545 Rex
1875 2473 2139 2545 habens
2204 2472 2278 2544 in
2342 2474 2564 2547 latere
2626 2473 2984 2545 Iulianum
3049 2475 3487 2548 cardinalem

393 2592 769 2684 Legatum,
824 2591 1329 2682 Praelatosque
1383 2598 1453 2663 et
1509 2592 1800 2664 barones
1856 2592 2230 2683 utriusque
2267 2591 2528 2684 Regni,
2586 2592 2660 2663 in
2706 2593 3078 2685 magnifica
3123 2594 3490 2668 maiestate

394 2712 737 2799 consedit,
796 2711 963 2782 adeo
1018 2714 1101 2781 ut
1153 2710 1449 2782 nuntius
1505 2711 1819 2784 Caesaris
1858 2713 2240 2783 Turcorum
2277 2712 2832 2803 obstupesceret,
2892 2718 2962 2785 et
2999 2712 3304 2786 similem
3343 2734 3486 2786 ma-

390 2833 669 2905 iestatis
726 2830 970 2903 faciem
1024 2850 1383 2921 nunquam
1440 2851 1513 2903 se
1568 2836 1910 2903 assereret
1964 2830 2252 2903 vidisse.
2320 2831 2754 2922 Explicando
2811 2832 3234 2923 legationem
3289 2854 3487 2906 suam

392 2952 842 3026 barbarorum
910 2970 1097 3023 more
1159 2970 1363 3037 usne,
1431 2950 1675 3041 paucis
1736 2950 1970 3023 verbis
2032 2950 2444 3022 relationem
2509 2949 2814 3022 absolvit
2866 2952 3192 3023 nuntius:
3251 2953 3488 3024 Domi-

392 3093 557 3143 num
615 3092 819 3143 suum
874 3070 1257 3141 Turcorum
1311 3069 1670 3141 Caesarem
1725 3068 2049 3142 affectum
2106 3091 2260 3142 esse
2306 3070 2391 3141 ad
2429 3090 2702 3160 pacem,
2761 3075 2830 3142 et
2884 3070 3252 3142 dummodo
3291 3072 3488 3143 Wla-

392 3192 663 3263 dislaus
718 3190 876 3262 Rex
932 3194 1055 3261 aut
1109 3189 1429 3260 Castrum
1488 3189 1941 3260 Albanandor
1968 3188 2031 3277 ⁶)
2088 3189 2228 3261 sibi
2281 3190 2621 3280 resignet,
2679 3195 2802 3260 aut
2856 3190 3200 3262 tributum
3249 3192 3486 3284 singu-

392 3312 485 3384 lis
540 3310 743 3382 annis
798 3310 1090 3401 pendat,
1148 3308 1347 3381 offert
1400 3329 1475 3381 se
1530 3312 1653 3379 aut
1703 3328 1941 3398 pacem
1998 3312 2441 3399 perpetuam,
2501 3314 2624 3381 aut
2677 3310 2872 3400 pacis
2921 3310 3364 3383 sufferentias
3401 3314 3488 3383 ad

391 3431 609 3523 Regis
664 3429 948 3502 libitum
1012 3428 1473 3500 firmaturum.
1544 3428 1928 3500 Inhonesta
1990 3429 2373 3519 plurimum
2437 3432 2550 3517 (ut
2614 3431 2794 3517 erat)
2861 3428 3252 3501 Wladislao
3309 3430 3488 3521 Regi

372 3551 761 3623 -videbatur
814 3550 985 3621 haec
1038 3548 1329 3639 legatio,
1388 3546 1897 3619 inhonestiores
1962 3547 2155 3637 pacis
2223 3546 2658 3619 conditiones
2722 3552 3133 3639 perpetuum
3189 3549 3488 3621 dedecus

392 3676 463 3743 et
518 3670 875 3742 infamiam
939 3667 1170 3759 Regni
1234 3665 1639 3757 Hungariae
1701 3666 2097 3738 redolentes
2130 3667 2225 3754 ⁷),
2296 3666 2497 3756 quasi
2565 3667 2882 3757 Regnum
2939 3667 3346 3759 Hungariae
3401 3668 3486 3739 ad

390 3812 543 3863 eam
598 3786 1111 3861 extremitatem
1166 3785 1635 3876 pervenisset,
1696 3792 1777 3857 ut
1837 3807 2080 3877 pacem
2138 3806 2180 3857 a
2212 3786 2530 3857 barbaris
2581 3786 2770 3876 turpi
2808 3785 3491 3860 deditione-mercari

390 3914 774 4001 cogeretur.
831 3908 1115 3979 Inscius
1170 3908 1437 3978 Turcus
1492 3906 1716 3977 futuri
1770 3911 2065 3979 eventus
2122 3910 2192 3977 et
2247 3905 2524 3996 quidem
2582 3904 2920 3995 proximi,
2983 3926 3222 3995 pacem
3277 3907 3488 3977 castri

392 4029 604 4101 unius
658 4027 883 4119 pretio
938 4027 1259 4099 venalem
1312 4026 1718 4112 constituit,
1778 4026 1998 4096 multo
2054 4024 2513 4115 amplioribus
2571 4025 2853 4111 castriS,
2911 4024 3118 4096 terris
3158 4030 3226 4097 et
3261 4025 3484 4097 domi-

388 4149 531 4221 niis
578 4170 763 4233 eam,
814 4151 1187 4236 antequam
1233 4145 1595 4217 biennium
1644 4145 2029 4232 laberetur,
2098 4145 2249 4235 ipse
2315 4150 2650 4216 emturuS.
2709 4144 2860 4215 Iam
2918 4143 3262 4234 siquidem
3317 4148 3488 4216 tunc

386 4270 717 4341 resistere
772 4264 1092 4357 Hungari
1148 4264 1393 4335 Turcis
1448 4269 1846 4354 coeperant,
1914 4270 1985 4335 et
2037 4264 2356 4355 pulchris
2413 4265 2690 4334 fortuna
2745 4264 3024 4334 favebat
3080 4262 3482 4353 principiis:

385 4409 548 4459 nam
604 4392 674 4459 et
729 4407 852 4478 pro
907 4385 1145 4457 eodem
1200 4388 1539 4475 tempore,
1600 4404 1737 4473 quo
1793 4384 1962 4455 haec
2008 4382 2268 4473 legatio
2309 4382 2550 4454 Budae
2587 4382 2955 4474 agebatur,
3014 4381 3364 4453 Iohannes
3401 4382 3485 4453 de

386 4506 675 4577 Huuiad
730 4526 818 4577 ex
873 4504 1118 4575 Turcis
1172 4504 1347 4574 duos
1402 4502 1715 4594 insignes
1772 4502 2200 4593 triumphos,
2258 4502 2332 4572 in
2372 4501 2628 4592 quibus
2666 4501 2800 4571 duo
2838 4504 3280 4591 praestantes
3317 4500 3481 4572 Cae-

388 4626 568 4697 saris
625 4624 1003 4696 Turcorum
1057 4624 1351 4695 barones
1406 4622 1759 4693 interfecti
1816 4626 2013 4708 sunt,
2072 4621 2442 4707 retulerat,
2503 4627 2572 4693 et
2627 4624 2953 4692 eventum
2991 4617 3327 4692 victoriae
3365 4640 3479 4691 ve-

384 4745 525 4816 loci
578 4744 827 4815 nuntio
894 4742 1073 4833 Regi
1140 4741 1689 4833 significaverat:
1760 4746 2184 4831 quapropter
2244 4738 2558 4811 Caesaris
2614 4739 2992 4811 'l'urcorum
3049 4738 3341 4809 nuntius
3397 4739 3484 4809 ad

386 4864 808 4955 legationem
860 4862 1248 4953 improbam
1302 4867 1373 4933 et
1428 4860 1873 4933 temerariam
1924 4864 2201 4950 gratum
2254 4878 2667 4949 responsum
2722 4880 2862 4931 uon
2917 4858 3186 4939 habuit.

606 5153 653 5232 ¹)
698 5155 907 5213 Nuntii
970 5146 1123 5214 Cod.
1184 5148 1359 5211 Kost.
1424 5148 1477 5217 ²)
1523 5128 1784 5209 Talane'z
1848 5142 2001 5209 Cod.
2062 5145 2280 5210 Przez.
2325 5148 2626 5207 Thalencz
2671 5144 2800 5207 Ed.
2855 5144 3038 5228 Lips.
3103 5144 3157 5225 ³)
3201 5147 3484 5208 Praeside

376 5254 510 5321 Ed.
556 5254 739 5337 Lips.
787 5253 839 5335 ⁴)
888 5260 991 5315 aut
1032 5254 1302 5314 induciae
1356 5248 1509 5313 cod.
1554 5248 1731 5312 Kost.
1795 5248 1844 5328 ⁸)
1892 5251 2276 5311 Albauander
2339 5244 2490 5311 Cod.
2549 5246 2727 5312 Kost.
2784 5248 2836 5327 ⁶)
2883 5250 3267 5309 Albanauder
3327 5244 3481 5310 ced.

383 5356 563 5421 Koet.
614 5356 665 5436 ⁷)
712 5358 989 5417 infamiae
1030 5356 1223 5432 Regni
1268 5356 1565 5431 ngariae
1610 5354 1924 5413 reddentes
1970 5350 2095 5414 Ed.
2141 5350 2324 5433 Lips.

436 5626 482 5668 s.
509 5626 701 5677 muno..
726 5626 902 5667 muoz.
926 5624 1088 5668 ιὀιοιι.
1114 5624 1165 5666 1⁸.
1192 5624 1275 5666 ιν.
3068 5603 3138 5657 86
