4342 6384
316 550 444 651 (Α.
479 549 574 625 D.
616 546 870 649 1440.)
1450 574 1677 628 menn
1727 576 2238 629 Duonncnms.
3255 559 3399 632 617

314 763 543 833 stante
597 758 924 848 haerede,
981 759 1370 833 convenire.
1429 758 1752 833 Oratores
1806 781 1972 834 vero
2018 761 2247 852 Regni
2293 761 2700 855 Hungariae
2755 762 3008 837 fortius
3060 764 3406 857 urgebant

320 901 464 953 rem
522 878 1104 953 consummationi
1152 880 1509 969 mandare,
1561 881 2102 973 obtuleruntque
2147 882 2435 973 plenum
2490 887 2561 955 et
2599 882 2955 975 singulare
3007 884 3411 958 mandatum

314 999 621 1093 Reginae
677 1005 750 1073 et
801 999 1060 1093 Regni,
1119 999 1192 1071 111
1249 1021 1414 1072 casu
1469 1000 1870 1072 nativitatis
1925 1001 2059 1073 filii
2110 1023 2319 1093 posse
2386 1001 2667 1095 singula
2730 1004 3163 1077 concludere.
3233 1004 3403 1097 Agi-

309 1126 551 1192 tantur
603 1120 842 1211 itaque
897 1119 1061 1192 novi
1116 1123 1492 1208 tractatae,
1551 1124 1620 1192 et
1674 1120 1926 1194 divisis
1983 1122 2210 1215 Regni
2266 1122 2599 1197 Poloniae
2652 1124 3112 1213 consiliariis,
3187 1125 3407 1198 maior

309 1262 472 1333 pars
549 1239 818 1314 obtinet
857 1241 937 1329 ¹),
1013 1244 1093 1311 ut
1167 1240 1539 1313 nativitate
1611 1241 1743 1313 filii
1799 1247 1869 1314 et
1933 1242 2255 1315 haeredis
2327 1264 2465 1315 non
2540 1245 2893 1334 obstante,
2968 1245 3409 1318 Wladislaus

310 1362 464 1434 Rex
520 1360 848 1433 electioni
900 1360 985 1431 de
1042 1380 1115 1431 se
1170 1361 1254 1431 ad
1312 1362 1633 1453 Regnum
1688 1361 2095 1453 Hungariae
2151 1364 2376 1435 factae
2431 1364 2846 1438 consentiat.
2907 1365 3234 1437 Vincitur
3272 1366 3404 1437 ita-

311 1502 443 1573 que
513 1479 950 1553 Wladislaus
1021 1481 1176 1552 Rex
1252 1485 1393 1553 tam
1467 1502 1751 1553 suorum
1824 1482 2384 1554 consiliariorum
2454 1504 2701 1573 suasu,
2772 1506 2979 1576 quam
3046 1490 3406 1557 oratorum

311 1600 712 1693 Hungariae
764 1599 1119 1692 precibus,
1170 1606 1240 1672 et
1277 1600 1562 1673 domitis
1619 1600 2016 1688 affectibus,
2073 1602 2554 1695 radicitusque
2590 1604 2987 1692 convuleie‚
3046 1604 3399 1696 supplica-

309 1721 485 1793 tioni
539 1726 994 1812 utrorumque
1059 1725 1126 1793 et
1181 1721 1508 1809 consilio,
1577 1721 1744 1794 licet
1810 1721 2122 1813 opinioni
2188 1744 2354 1796 suae
2422 1727 2631 1815 atque
2696 1723 3021 1798 sensibus
3086 1724 3402 1810 adverso,

307 1841 470 1914 fidei
533 1848 602 1915 et
662 1842 1027 1935 religionis
1091 1842 1517 1915 orthodoxae
1581 1842 1924 1915 charitate
1998 1847 2209 1935 atque
2283 1843 2545 1935 pietate
2619 1844 3004 1936 impulsus,
3082 1843 3403 1936 Regnum

307 1962 715 2055 Hungariae
768 1962 1078 2055 accipere
1133 1960 1514 2051 consentit,
1571 1962 1685 2034 his
1732 1962 2253 2036 conditionibus
2293 1964 2715 2037 interiectis:
2772 1962 3043 2052 Prima,
3102 1970 3180 2035 ut
3217 1960 3403 2036 illud

307 2084 394 2155 ab
448 2083 809 2156 invasione
865 2083 1243 2155 Turcorum
1299 2087 1612 2172 tueatur,
1681 2089 1751 2155 et
1805 2084 2162 2173 defendat3
2235 2084 2586 2173 Secunda,
2652 2088 2735 2156 ut
2797 2083 3167 2158 Elisabeth
3222 2082 3400 2169 acci-

305 2202 456 2294 piat
510 2202 583 2273 in
638 2223 930 2275 uxorem
968 2208 1038 2275 et
1073 2203 1258 2275 filias
1315 2204 1488 2275 duas
1544 2203 1695 2277 eius
1751 2205 2124 2296 desponset
2180 2203 2412 2297 dignis
2467 2203 2674 2293 viria,
2740 2204 2902 2277 dote
2956 2202 3404 2277 convenienti

305 2322 696 2415 assignata,
764 2323 990 2395 filium
1053 2344 1216 2396 vero
1283 2324 1436 2397 eius
1499 2326 1950 2416 posthumum
2013 2325 2487 2398 Wladislaum
2554 2346 2678 2417 pro
2734 2324 3104 2416 adeptione
3170 2324 3401 2417 Regni

305 2443 652 2515 duntaxat
692 2442 1095 2532 Bohemiae,
1153 2444 1319 2515 dum
1375 2444 1791 2533 adoleverit,
1863 2445 2183 2517 omnibus
2241 2444 2463 2517 modis
2519 2444 2806 2517 adiuvet
2836 2442 2933 2533 2);
2991 2444 3261 2533 Tertia,
3320 2447 3403 2516 ut

301 2562 438 2635 filii
493 2562 871 2636 Wladislai
926 2563 1176 2655 Regis,
1235 2584 1408 2655 quos
1465 2586 1552 2637 ex
1607 2564 1974 2637 Elisabeth
2030 2564 2450 2657 susceperit,
2510 2564 2737 2657 Regni
2790 2564 3197 2655 Hungariae
3253 2562 3399 2637 sint

300 2683 668 2756 haeredes:
729 2684 986 2774 quibus
1040 2704 1179 2754 11011
1236 2683 1715 2773 exstantibuS,
1783 2684 2179 2757 Wladislao
2243 2688 2548 2772 mortuo,
2606 2683 2798 2755 filius
2852 2682 3132 2755 Alberti
3201 2687 3393 2775 post-

299 2803 560 2875 humus
625 2802 997 2875 Ladislaus
1054 2803 1128 2875 in
1182 2803 1502 2893 Regnum
1567 2804 1972 2895 Hungariae
2039 2803 2386 2877 succedat.
2453 2802 2588 2876 His
2653 2802 3169 2876 conditionibus
3238 2823 3396 2874 0011-

300 2923 607 2995 cordatis
665 2927 734 2996 01
787 2922 1082 2995 firmatis
1138 2924 1209 2994 in
1266 2923 1378 2997 die
1434 2924 1800 2997 Dominica
1839 2924 2313 2998 Reminiscere
2349 2922 2423 2995 111
2462 2924 2757 2997 ecclesia
2803 2922 3191 2996 cathedrali
3229 2906 3388 2995 Grai

297 3042 612 3115 coviensi
666 3044 881 3115 missa
937 3043 1319 3115 solenniter
1372 3044 1750 3133 celebrata,
1818 3066 2051 3118 omnes
2108 3048 2417 3116 oratores
2474 3043 2880 3136 Hungariae
2941 3042 3270 3131 veniunt,
3328 3048 3401 3115 et

298 3163 490 3235 facta
542 3162 854 3235 oratione
909 3163 983 3235 in
1038 3164 1290 3235 Latino
1344 3185 1469 3256 per
1525 3185 1860 3256 organum
1914 3165 2254 3236 Iohannis
2292 3162 2603 3255 episcopi
2643 3162 3049 3255 Segniensis
3085 3162 3285 3255 gravi
3324 3167 3397 3235 et

295 3282 598 3371 diserta,
657 3281 1046 3355 Wladislao
1102 3283 1282 3375 Regi
1339 3282 1747 3356 electionem
1811 3282 2228 3356 uniformem
2292 3281 2635 3375 Reginae,
2703 3282 3218 3369 Praelatorum,
3275 3281 3394 3355 ba-

292 3424 581 3491 ronum,
639 3402 999 3494 totiusque
1067 3403 1588 3477 communitatis
1656 3403 1885 3496 Regni
1949 3402 2389 3496 Hungariae,
2445 3400 2532 3473 de
2586 3422 2664 3474 eo
2721 3402 2975 3474 factam
3029 3401 3395 3473 insinuant

296 3527 374 3595 et
427 3522 829 3615 publicant,
905 3527 976 3596 et
1028 3522 1232 3595 flexis
1289 3544 1444 3596 cum
1517 3544 1768 3616 magna
1840 3522 2287 3596 lacrimarum
2360 3520 2698 3594 effusione
2747 3521 3078 3614 genibuS,
3145 3520 3393 3594 nuntio

291 3643 753 3735 Imperatoris
810 3644 1186 3715 Turcorum
1242 3647 1639 3736 praesente,
1699 3651 1898 3716 orant
1935 3648 2006 3716 et
2043 3642 2481 3736 supplicant,
2539 3646 2887 3734 quatenus
2926 3639 3252 3715 electioni
3288 3644 3392 3712 ta-

289 3763 466 3836 liter
518 3764 602 3837 de
657 3784 732 3836 se
786 3765 1009 3836 factae
1063 3783 1478 3838 consensum
1535 3764 1683 3853 det,
1744 3768 1813 3836 et
1866 3763 2189 3857 Regnum
2245 3762 2650 3856 Hungariae
2686 3764 3023 3854 acceptet.
3080 3758 3389 3832 Wladis-

291 3884 461 3957 laus
506 3888 738 3957 autem
776 3884 934 3958 Rex
984 3884 1177 3958 brevi
1215 3883 1528 3957 oratione
1566 3884 1653 3955 ad
1691 3883 1855 3956 illos
1891 3883 2134 3955 habita
2163 3881 2251 3972 ³),
2309 3884 2384 3956 in
2422 3904 2561 3975 qua
2598 3885 3002 3956 contentum
3040 3902 3114 3955 se
3151 3880 3393 3973 Regno

288 4004 634 4078 Poloniae
688 4004 960 4093 nativo,
1018 4010 1089 4078 et
1142 4026 1500 4097 nunquam
1555 4008 1796 4079 extera
1849 4003 2095 4096 Regna
2158 4003 2571 4091 ambivisse‚
2637 4002 2929 4094 pulchro
2960 4001 3024 4092 ⁴)
3081 4019 3395 4075 sermone

290 4123 628 4212 deduxit3
684 4124 806 4196 sed
858 4146 946 4198 ne
1000 4124 1356 4197 videretur
1390 4124 1672 4197 divinae
1707 4123 2036 4198 resistere
2084 4122 2539 4210 ordinationi,
2596 4123 2917 4215 Regnum
2954 4121 3393 4214 praedictum

288 4244 388 4316 ad
440 4244 768 4316 honorem
824 4243 1321 4335 omnipotentis
1376 4243 1502 4316 Dei
1561 4244 1818 4317 eteius
1875 4242 2256 4317 Genitricis
2310 4241 2625 4334 Virginis
2680 4241 2975 4330 Mariae,
3032 4243 3393 4332 totiusque

287 4363 626 4437 coelestis
671 4362 1157 4451 Hierarchiae,
1198 4384 1437 4454 pacem
1477 4370 1547 4436 et
1584 4364 1938 4437 defensam
1976 4363 2322 4451 fidelium,
2380 4361 2832 4435 barbarorum
2869 4359 3387 4447 exterminium,

283 4505 435 4555 non
493 4483 644 4556 sine
698 4482 1144 4555 lacrimarum
1198 4482 1418 4555 imbre
1472 4487 1809 4575 acceptat.
1869 4484 1992 4555 Fit
2048 4483 2130 4555 de
2184 4482 2589 4555 huiusmodi
2653 4482 3129 4575 acceptatione
3184 4480 3386 4553 laeti-

285 4603 432 4691 tia,
490 4603 602 4674 Te
655 4602 933 4675 Deum
985 4602 1475 4675 laudamus
1531 4624 1656 4695 per
1707 4604 2075 4677 universas
2131 4603 2460 4677 ecclesias
2517 4602 2825 4690 canitur,
2894 4607 2965 4674 et
3020 4605 3225 4673 nocte
3281 4620 3385 4672 se-

284 4722 542 4816 quenti
607 4722 963 4813 campanis
1029 4723 1289 4813 ubique
1351 4724 1874 4813 resonantibu3‚
1950 4724 2146 4816 ignes
2212 4723 2435 4795 validi
2496 4744 2622 4814 per
2681 4721 3083 4795 universam
3146 4719 3389 4793 urbem

281 4844 793 4916 accenduntur.
852 4842 1134 4914 Addens
1197 4842 1634 4915 Wladislaus
1699 4844 1854 4916 Rex
1918 4843 2253 4916 Poloniae
2314 4843 2704 4935 praefatus:
2771 4863 2911 4914 11011
2965 4863 3039 4914 30
3094 4840 3177 4912 de
3231 4861 3389 4932 pro-

279 4963 471 5057 priis
528 4964 912 5037 virtutibus
970 4968 1093 5035 aut
1145 4963 1449 5053 viribuS‚
1510 4965 1630 5037 sed
1670 4964 1909 5037 divino
1948 4964 2429 5036 tantummodo
2471 4962 2803 5054 suffragio
2840 4963 3208 5049 confisum,
3266 4980 3392 5032 nec

511 5237 562 5317 ¹)
609 5241 906 5302 concludit
961 5236 1090 5301 Ed.
1136 5236 1318 5322 Εὗρε.
1384 5236 1434 5318 ⁹)
1498 5238 1794 5299 adiuverit
1850 5234 1978 5300 Ed.
2039 5233 2223 5320 Εὗρε.
2288 5234 2342 5316 ⁸)
2401 5235 2559 5297 facta
2614 5230 2742 5295 Ed.
2797 5230 2979 5317 Εὗρε.
3042 5230 3095 5314 ⁴)
3155 5232 3393 5310 publico

278 5338 451 5408 Cod.
496 5341 674 5406 Koet.
1139 5380 1143 5385 ,

336 5618 388 5662 s.
414 5615 609 5666 nm.
634 5615 758 5659 mot.
785 5614 947 5690 roiop.
973 5613 1026 5657 ’1.
1052 5613 1133 5655 rv.
3012 5590 3079 5647 ‘18
