<?xml version="1.0" encoding="UTF-8"?>
<!DOCTYPE html PUBLIC "-//W3C//DTD XHTML 1.0 Transitional//EN"
    "http://www.w3.org/TR/xhtml1/DTD/xhtml1-transitional.dtd">
<html xmlns="http://www.w3.org/1999/xhtml" xml:lang="en" lang="en">
 <head>
  <title>
</title>
<meta http-equiv="Content-Type" content="text/html;charset=utf-8" />
  <meta name='ocr-system' content='tesseract 3.04.00' />
  <meta name='ocr-capabilities' content='ocr_page ocr_carea ocr_par ocr_line ocrx_word'/>
</head>
<body>
  <div class='ocr_page' id='page_1' title='image "./dzieawszystkie00unkngoog_0329.png"; bbox 0 0 4342 6384; ppageno 0'>
   <div class='ocr_carea' id='block_1_1' title="bbox 787 549 3866 656">
    <p class='ocr_par' dir='ltr' id='par_1_1' title="bbox 787 549 3866 656">
     <span class='ocr_line' id='line_1_1' title="bbox 787 549 3866 656; baseline -0.002 -24"><span class='ocrx_word' id='word_1_1' title='bbox 787 559 937 632; x_wconf 82' lang='lat'><strong>318</strong></span> <span class='ocrx_word' id='word_1_2' title='bbox 1984 579 2210 632; x_wconf 76' lang='lat' dir='ltr'><strong>nmnn</strong></span> <span class='ocrx_word' id='word_1_3' title='bbox 2260 577 2722 632; x_wconf 70' lang='lat' dir='ltr'><strong>unnncnms.</strong></span> <span class='ocrx_word' id='word_1_4' title='bbox 3313 553 3449 656; x_wconf 83' lang='grc' dir='ltr'><strong>(Α.</strong></span> <span class='ocrx_word' id='word_1_5' title='bbox 3490 553 3580 628; x_wconf 87' lang='lat' dir='ltr'><strong>D.</strong></span> <span class='ocrx_word' id='word_1_6' title='bbox 3612 549 3866 649; x_wconf 68' lang='lat'><strong>1424)</strong></span> 
     </span>
    </p>
   </div>
   <div class='ocr_carea' id='block_1_2' title="bbox 1665 981 2962 1098">
    <p class='ocr_par' dir='ltr' id='par_1_2' title="bbox 1665 981 2962 1098">
     <span class='ocr_line' id='line_1_2' title="bbox 1665 981 2962 1098; baseline -0.003 0"><span class='ocrx_word' id='word_1_7' title='bbox 1665 983 2089 1098; x_wconf 83' lang='lat' dir='ltr'><strong>ANNUS</strong></span> <span class='ocrx_word' id='word_1_8' title='bbox 2159 983 2620 1096; x_wconf 82' lang='lat' dir='ltr'><strong>DOMINI</strong></span> <span class='ocrx_word' id='word_1_9' title='bbox 2686 981 2962 1095; x_wconf 81' lang='grc'>1424.</span> 
     </span>
    </p>
   </div>
   <div class='ocr_carea' id='block_1_3' title="bbox 792 1237 3870 1552">
    <p class='ocr_par' dir='ltr' id='par_1_3' title="bbox 792 1237 3870 1552">
     <span class='ocr_line' id='line_1_3' title="bbox 792 1237 3870 1332; baseline -0.001 -16"><span class='ocrx_word' id='word_1_10' title='bbox 792 1242 1011 1316; x_wconf 67' lang='lat' dir='ltr'><strong>trinu</strong></span> <span class='ocrx_word' id='word_1_11' title='bbox 1051 1241 1283 1316; x_wconf 75' lang='lat' dir='ltr'><strong>Daciae</strong></span> <span class='ocrx_word' id='word_1_12' title='bbox 1300 1297 1319 1330; x_wconf 89' lang='lat'><strong>,</strong></span> <span class='ocrx_word' id='word_1_13' title='bbox 1362 1242 1804 1332; x_wconf 69' lang='lat' dir='ltr'><strong>sigimundus</strong></span> <span class='ocrx_word' id='word_1_14' title='bbox 1846 1242 2266 1314; x_wconf 76' lang='lat' dir='ltr'><strong>Romanorum</strong></span> <span class='ocrx_word' id='word_1_15' title='bbox 2311 1243 2388 1313; x_wconf 83' lang='lat' dir='ltr'><strong>et</strong></span> <span class='ocrx_word' id='word_1_16' title='bbox 2422 1241 2784 1330; x_wconf 69' lang='lat' dir='ltr'><strong>Hunguino</strong></span> <span class='ocrx_word' id='word_1_17' title='bbox 2829 1240 3039 1328; x_wconf 72' lang='lat' dir='ltr'><strong>neges</strong></span> <span class='ocrx_word' id='word_1_18' title='bbox 3099 1255 3176 1312; x_wconf 76' lang='lat' dir='ltr'><strong>ae</strong></span> <span class='ocrx_word' id='word_1_19' title='bbox 3217 1239 3471 1311; x_wconf 74' lang='lat' dir='ltr'><strong>litanda</strong></span> <span class='ocrx_word' id='word_1_20' title='bbox 3514 1237 3870 1312; x_wconf 72' lang='lat' dir='ltr'><strong>cardinalis</strong></span> 
     </span>
     <span class='ocr_line' id='line_1_4' title="bbox 921 1357 3761 1452; baseline -0.001 -18"><span class='ocrx_word' id='word_1_21' title='bbox 921 1361 1205 1451; x_wconf 66' lang='lat' dir='ltr'><strong>rogatu</strong></span> <span class='ocrx_word' id='word_1_22' title='bbox 1248 1361 1646 1452; x_wconf 68' lang='lat' dir='ltr'><strong>apostoliens</strong></span> <span class='ocrx_word' id='word_1_23' title='bbox 1662 1416 1679 1448; x_wconf 89' lang='lat'><strong>,</strong></span> <span class='ocrx_word' id='word_1_24' title='bbox 1723 1361 2095 1450; x_wconf 73' lang='lat' dir='ltr'><strong>caeterique</strong></span> <span class='ocrx_word' id='word_1_25' title='bbox 2136 1359 2461 1450; x_wconf 76' lang='lat' dir='ltr'><strong>Principes</strong></span> <span class='ocrx_word' id='word_1_26' title='bbox 2505 1360 2590 1432; x_wconf 76' lang='lat' dir='ltr'><strong>ad</strong></span> <span class='ocrx_word' id='word_1_27' title='bbox 2633 1360 3114 1433; x_wconf 76' lang='lat' dir='ltr'><strong>coronationem</strong></span> <span class='ocrx_word' id='word_1_28' title='bbox 3159 1358 3431 1448; x_wconf 76' lang='lat' dir='ltr'><strong>Sophiae</strong></span> <span class='ocrx_word' id='word_1_29' title='bbox 3477 1357 3761 1448; x_wconf 75' lang='lat' dir='ltr'><strong>Reginae</strong></span> 
     </span>
     <span class='ocr_line' id='line_1_5' title="bbox 1978 1479 2684 1552; baseline 0 0"><span class='ocrx_word' id='word_1_30' title='bbox 1978 1479 2346 1552; x_wconf 61' lang='lat' dir='ltr'><strong>mazoviam</strong></span> <span class='ocrx_word' id='word_1_31' title='bbox 2388 1481 2684 1552; x_wconf 84' lang='lat' dir='ltr'><strong>veniunt.</strong></span> 
     </span>
    </p>
   </div>
   <div class='ocr_carea' id='block_1_4' title="bbox 794 1714 3892 5018">
    <p class='ocr_par' dir='ltr' id='par_1_4' title="bbox 794 1714 3892 5018">
     <span class='ocr_line' id='line_1_6' title="bbox 998 1714 3874 1807; baseline -0 -17"><span class='ocrx_word' id='word_1_32' title='bbox 998 1715 1243 1790; x_wconf 86' lang='lat' dir='ltr'><strong>Natali</strong></span> <span class='ocrx_word' id='word_1_33' title='bbox 1294 1715 1577 1790; x_wconf 87' lang='lat' dir='ltr'><strong>Domini</strong></span> <span class='ocrx_word' id='word_1_34' title='bbox 1630 1717 1886 1806; x_wconf 80' lang='lat' dir='ltr'><strong>nostri,</strong></span> <span class='ocrx_word' id='word_1_35' title='bbox 1952 1719 2022 1789; x_wconf 91' lang='lat' dir='ltr'><strong>et</strong></span> <span class='ocrx_word' id='word_1_36' title='bbox 2076 1737 2363 1789; x_wconf 87' lang='lat' dir='ltr'><strong>numero</strong></span> <span class='ocrx_word' id='word_1_37' title='bbox 2425 1715 2694 1789; x_wconf 88' lang='lat' dir='ltr'><strong>dierum</strong></span> <span class='ocrx_word' id='word_1_38' title='bbox 2757 1715 3364 1807; x_wconf 89' lang='lat' dir='ltr'><strong>subsequentium,</strong></span> <span class='ocrx_word' id='word_1_39' title='bbox 3429 1714 3874 1790; x_wconf 73' lang='lat' dir='ltr'><strong>wladislaus</strong></span> 
     </span>
     <span class='ocr_line' id='line_1_7' title="bbox 794 1834 3872 1928; baseline -0.001 -18"><span class='ocrx_word' id='word_1_40' title='bbox 794 1834 1129 1910; x_wconf 89' lang='lat' dir='ltr'><strong>Poloniae</strong></span> <span class='ocrx_word' id='word_1_41' title='bbox 1182 1835 1337 1908; x_wconf 89' lang='lat' dir='ltr'><strong>Rex</strong></span> <span class='ocrx_word' id='word_1_42' title='bbox 1389 1835 1574 1928; x_wconf 88' lang='lat' dir='ltr'><strong>apud</strong></span> <span class='ocrx_word' id='word_1_43' title='bbox 1610 1834 1887 1909; x_wconf 79' lang='lat' dir='ltr'><strong>Grodno</strong></span> <span class='ocrx_word' id='word_1_44' title='bbox 1924 1839 2111 1925; x_wconf 86' lang='lat' dir='ltr'><strong>acto,</strong></span> <span class='ocrx_word' id='word_1_45' title='bbox 2166 1835 2241 1907; x_wconf 92' lang='lat' dir='ltr'><strong>in</strong></span> <span class='ocrx_word' id='word_1_46' title='bbox 2275 1834 2674 1923; x_wconf 87' lang='lat' dir='ltr'><strong>Poloniam,</strong></span> <span class='ocrx_word' id='word_1_47' title='bbox 2730 1839 3013 1928; x_wconf 89' lang='lat' dir='ltr'><strong>propter</strong></span> <span class='ocrx_word' id='word_1_48' title='bbox 3045 1834 3512 1908; x_wconf 78' lang='lat' dir='ltr'><strong>coronationis</strong></span> <span class='ocrx_word' id='word_1_49' title='bbox 3565 1837 3872 1928; x_wconf 85' lang='lat' dir='ltr'><strong>negotia,</strong></span> 
     </span>
     <span class='ocr_line' id='line_1_8' title="bbox 798 1952 3872 2046; baseline -0 -18"><span class='ocrx_word' id='word_1_50' title='bbox 798 1953 1096 2028; x_wconf 88' lang='lat' dir='ltr'><strong>celerius</strong></span> <span class='ocrx_word' id='word_1_51' title='bbox 1150 1954 1359 2028; x_wconf 89' lang='lat' dir='ltr'><strong>solito</strong></span> <span class='ocrx_word' id='word_1_52' title='bbox 1420 1954 1695 2046; x_wconf 77' lang='lat' dir='ltr'><strong>regredi</strong></span> <span class='ocrx_word' id='word_1_53' title='bbox 1744 1954 2084 2028; x_wconf 89' lang='lat' dir='ltr'><strong>instituit.</strong></span> <span class='ocrx_word' id='word_1_54' title='bbox 2140 1954 2234 2027; x_wconf 86' lang='lat' dir='ltr'><strong>Et</strong></span> <span class='ocrx_word' id='word_1_55' title='bbox 2295 1953 2464 2027; x_wconf 90' lang='lat' dir='ltr'><strong>licet</strong></span> <span class='ocrx_word' id='word_1_56' title='bbox 2513 1974 2637 2046; x_wconf 90' lang='lat' dir='ltr'><strong>pro</strong></span> <span class='ocrx_word' id='word_1_57' title='bbox 2685 1952 3104 2026; x_wconf 78' lang='lat' dir='ltr'><strong>solennitate</strong></span> <span class='ocrx_word' id='word_1_58' title='bbox 3153 1953 3620 2027; x_wconf 77' lang='lat' dir='ltr'><strong>coronationis</strong></span> <span class='ocrx_word' id='word_1_59' title='bbox 3671 1975 3872 2046; x_wconf 86' lang='lat' dir='ltr'><strong>prae·</strong></span> 
     </span>
     <span class='ocr_line' id='line_1_9' title="bbox 799 2071 3878 2163; baseline 0 -17"><span class='ocrx_word' id='word_1_60' title='bbox 799 2075 984 2146; x_wconf 85' lang='lat' dir='ltr'><strong>fatae</strong></span> <span class='ocrx_word' id='word_1_61' title='bbox 1046 2073 1329 2146; x_wconf 87' lang='lat' dir='ltr'><strong>fratrem</strong></span> <span class='ocrx_word' id='word_1_62' title='bbox 1410 2093 1613 2146; x_wconf 89' lang='lat' dir='ltr'><strong>suum</strong></span> <span class='ocrx_word' id='word_1_63' title='bbox 1674 2074 2156 2146; x_wconf 79' lang='lat' dir='ltr'><strong>Alexandrum</strong></span> <span class='ocrx_word' id='word_1_64' title='bbox 2210 2072 2684 2146; x_wconf 83' lang='lat' dir='ltr'><strong>Withawdum</strong></span> <span class='ocrx_word' id='word_1_65' title='bbox 2745 2073 3006 2145; x_wconf 90' lang='lat' dir='ltr'><strong>Ducem</strong></span> <span class='ocrx_word' id='word_1_66' title='bbox 3059 2072 3390 2163; x_wconf 82' lang='lat' dir='ltr'><strong>Magnum</strong></span> <span class='ocrx_word' id='word_1_67' title='bbox 3450 2071 3878 2146; x_wconf 83' lang='lat' dir='ltr'><strong>Lithuaniae</strong></span> 
     </span>
     <span class='ocr_line' id='line_1_10' title="bbox 801 2190 3876 2290; baseline 0 -26"><span class='ocrx_word' id='word_1_68' title='bbox 801 2190 1236 2284; x_wconf 87' lang='lat' dir='ltr'><strong>frequentius</strong></span> <span class='ocrx_word' id='word_1_69' title='bbox 1288 2190 1731 2280; x_wconf 84' lang='lat' dir='ltr'><strong>invitaverit,</strong></span> <span class='ocrx_word' id='word_1_70' title='bbox 1796 2213 1883 2265; x_wconf 89' lang='lat' dir='ltr'><strong>ex</strong></span> <span class='ocrx_word' id='word_1_71' title='bbox 1946 2191 2178 2264; x_wconf 87' lang='lat' dir='ltr'><strong>causis</strong></span> <span class='ocrx_word' id='word_1_72' title='bbox 2241 2195 2476 2264; x_wconf 86' lang='lat' dir='ltr'><strong>tamen</strong></span> <span class='ocrx_word' id='word_1_73' title='bbox 2537 2190 3051 2283; x_wconf 76' lang='lat' dir='ltr'><strong>multiplicibus</strong></span> <span class='ocrx_word' id='word_1_74' title='bbox 3067 2245 3085 2278; x_wconf 95' lang='lat'><strong>,</strong></span> <span class='ocrx_word' id='word_1_75' title='bbox 3159 2193 3230 2262; x_wconf 88' lang='lat' dir='ltr'><strong>et</strong></span> <span class='ocrx_word' id='word_1_76' title='bbox 3293 2211 3589 2290; x_wconf 79' lang='lat' dir='ltr'><strong>quarum</strong></span> <span class='ocrx_word' id='word_1_77' title='bbox 3647 2192 3876 2285; x_wconf 83' lang='lat' dir='ltr'><strong>magis</strong></span> 
     </span>
     <span class='ocr_line' id='line_1_11' title="bbox 798 2308 3879 2402; baseline 0.001 -20"><span class='ocrx_word' id='word_1_78' title='bbox 798 2308 1175 2402; x_wconf 86' lang='lat' dir='ltr'><strong>praecipua</strong></span> <span class='ocrx_word' id='word_1_79' title='bbox 1226 2330 1309 2383; x_wconf 87' lang='lat' dir='ltr'><strong>ea</strong></span> <span class='ocrx_word' id='word_1_80' title='bbox 1362 2313 1540 2398; x_wconf 91' lang='lat' dir='ltr'><strong>erat,</strong></span> <span class='ocrx_word' id='word_1_81' title='bbox 1598 2310 1781 2402; x_wconf 91' lang='lat' dir='ltr'><strong>quod</strong></span> <span class='ocrx_word' id='word_1_82' title='bbox 1834 2308 1973 2382; x_wconf 89' lang='lat' dir='ltr'><strong>iam</strong></span> <span class='ocrx_word' id='word_1_83' title='bbox 2028 2309 2328 2402; x_wconf 81' lang='lat' dir='ltr'><strong>Sophiae</strong></span> <span class='ocrx_word' id='word_1_84' title='bbox 2363 2309 2674 2402; x_wconf 87' lang='lat' dir='ltr'><strong>Reginae</strong></span> <span class='ocrx_word' id='word_1_85' title='bbox 2726 2309 3041 2382; x_wconf 88' lang='lat' dir='ltr'><strong>infensus</strong></span> <span class='ocrx_word' id='word_1_86' title='bbox 3054 2364 3074 2397; x_wconf 90' lang='lat'><strong>,</strong></span> <span class='ocrx_word' id='word_1_87' title='bbox 3131 2312 3275 2381; x_wconf 89' lang='lat' dir='ltr'><strong>tam</strong></span> <span class='ocrx_word' id='word_1_88' title='bbox 3307 2308 3512 2401; x_wconf 88' lang='lat' dir='ltr'><strong>gravi</strong></span> <span class='ocrx_word' id='word_1_89' title='bbox 3561 2309 3638 2382; x_wconf 89' lang='lat' dir='ltr'><strong>in</strong></span> <span class='ocrx_word' id='word_1_90' title='bbox 3673 2310 3879 2384; x_wconf 87' lang='lat' dir='ltr'><strong>illam</strong></span> 
     </span>
     <span class='ocr_line' id='line_1_12' title="bbox 802 2427 3875 2520; baseline 0 -20"><span class='ocrx_word' id='word_1_91' title='bbox 802 2427 957 2500; x_wconf 86' lang='lat' dir='ltr'><strong>odio</strong></span> <span class='ocrx_word' id='word_1_92' title='bbox 1012 2427 1485 2520; x_wconf 76' lang='lat' dir='ltr'><strong>grassabatur,</strong></span> <span class='ocrx_word' id='word_1_93' title='bbox 1539 2433 1622 2502; x_wconf 89' lang='lat' dir='ltr'><strong>ut</strong></span> <span class='ocrx_word' id='word_1_94' title='bbox 1676 2433 1746 2502; x_wconf 91' lang='lat' dir='ltr'><strong>et</strong></span> <span class='ocrx_word' id='word_1_95' title='bbox 1795 2430 2125 2502; x_wconf 89' lang='lat' dir='ltr'><strong>honorem</strong></span> <span class='ocrx_word' id='word_1_96' title='bbox 2191 2427 2330 2501; x_wconf 92' lang='lat' dir='ltr'><strong>sibi</strong></span> <span class='ocrx_word' id='word_1_97' title='bbox 2381 2448 2506 2520; x_wconf 93' lang='lat' dir='ltr'><strong>per</strong></span> <span class='ocrx_word' id='word_1_98' title='bbox 2568 2427 3080 2501; x_wconf 87' lang='lat' dir='ltr'><strong>coronationem</strong></span> <span class='ocrx_word' id='word_1_99' title='bbox 3123 2427 3693 2518; x_wconf 90' lang='lat' dir='ltr'><strong>impendendum,</strong></span> <span class='ocrx_word' id='word_1_100' title='bbox 3749 2450 3875 2520; x_wconf 86' lang='lat' dir='ltr'><strong>pa·</strong></span> 
     </span>
     <span class='ocr_line' id='line_1_13' title="bbox 798 2544 3882 2640; baseline 0 -20"><span class='ocrx_word' id='word_1_101' title='bbox 798 2567 955 2620; x_wconf 87' lang='lat' dir='ltr'><strong>rum</strong></span> <span class='ocrx_word' id='word_1_102' title='bbox 1006 2550 1205 2640; x_wconf 87' lang='lat' dir='ltr'><strong>grato</strong></span> <span class='ocrx_word' id='word_1_103' title='bbox 1258 2545 1488 2620; x_wconf 89' lang='lat' dir='ltr'><strong>animo</strong></span> <span class='ocrx_word' id='word_1_104' title='bbox 1556 2545 1630 2622; x_wconf 78' lang='lat' dir='ltr'><strong>s&#39;e</strong></span> <span class='ocrx_word' id='word_1_105' title='bbox 1692 2547 2127 2620; x_wconf 79' lang='lat' dir='ltr'><strong>monstrabat</strong></span> <span class='ocrx_word' id='word_1_106' title='bbox 2187 2547 2496 2618; x_wconf 90' lang='lat' dir='ltr'><strong>laturum</strong></span> <span class='ocrx_word' id='word_1_107' title='bbox 2511 2601 2528 2634; x_wconf 97' lang='lat'><strong>,</strong></span> <span class='ocrx_word' id='word_1_108' title='bbox 2595 2545 2833 2619; x_wconf 92' lang='lat' dir='ltr'><strong>venire</strong></span> <span class='ocrx_word' id='word_1_109' title='bbox 2884 2544 3258 2618; x_wconf 88' lang='lat' dir='ltr'><strong>recusavit.</strong></span> <span class='ocrx_word' id='word_1_110' title='bbox 3339 2549 3444 2621; x_wconf 89' lang='lat' dir='ltr'><strong>De</strong></span> <span class='ocrx_word' id='word_1_111' title='bbox 3493 2547 3882 2622; x_wconf 85' lang='lat' dir='ltr'><strong>Lithuania</strong></span> 
     </span>
     <span class='ocr_line' id='line_1_14' title="bbox 799 2663 3876 2760; baseline 0.001 -22"><span class='ocrx_word' id='word_1_112' title='bbox 799 2664 1237 2740; x_wconf 87' lang='lat' dir='ltr'><strong>Wladislaus</strong></span> <span class='ocrx_word' id='word_1_113' title='bbox 1290 2666 1447 2742; x_wconf 86' lang='lat' dir='ltr'><strong>Rex</strong></span> <span class='ocrx_word' id='word_1_114' title='bbox 1500 2687 1855 2760; x_wconf 83' lang='lat' dir='ltr'><strong>egressus,</strong></span> <span class='ocrx_word' id='word_1_115' title='bbox 1920 2664 2117 2739; x_wconf 90' lang='lat' dir='ltr'><strong>venit</strong></span> <span class='ocrx_word' id='word_1_116' title='bbox 2179 2665 2494 2738; x_wconf 86' lang='lat' dir='ltr'><strong>Iedlnam</strong></span> <span class='ocrx_word' id='word_1_117' title='bbox 2533 2665 2612 2754; x_wconf 83' lang='lat'><strong>¹),</strong></span> <span class='ocrx_word' id='word_1_118' title='bbox 2680 2669 2750 2738; x_wconf 86' lang='lat' dir='ltr'><strong>et</strong></span> <span class='ocrx_word' id='word_1_119' title='bbox 2803 2663 3056 2738; x_wconf 89' lang='lat' dir='ltr'><strong>exinde</strong></span> <span class='ocrx_word' id='word_1_120' title='bbox 3105 2685 3232 2757; x_wconf 90' lang='lat' dir='ltr'><strong>per</strong></span> <span class='ocrx_word' id='word_1_121' title='bbox 3283 2665 3544 2738; x_wconf 79' lang='lat' dir='ltr'><strong>Ilszam</strong></span> <span class='ocrx_word' id='word_1_122' title='bbox 3574 2664 3662 2757; x_wconf 81' lang='lat'><strong>²),</strong></span> <span class='ocrx_word' id='word_1_123' title='bbox 3718 2665 3876 2740; x_wconf 84' lang='lat' dir='ltr'><strong>cal-</strong></span> 
     </span>
     <span class='ocr_line' id='line_1_15' title="bbox 806 2783 3882 2876; baseline 0.001 -19"><span class='ocrx_word' id='word_1_124' title='bbox 806 2805 975 2860; x_wconf 88' lang='lat' dir='ltr'><strong>vum</strong></span> <span class='ocrx_word' id='word_1_125' title='bbox 1028 2787 1366 2876; x_wconf 89' lang='lat' dir='ltr'><strong>montem,</strong></span> <span class='ocrx_word' id='word_1_126' title='bbox 1422 2786 1814 2876; x_wconf 88' lang='lat' dir='ltr'><strong>Visliciam,</strong></span> <span class='ocrx_word' id='word_1_127' title='bbox 1870 2783 2270 2860; x_wconf 75' lang='lat' dir='ltr'><strong>cracoviam</strong></span> <span class='ocrx_word' id='word_1_128' title='bbox 2330 2785 2652 2876; x_wconf 88' lang='lat' dir='ltr'><strong>pervenit</strong></span> <span class='ocrx_word' id='word_1_129' title='bbox 2665 2841 2682 2874; x_wconf 93' lang='lat'><strong>,</strong></span> <span class='ocrx_word' id='word_1_130' title='bbox 2737 2784 2946 2858; x_wconf 90' lang='lat' dir='ltr'><strong>rebus</strong></span> <span class='ocrx_word' id='word_1_131' title='bbox 2999 2788 3072 2856; x_wconf 91' lang='lat' dir='ltr'><strong>et</strong></span> <span class='ocrx_word' id='word_1_132' title='bbox 3133 2785 3541 2859; x_wconf 85' lang='lat' dir='ltr'><strong>solennitati</strong></span> <span class='ocrx_word' id='word_1_133' title='bbox 3603 2787 3882 2860; x_wconf 79' lang='lat' dir='ltr'><strong>futurae</strong></span> 
     </span>
     <span class='ocr_line' id='line_1_16' title="bbox 803 2903 3878 2998; baseline 0.001 -23"><span class='ocrx_word' id='word_1_134' title='bbox 803 2903 1271 2977; x_wconf 82' lang='lat' dir='ltr'><strong>coronationis</strong></span> <span class='ocrx_word' id='word_1_135' title='bbox 1322 2904 1735 2996; x_wconf 83' lang='lat' dir='ltr'><strong>provisurus</strong></span> <span class='ocrx_word' id='word_1_136' title='bbox 1749 2961 1768 2994; x_wconf 93' lang='lat'><strong>,</strong></span> <span class='ocrx_word' id='word_1_137' title='bbox 1824 2907 2057 2978; x_wconf 88' lang='lat' dir='ltr'><strong>certus</strong></span> <span class='ocrx_word' id='word_1_138' title='bbox 2110 2903 2252 2976; x_wconf 90' lang='lat' dir='ltr'><strong>iam</strong></span> <span class='ocrx_word' id='word_1_139' title='bbox 2303 2903 2390 2976; x_wconf 91' lang='lat' dir='ltr'><strong>de</strong></span> <span class='ocrx_word' id='word_1_140' title='bbox 2444 2903 2878 2996; x_wconf 89' lang='lat' dir='ltr'><strong>Sigismundi</strong></span> <span class='ocrx_word' id='word_1_141' title='bbox 2940 2904 3409 2976; x_wconf 88' lang='lat' dir='ltr'><strong>Romanorum</strong></span> <span class='ocrx_word' id='word_1_142' title='bbox 3463 2908 3536 2977; x_wconf 91' lang='lat' dir='ltr'><strong>et</strong></span> <span class='ocrx_word' id='word_1_143' title='bbox 3586 2905 3878 2998; x_wconf 84' lang='lat' dir='ltr'><strong>Hunga·</strong></span> 
     </span>
     <span class='ocr_line' id='line_1_17' title="bbox 801 3019 3878 3114; baseline 0.002 -21"><span class='ocrx_word' id='word_1_144' title='bbox 801 3019 951 3093; x_wconf 88' lang='lat' dir='ltr'><strong>riae</strong></span> <span class='ocrx_word' id='word_1_145' title='bbox 1001 3021 1218 3114; x_wconf 86' lang='lat' dir='ltr'><strong>Regis</strong></span> <span class='ocrx_word' id='word_1_146' title='bbox 1273 3027 1343 3097; x_wconf 91' lang='lat' dir='ltr'><strong>et</strong></span> <span class='ocrx_word' id='word_1_147' title='bbox 1394 3022 1693 3096; x_wconf 87' lang='lat' dir='ltr'><strong>aliorum</strong></span> <span class='ocrx_word' id='word_1_148' title='bbox 1744 3022 2155 3114; x_wconf 88' lang='lat' dir='ltr'><strong>Principum</strong></span> <span class='ocrx_word' id='word_1_149' title='bbox 2209 3021 2666 3098; x_wconf 79' lang='lat' dir='ltr'><strong>invitatorum</strong></span> <span class='ocrx_word' id='word_1_150' title='bbox 2721 3022 3050 3095; x_wconf 88' lang='lat' dir='ltr'><strong>adventu.</strong></span> <span class='ocrx_word' id='word_1_151' title='bbox 3105 3021 3257 3094; x_wconf 91' lang='lat' dir='ltr'><strong>Iam</strong></span> <span class='ocrx_word' id='word_1_152' title='bbox 3313 3026 3386 3095; x_wconf 94' lang='lat' dir='ltr'><strong>et</strong></span> <span class='ocrx_word' id='word_1_153' title='bbox 3435 3023 3685 3097; x_wconf 83' lang='lat' dir='ltr'><strong>Ericus</strong></span> <span class='ocrx_word' id='word_1_154' title='bbox 3737 3025 3878 3098; x_wconf 87' lang='lat' dir='ltr'><strong>Da-</strong></span> 
     </span>
     <span class='ocr_line' id='line_1_18' title="bbox 804 3137 3882 3234; baseline 0.001 -21"><span class='ocrx_word' id='word_1_155' title='bbox 804 3138 954 3214; x_wconf 84' lang='lat' dir='ltr'><strong>ciae</strong></span> <span class='ocrx_word' id='word_1_156' title='bbox 982 3137 1043 3229; x_wconf 76' lang='lat'><strong>³)</strong></span> <span class='ocrx_word' id='word_1_157' title='bbox 1098 3141 1255 3214; x_wconf 86' lang='lat' dir='ltr'><strong>Rex</strong></span> <span class='ocrx_word' id='word_1_158' title='bbox 1306 3141 1383 3214; x_wconf 89' lang='lat' dir='ltr'><strong>in</strong></span> <span class='ocrx_word' id='word_1_159' title='bbox 1434 3141 1903 3234; x_wconf 87' lang='lat' dir='ltr'><strong>pulcherrimo</strong></span> <span class='ocrx_word' id='word_1_160' title='bbox 1956 3145 2330 3233; x_wconf 88' lang='lat' dir='ltr'><strong>apparatu,</strong></span> <span class='ocrx_word' id='word_1_161' title='bbox 2387 3140 2668 3234; x_wconf 86' lang='lat' dir='ltr'><strong>singula</strong></span> <span class='ocrx_word' id='word_1_162' title='bbox 2718 3141 3056 3214; x_wconf 88' lang='lat' dir='ltr'><strong>utensilia</strong></span> <span class='ocrx_word' id='word_1_163' title='bbox 3109 3145 3180 3214; x_wconf 91' lang='lat' dir='ltr'><strong>et</strong></span> <span class='ocrx_word' id='word_1_164' title='bbox 3214 3161 3384 3214; x_wconf 88' lang='lat' dir='ltr'><strong>vasa</strong></span> <span class='ocrx_word' id='word_1_165' title='bbox 3436 3141 3510 3214; x_wconf 91' lang='lat' dir='ltr'><strong>in</strong></span> <span class='ocrx_word' id='word_1_166' title='bbox 3563 3163 3772 3216; x_wconf 87' lang='lat' dir='ltr'><strong>usum</strong></span> <span class='ocrx_word' id='word_1_167' title='bbox 3807 3148 3882 3218; x_wconf 87' lang='lat' dir='ltr'><strong>et</strong></span> 
     </span>
     <span class='ocr_line' id='line_1_19' title="bbox 804 3257 3878 3352; baseline 0.001 -21"><span class='ocrx_word' id='word_1_168' title='bbox 804 3257 1484 3335; x_wconf 86' lang='lat' dir='ltr'><strong>administrationem</strong></span> <span class='ocrx_word' id='word_1_169' title='bbox 1545 3282 1823 3336; x_wconf 86' lang='lat' dir='ltr'><strong>mensae</strong></span> <span class='ocrx_word' id='word_1_170' title='bbox 1888 3259 2286 3334; x_wconf 86' lang='lat' dir='ltr'><strong>necessaria</strong></span> <span class='ocrx_word' id='word_1_171' title='bbox 2344 3260 2608 3334; x_wconf 87' lang='lat' dir='ltr'><strong>habens</strong></span> <span class='ocrx_word' id='word_1_172' title='bbox 2669 3281 2911 3349; x_wconf 89' lang='lat' dir='ltr'><strong>aurea,</strong></span> <span class='ocrx_word' id='word_1_173' title='bbox 2983 3281 3121 3333; x_wconf 92' lang='lat' dir='ltr'><strong>non</strong></span> <span class='ocrx_word' id='word_1_174' title='bbox 3183 3259 3408 3352; x_wconf 87' lang='lat' dir='ltr'><strong>petita</strong></span> <span class='ocrx_word' id='word_1_175' title='bbox 3477 3262 3878 3352; x_wconf 87' lang='lat' dir='ltr'><strong>securitate,</strong></span> 
     </span>
     <span class='ocr_line' id='line_1_20' title="bbox 810 3377 3882 3472; baseline 0.001 -22"><span class='ocrx_word' id='word_1_176' title='bbox 810 3378 932 3451; x_wconf 92' lang='lat' dir='ltr'><strong>sed</strong></span> <span class='ocrx_word' id='word_1_177' title='bbox 984 3399 1143 3452; x_wconf 89' lang='lat' dir='ltr'><strong>cum</strong></span> <span class='ocrx_word' id='word_1_178' title='bbox 1180 3379 1368 3453; x_wconf 91' lang='lat' dir='ltr'><strong>omni</strong></span> <span class='ocrx_word' id='word_1_179' title='bbox 1402 3380 1689 3471; x_wconf 90' lang='lat' dir='ltr'><strong>fiducia,</strong></span> <span class='ocrx_word' id='word_1_180' title='bbox 1727 3380 2147 3453; x_wconf 86' lang='lat' dir='ltr'><strong>Posnaniam</strong></span> <span class='ocrx_word' id='word_1_181' title='bbox 2183 3378 2516 3472; x_wconf 91' lang='lat' dir='ltr'><strong>primum,</strong></span> <span class='ocrx_word' id='word_1_182' title='bbox 2575 3379 2818 3452; x_wconf 89' lang='lat' dir='ltr'><strong>statim</strong></span> <span class='ocrx_word' id='word_1_183' title='bbox 2855 3379 3034 3452; x_wconf 86' lang='lat' dir='ltr'><strong>festo</strong></span> <span class='ocrx_word' id='word_1_184' title='bbox 3069 3377 3138 3450; x_wconf 87' lang='lat' dir='ltr'><strong>N</strong></span> <span class='ocrx_word' id='word_1_185' title='bbox 3141 3378 3489 3452; x_wconf 85' lang='lat' dir='ltr'><strong>ativitatis</strong></span> <span class='ocrx_word' id='word_1_186' title='bbox 3525 3379 3787 3453; x_wconf 87' lang='lat' dir='ltr'><strong>Christi</strong></span> <span class='ocrx_word' id='word_1_187' title='bbox 3815 3381 3882 3471; x_wconf 82' lang='lat'><strong>⁴)</strong></span> 
     </span>
     <span class='ocr_line' id='line_1_21' title="bbox 806 3497 3884 3592; baseline 0 -21"><span class='ocrx_word' id='word_1_188' title='bbox 806 3498 1076 3591; x_wconf 89' lang='lat' dir='ltr'><strong>elaps0,</strong></span> <span class='ocrx_word' id='word_1_189' title='bbox 1134 3498 1541 3588; x_wconf 86' lang='lat' dir='ltr'><strong>advenerat,</strong></span> <span class='ocrx_word' id='word_1_190' title='bbox 1597 3503 1671 3574; x_wconf 91' lang='lat' dir='ltr'><strong>et</strong></span> <span class='ocrx_word' id='word_1_191' title='bbox 1720 3519 1845 3592; x_wconf 92' lang='lat' dir='ltr'><strong>per</strong></span> <span class='ocrx_word' id='word_1_192' title='bbox 1897 3499 2243 3572; x_wconf 85' lang='lat' dir='ltr'><strong>notabiles</strong></span> <span class='ocrx_word' id='word_1_193' title='bbox 2295 3497 2628 3571; x_wconf 88' lang='lat' dir='ltr'><strong>Poloniae</strong></span> <span class='ocrx_word' id='word_1_194' title='bbox 2679 3498 3006 3586; x_wconf 89' lang='lat' dir='ltr'><strong>barones,</strong></span> <span class='ocrx_word' id='word_1_195' title='bbox 3069 3497 3272 3572; x_wconf 89' lang='lat' dir='ltr'><strong>iussu</strong></span> <span class='ocrx_word' id='word_1_196' title='bbox 3326 3503 3397 3572; x_wconf 93' lang='lat' dir='ltr'><strong>et</strong></span> <span class='ocrx_word' id='word_1_197' title='bbox 3449 3498 3884 3573; x_wconf 83' lang='lat' dir='ltr'><strong>ordinatione</strong></span> 
     </span>
     <span class='ocr_line' id='line_1_22' title="bbox 806 3615 3884 3712; baseline 0.001 -23"><span class='ocrx_word' id='word_1_198' title='bbox 806 3615 1140 3690; x_wconf 89' lang='lat' dir='ltr'><strong>Poloniae</strong></span> <span class='ocrx_word' id='word_1_199' title='bbox 1194 3618 1409 3712; x_wconf 88' lang='lat' dir='ltr'><strong>Regis</strong></span> <span class='ocrx_word' id='word_1_200' title='bbox 1439 3618 1501 3708; x_wconf 81' lang='grc'><strong>5)</strong></span> <span class='ocrx_word' id='word_1_201' title='bbox 1555 3619 1957 3711; x_wconf 91' lang='lat' dir='ltr'><strong>deputatos,</strong></span> <span class='ocrx_word' id='word_1_202' title='bbox 2024 3622 2360 3709; x_wconf 89' lang='lat' dir='ltr'><strong>exceptus</strong></span> <span class='ocrx_word' id='word_1_203' title='bbox 2417 3621 2488 3690; x_wconf 87' lang='lat' dir='ltr'><strong>et</strong></span> <span class='ocrx_word' id='word_1_204' title='bbox 2548 3617 2624 3690; x_wconf 93' lang='lat' dir='ltr'><strong>in</strong></span> <span class='ocrx_word' id='word_1_205' title='bbox 2677 3617 3076 3690; x_wconf 75' lang='lat' dir='ltr'><strong>cracoviam</strong></span> <span class='ocrx_word' id='word_1_206' title='bbox 3129 3617 3470 3691; x_wconf 89' lang='lat' dir='ltr'><strong>deductus</strong></span> <span class='ocrx_word' id='word_1_207' title='bbox 3525 3623 3697 3692; x_wconf 90' lang='lat' dir='ltr'><strong>erat.</strong></span> <span class='ocrx_word' id='word_1_208' title='bbox 3769 3619 3884 3692; x_wconf 85' lang='lat' dir='ltr'><strong>Ex</strong></span> 
     </span>
     <span class='ocr_line' id='line_1_23' title="bbox 806 3734 3880 3832; baseline -0 -22"><span class='ocrx_word' id='word_1_209' title='bbox 806 3734 1137 3810; x_wconf 78' lang='lat' dir='ltr'><strong>cracovia</strong></span> <span class='ocrx_word' id='word_1_210' title='bbox 1188 3759 1461 3832; x_wconf 85' lang='lat' dir='ltr'><strong>qnoque</strong></span> <span class='ocrx_word' id='word_1_211' title='bbox 1514 3737 1589 3810; x_wconf 90' lang='lat' dir='ltr'><strong>in</strong></span> <span class='ocrx_word' id='word_1_212' title='bbox 1642 3736 2079 3830; x_wconf 85' lang='lat' dir='ltr'><strong>Hungariam</strong></span> <span class='ocrx_word' id='word_1_213' title='bbox 2133 3737 2615 3825; x_wconf 87' lang='lat' dir='ltr'><strong>descenderat,</strong></span> <span class='ocrx_word' id='word_1_214' title='bbox 2675 3740 2746 3808; x_wconf 85' lang='lat' dir='ltr'><strong>et</strong></span> <span class='ocrx_word' id='word_1_215' title='bbox 2781 3735 3070 3808; x_wconf 84' lang='lat' dir='ltr'><strong>visitato</strong></span> <span class='ocrx_word' id='word_1_216' title='bbox 3126 3736 3572 3828; x_wconf 84' lang='lat' dir='ltr'><strong>Sigismundo</strong></span> <span class='ocrx_word' id='word_1_217' title='bbox 3625 3738 3880 3811; x_wconf 85' lang='lat' dir='ltr'><strong>Roma-</strong></span> 
     </span>
     <span class='ocr_line' id='line_1_24' title="bbox 808 3855 3886 3949; baseline 0.001 -22"><span class='ocrx_word' id='word_1_218' title='bbox 808 3875 1055 3928; x_wconf 87' lang='lat' dir='ltr'><strong>norum</strong></span> <span class='ocrx_word' id='word_1_219' title='bbox 1108 3859 1180 3929; x_wconf 87' lang='lat' dir='ltr'><strong>et</strong></span> <span class='ocrx_word' id='word_1_220' title='bbox 1232 3855 1637 3949; x_wconf 85' lang='lat' dir='ltr'><strong>Hungariae</strong></span> <span class='ocrx_word' id='word_1_221' title='bbox 1689 3858 1912 3949; x_wconf 83' lang='lat' dir='ltr'><strong>Rege,</strong></span> <span class='ocrx_word' id='word_1_222' title='bbox 1969 3855 2044 3927; x_wconf 92' lang='lat' dir='ltr'><strong>in</strong></span> <span class='ocrx_word' id='word_1_223' title='bbox 2098 3855 2463 3928; x_wconf 88' lang='lat' dir='ltr'><strong>Poloniam</strong></span> <span class='ocrx_word' id='word_1_224' title='bbox 2516 3876 2762 3928; x_wconf 87' lang='lat' dir='ltr'><strong>rursus</strong></span> <span class='ocrx_word' id='word_1_225' title='bbox 2813 3855 3136 3928; x_wconf 87' lang='lat' dir='ltr'><strong>redierat.</strong></span> <span class='ocrx_word' id='word_1_226' title='bbox 3193 3855 3322 3928; x_wconf 87' lang='lat' dir='ltr'><strong>cni</strong></span> <span class='ocrx_word' id='word_1_227' title='bbox 3375 3876 3467 3929; x_wconf 88' lang='lat' dir='ltr'><strong>ex</strong></span> <span class='ocrx_word' id='word_1_228' title='bbox 3517 3856 3886 3949; x_wconf 83' lang='lat' dir='ltr'><strong>Hungaria</strong></span> 
     </span>
     <span class='ocr_line' id='line_1_25' title="bbox 806 3972 3884 4068; baseline 0 -22"><span class='ocrx_word' id='word_1_229' title='bbox 806 3974 1220 4065; x_wconf 88' lang='lat' dir='ltr'><strong>revertenti,</strong></span> <span class='ocrx_word' id='word_1_230' title='bbox 1259 3973 1694 4049; x_wconf 88' lang='lat' dir='ltr'><strong>Wladislaus</strong></span> <span class='ocrx_word' id='word_1_231' title='bbox 1730 3974 2063 4048; x_wconf 88' lang='lat' dir='ltr'><strong>Poloniae</strong></span> <span class='ocrx_word' id='word_1_232' title='bbox 2098 3976 2253 4048; x_wconf 87' lang='lat' dir='ltr'><strong>Rex</strong></span> <span class='ocrx_word' id='word_1_233' title='bbox 2303 3973 2382 4049; x_wconf 87' lang='lat' dir='ltr'><strong>in</strong></span> <span class='ocrx_word' id='word_1_234' title='bbox 2419 3972 2706 4067; x_wconf 86' lang='lat' dir='ltr'><strong>villagio</strong></span> <span class='ocrx_word' id='word_1_235' title='bbox 2745 3973 3200 4046; x_wconf 82' lang='lat' dir='ltr'><strong>Brzesznicza</strong></span> <span class='ocrx_word' id='word_1_236' title='bbox 3232 3995 3445 4066; x_wconf 86' lang='lat' dir='ltr'><strong>prope</strong></span> <span class='ocrx_word' id='word_1_237' title='bbox 3481 3975 3884 4068; x_wconf 79' lang='lat' dir='ltr'><strong>Bochnyam</strong></span> 
     </span>
     <span class='ocr_line' id='line_1_26' title="bbox 810 4091 3888 4185; baseline 0.001 -21"><span class='ocrx_word' id='word_1_238' title='bbox 810 4092 1143 4183; x_wconf 86' lang='lat' dir='ltr'><strong>occurrit,</strong></span> <span class='ocrx_word' id='word_1_239' title='bbox 1199 4097 1271 4167; x_wconf 87' lang='lat' dir='ltr'><strong>et</strong></span> <span class='ocrx_word' id='word_1_240' title='bbox 1321 4093 1555 4185; x_wconf 91' lang='lat' dir='ltr'><strong>ipsum</strong></span> <span class='ocrx_word' id='word_1_241' title='bbox 1607 4093 2111 4167; x_wconf 89' lang='lat' dir='ltr'><strong>humanissime</strong></span> <span class='ocrx_word' id='word_1_242' title='bbox 2164 4091 2522 4184; x_wconf 88' lang='lat' dir='ltr'><strong>excipiens</strong></span> <span class='ocrx_word' id='word_1_243' title='bbox 2577 4095 2647 4164; x_wconf 88' lang='lat' dir='ltr'><strong>et</strong></span> <span class='ocrx_word' id='word_1_244' title='bbox 2680 4092 3060 4180; x_wconf 74' lang='lat' dir='ltr'><strong>honoranS,</strong></span> <span class='ocrx_word' id='word_1_245' title='bbox 3117 4091 3194 4163; x_wconf 90' lang='lat' dir='ltr'><strong>in</strong></span> <span class='ocrx_word' id='word_1_246' title='bbox 3227 4092 3626 4165; x_wconf 88' lang='lat' dir='ltr'><strong>cracoviam</strong></span> <span class='ocrx_word' id='word_1_247' title='bbox 3660 4114 3888 4184; x_wconf 87' lang='lat' dir='ltr'><strong>usque</strong></span> 
     </span>
     <span class='ocr_line' id='line_1_27' title="bbox 809 4210 3882 4306; baseline 0.001 -24"><span class='ocrx_word' id='word_1_248' title='bbox 809 4210 1127 4286; x_wconf 86' lang='lat' dir='ltr'><strong>deduxit.</strong></span> <span class='ocrx_word' id='word_1_249' title='bbox 1185 4211 1677 4306; x_wconf 89' lang='lat' dir='ltr'><strong>Sigismundus</strong></span> <span class='ocrx_word' id='word_1_250' title='bbox 1730 4214 2200 4286; x_wconf 87' lang='lat' dir='ltr'><strong>Romanorum</strong></span> <span class='ocrx_word' id='word_1_251' title='bbox 2255 4215 2324 4285; x_wconf 88' lang='lat' dir='ltr'><strong>et</strong></span> <span class='ocrx_word' id='word_1_252' title='bbox 2376 4210 2780 4304; x_wconf 87' lang='lat' dir='ltr'><strong>Hungariae</strong></span> <span class='ocrx_word' id='word_1_253' title='bbox 2831 4211 2986 4283; x_wconf 84' lang='lat' dir='ltr'><strong>Rex</strong></span> <span class='ocrx_word' id='word_1_254' title='bbox 3003 4265 3020 4299; x_wconf 93' lang='lat'><strong>,</strong></span> <span class='ocrx_word' id='word_1_255' title='bbox 3085 4210 3378 4283; x_wconf 86' lang='lat' dir='ltr'><strong>alterius</strong></span> <span class='ocrx_word' id='word_1_256' title='bbox 3433 4211 3542 4283; x_wconf 90' lang='lat' dir='ltr'><strong>vir</strong></span> <span class='ocrx_word' id='word_1_257' title='bbox 3593 4211 3882 4304; x_wconf 89' lang='lat' dir='ltr'><strong>ingenii,</strong></span> 
     </span>
     <span class='ocr_line' id='line_1_28' title="bbox 808 4327 3883 4423; baseline 0.001 -22"><span class='ocrx_word' id='word_1_258' title='bbox 808 4330 1015 4422; x_wconf 90' lang='lat' dir='ltr'><strong>longo</strong></span> <span class='ocrx_word' id='word_1_259' title='bbox 1070 4335 1379 4423; x_wconf 90' lang='lat' dir='ltr'><strong>tempore</strong></span> <span class='ocrx_word' id='word_1_260' title='bbox 1415 4332 1650 4406; x_wconf 88' lang='lat' dir='ltr'><strong>venire</strong></span> <span class='ocrx_word' id='word_1_261' title='bbox 1703 4335 2071 4405; x_wconf 86' lang='lat' dir='ltr'><strong>cunctatus</strong></span> <span class='ocrx_word' id='word_1_262' title='bbox 2108 4334 2249 4420; x_wconf 91' lang='lat' dir='ltr'><strong>est,</strong></span> <span class='ocrx_word' id='word_1_263' title='bbox 2303 4349 2722 4423; x_wconf 85' lang='lat' dir='ltr'><strong>gravemque</strong></span> <span class='ocrx_word' id='word_1_264' title='bbox 2759 4327 2896 4402; x_wconf 92' lang='lat' dir='ltr'><strong>sibi</strong></span> <span class='ocrx_word' id='word_1_265' title='bbox 2948 4330 3223 4400; x_wconf 87' lang='lat' dir='ltr'><strong>salvum</strong></span> <span class='ocrx_word' id='word_1_266' title='bbox 3275 4330 3692 4403; x_wconf 87' lang='lat' dir='ltr'><strong>conductum</strong></span> <span class='ocrx_word' id='word_1_267' title='bbox 3727 4351 3883 4422; x_wconf 89' lang='lat' dir='ltr'><strong>per-</strong></span> 
     </span>
     <span class='ocr_line' id='line_1_29' title="bbox 812 4447 3888 4542; baseline 0 -20"><span class='ocrx_word' id='word_1_268' title='bbox 812 4451 1119 4524; x_wconf 90' lang='lat' dir='ltr'><strong>sonalem</strong></span> <span class='ocrx_word' id='word_1_269' title='bbox 1184 4455 1256 4524; x_wconf 91' lang='lat' dir='ltr'><strong>et</strong></span> <span class='ocrx_word' id='word_1_270' title='bbox 1313 4450 1659 4525; x_wconf 88' lang='lat' dir='ltr'><strong>literalem</strong></span> <span class='ocrx_word' id='word_1_271' title='bbox 1728 4450 1921 4523; x_wconf 89' lang='lat' dir='ltr'><strong>mitti</strong></span> <span class='ocrx_word' id='word_1_272' title='bbox 1984 4450 2375 4542; x_wconf 86' lang='lat' dir='ltr'><strong>expetebat.</strong></span> <span class='ocrx_word' id='word_1_273' title='bbox 2458 4448 2802 4523; x_wconf 79' lang='lat' dir='ltr'><strong>Gesturus</strong></span> <span class='ocrx_word' id='word_1_274' title='bbox 2873 4447 2986 4520; x_wconf 91' lang='lat' dir='ltr'><strong>illi</strong></span> <span class='ocrx_word' id='word_1_275' title='bbox 3047 4447 3483 4521; x_wconf 80' lang='lat' dir='ltr'><strong>wladislaus</strong></span> <span class='ocrx_word' id='word_1_276' title='bbox 3553 4449 3888 4524; x_wconf 90' lang='lat' dir='ltr'><strong>Poloniae</strong></span> 
     </span>
     <span class='ocr_line' id='line_1_30' title="bbox 809 4566 3885 4661; baseline -0 -19"><span class='ocrx_word' id='word_1_277' title='bbox 809 4571 967 4642; x_wconf 88' lang='lat' dir='ltr'><strong>Rex</strong></span> <span class='ocrx_word' id='word_1_278' title='bbox 1020 4591 1311 4660; x_wconf 89' lang='lat' dir='ltr'><strong>morem,</strong></span> <span class='ocrx_word' id='word_1_279' title='bbox 1366 4569 1651 4644; x_wconf 86' lang='lat' dir='ltr'><strong>Ericum</strong></span> <span class='ocrx_word' id='word_1_280' title='bbox 1701 4569 1957 4643; x_wconf 89' lang='lat' dir='ltr'><strong>Daciae</strong></span> <span class='ocrx_word' id='word_1_281' title='bbox 1984 4570 2047 4658; x_wconf 78' lang='lat'><strong>⁶)</strong></span> <span class='ocrx_word' id='word_1_282' title='bbox 2102 4569 2395 4661; x_wconf 87' lang='lat' dir='ltr'><strong>Regem,</strong></span> <span class='ocrx_word' id='word_1_283' title='bbox 2453 4568 2833 4660; x_wconf 90' lang='lat' dir='ltr'><strong>Sbigneum</strong></span> <span class='ocrx_word' id='word_1_284' title='bbox 2886 4566 3410 4641; x_wconf 79' lang='lat' dir='ltr'><strong>cracoviensem</strong></span> <span class='ocrx_word' id='word_1_285' title='bbox 3458 4568 3885 4660; x_wconf 88' lang='lat' dir='ltr'><strong>episcopum,</strong></span> 
     </span>
     <span class='ocr_line' id='line_1_31' title="bbox 813 4685 3890 4782; baseline -0.001 -20"><span class='ocrx_word' id='word_1_286' title='bbox 813 4689 1193 4782; x_wconf 87' lang='lat' dir='ltr'><strong>Sbigneum</strong></span> <span class='ocrx_word' id='word_1_287' title='bbox 1246 4690 1333 4764; x_wconf 92' lang='lat' dir='ltr'><strong>de</strong></span> <span class='ocrx_word' id='word_1_288' title='bbox 1383 4691 1681 4764; x_wconf 84' lang='lat' dir='ltr'><strong>Brzesze</strong></span> <span class='ocrx_word' id='word_1_289' title='bbox 1710 4689 1771 4779; x_wconf 78' lang='lat'><strong>⁷)</strong></span> <span class='ocrx_word' id='word_1_290' title='bbox 1825 4687 2055 4781; x_wconf 87' lang='lat' dir='ltr'><strong>Regni</strong></span> <span class='ocrx_word' id='word_1_291' title='bbox 2116 4685 2451 4760; x_wconf 90' lang='lat' dir='ltr'><strong>Poloniae</strong></span> <span class='ocrx_word' id='word_1_292' title='bbox 2513 4687 2962 4774; x_wconf 87' lang='lat' dir='ltr'><strong>marsalcum,</strong></span> <span class='ocrx_word' id='word_1_293' title='bbox 3018 4686 3464 4760; x_wconf 85' lang='lat' dir='ltr'><strong>transmittit.</strong></span> <span class='ocrx_word' id='word_1_294' title='bbox 3540 4687 3674 4779; x_wconf 79' lang='lat' dir='ltr'><strong>Qui</strong></span> <span class='ocrx_word' id='word_1_295' title='bbox 3727 4708 3890 4760; x_wconf 89' lang='lat' dir='ltr'><strong>cum</strong></span> 
     </span>
     <span class='ocr_line' id='line_1_32' title="bbox 810 4805 3888 4902; baseline -0.001 -21"><span class='ocrx_word' id='word_1_296' title='bbox 810 4809 925 4883; x_wconf 91' lang='lat' dir='ltr'><strong>illi</strong></span> <span class='ocrx_word' id='word_1_297' title='bbox 976 4809 1053 4882; x_wconf 91' lang='lat' dir='ltr'><strong>in</strong></span> <span class='ocrx_word' id='word_1_298' title='bbox 1104 4809 1301 4882; x_wconf 90' lang='lat' dir='ltr'><strong>Villa</strong></span> <span class='ocrx_word' id='word_1_299' title='bbox 1351 4809 1641 4900; x_wconf 89' lang='lat' dir='ltr'><strong>antiqua</strong></span> <span class='ocrx_word' id='word_1_300' title='bbox 1692 4813 1853 4902; x_wconf 84' lang='lat' dir='ltr'><strong>post</strong></span> <span class='ocrx_word' id='word_1_301' title='bbox 1906 4807 2358 4883; x_wconf 84' lang='lat' dir='ltr'><strong>Sramowicze</strong></span> <span class='ocrx_word' id='word_1_302' title='bbox 2385 4805 2449 4896; x_wconf 83' lang='grc'><strong>8)</strong></span> <span class='ocrx_word' id='word_1_303' title='bbox 2505 4805 2678 4879; x_wconf 88' lang='lat' dir='ltr'><strong>feria</strong></span> <span class='ocrx_word' id='word_1_304' title='bbox 2730 4809 2978 4898; x_wconf 88' lang='lat' dir='ltr'><strong>quarta</strong></span> <span class='ocrx_word' id='word_1_305' title='bbox 3031 4809 3193 4880; x_wconf 87' lang='lat' dir='ltr'><strong>ante</strong></span> <span class='ocrx_word' id='word_1_306' title='bbox 3227 4805 3661 4880; x_wconf 90' lang='lat' dir='ltr'><strong>Dominicam</strong></span> <span class='ocrx_word' id='word_1_307' title='bbox 3713 4807 3888 4878; x_wconf 86' lang='lat' dir='ltr'><strong>Esto</strong></span> 
     </span>
     <span class='ocr_line' id='line_1_33' title="bbox 812 4924 3892 5018; baseline -0.001 -18"><span class='ocrx_word' id='word_1_308' title='bbox 812 4926 1012 5018; x_wconf 90' lang='lat' dir='ltr'><strong>mihi,</strong></span> <span class='ocrx_word' id='word_1_309' title='bbox 1069 4929 1567 5018; x_wconf 84' lang='lat' dir='ltr'><strong>occurrissent3</strong></span> <span class='ocrx_word' id='word_1_310' title='bbox 1621 4929 1873 5002; x_wconf 86' lang='lat' dir='ltr'><strong>Ericus</strong></span> <span class='ocrx_word' id='word_1_311' title='bbox 1908 4927 2165 5002; x_wconf 87' lang='lat' dir='ltr'><strong>Daciae</strong></span> <span class='ocrx_word' id='word_1_312' title='bbox 2193 4925 2257 5016; x_wconf 80' lang='lat'><strong>⁹)</strong></span> <span class='ocrx_word' id='word_1_313' title='bbox 2311 4926 2467 4999; x_wconf 86' lang='lat' dir='ltr'><strong>Rex</strong></span> <span class='ocrx_word' id='word_1_314' title='bbox 2532 4925 2634 4998; x_wconf 89' lang='lat' dir='ltr'><strong>sic</strong></span> <span class='ocrx_word' id='word_1_315' title='bbox 2700 4925 2788 4998; x_wconf 86' lang='lat' dir='ltr'><strong>ad</strong></span> <span class='ocrx_word' id='word_1_316' title='bbox 2842 4924 3367 5017; x_wconf 88' lang='lat' dir='ltr'><strong>Sigismundum</strong></span> <span class='ocrx_word' id='word_1_317' title='bbox 3419 4926 3892 4999; x_wconf 90' lang='lat' dir='ltr'><strong>Romanorum</strong></span> 
     </span>
    </p>
   </div>
   <div class='ocr_carea' id='block_1_5' title="bbox 821 5199 3903 5504">
    <p class='ocr_par' dir='ltr' id='par_1_5' title="bbox 821 5199 3903 5504">
     <span class='ocr_line' id='line_1_34' title="bbox 1028 5199 3903 5297; baseline -0.003 -17"><span class='ocrx_word' id='word_1_318' title='bbox 1028 5215 1078 5297; x_wconf 88' lang='lat'><strong>¹)</strong></span> <span class='ocrx_word' id='word_1_319' title='bbox 1122 5219 1454 5297; x_wconf 82' lang='lat' dir='ltr'><strong>Gyedlnam</strong></span> <span class='ocrx_word' id='word_1_320' title='bbox 1510 5213 1661 5282; x_wconf 76' lang='lat' dir='ltr'><strong>cod.</strong></span> <span class='ocrx_word' id='word_1_321' title='bbox 1712 5211 1889 5280; x_wconf 80' lang='lat' dir='ltr'><strong>Calv.</strong></span> <span class='ocrx_word' id='word_1_322' title='bbox 1959 5212 2014 5296; x_wconf 74' lang='lat'><strong>⁹)</strong></span> <span class='ocrx_word' id='word_1_323' title='bbox 2057 5215 2261 5276; x_wconf 77' lang='lat' dir='ltr'><strong>Ilslam</strong></span> <span class='ocrx_word' id='word_1_324' title='bbox 2309 5205 2462 5277; x_wconf 80' lang='lat' dir='ltr'><strong>Ood.</strong></span> <span class='ocrx_word' id='word_1_325' title='bbox 2511 5208 2686 5277; x_wconf 86' lang='lat' dir='ltr'><strong>Calv.</strong></span> <span class='ocrx_word' id='word_1_326' title='bbox 2757 5210 2812 5293; x_wconf 73' lang='grc'><strong>8)</strong></span> <span class='ocrx_word' id='word_1_327' title='bbox 2855 5213 3088 5274; x_wconf 85' lang='lat' dir='ltr'><strong>Daniae</strong></span> <span class='ocrx_word' id='word_1_328' title='bbox 3129 5208 3256 5274; x_wconf 78' lang='lat' dir='ltr'><strong>Ed.</strong></span> <span class='ocrx_word' id='word_1_329' title='bbox 3301 5208 3482 5294; x_wconf 77' lang='lat' dir='ltr'><strong>Lips.</strong></span> <span class='ocrx_word' id='word_1_330' title='bbox 3553 5209 3606 5291; x_wconf 85' lang='lat'><strong>⁴)</strong></span> <span class='ocrx_word' id='word_1_331' title='bbox 3651 5199 3903 5273; x_wconf 59' lang='lat' dir='ltr'><strong>Domini‘</strong></span> 
     </span>
     <span class='ocr_line' id='line_1_35' title="bbox 821 5306 3892 5401; baseline -0.003 -17"><span class='ocrx_word' id='word_1_332' title='bbox 821 5315 973 5385; x_wconf 81' lang='lat' dir='ltr'><strong>Cod.</strong></span> <span class='ocrx_word' id='word_1_333' title='bbox 1016 5317 1208 5384; x_wconf 79' lang='lat' dir='ltr'><strong>Rozr.</strong></span> <span class='ocrx_word' id='word_1_334' title='bbox 1256 5319 1309 5401; x_wconf 74' lang='lat'><strong>⁵)</strong></span> <span class='ocrx_word' id='word_1_335' title='bbox 1352 5321 1536 5399; x_wconf 84' lang='lat' dir='ltr'><strong>Regis</strong></span> <span class='ocrx_word' id='word_1_336' title='bbox 1577 5320 1891 5382; x_wconf 80' lang='lat' dir='ltr'><strong>wladislai</strong></span> <span class='ocrx_word' id='word_1_337' title='bbox 1938 5312 2089 5381; x_wconf 81' lang='lat' dir='ltr'><strong>Cod.</strong></span> <span class='ocrx_word' id='word_1_338' title='bbox 2134 5313 2328 5380; x_wconf 83' lang='lat' dir='ltr'><strong>Rozr.</strong></span> <span class='ocrx_word' id='word_1_339' title='bbox 2375 5314 2429 5396; x_wconf 79' lang='lat'><strong>⁰)</strong></span> <span class='ocrx_word' id='word_1_340' title='bbox 2474 5316 2706 5377; x_wconf 85' lang='lat' dir='ltr'><strong>Daniae</strong></span> <span class='ocrx_word' id='word_1_341' title='bbox 2747 5312 2874 5377; x_wconf 77' lang='lat' dir='ltr'><strong>Ed.</strong></span> <span class='ocrx_word' id='word_1_342' title='bbox 2896 5313 3076 5398; x_wconf 80' lang='lat' dir='ltr'><strong>Lips.</strong></span> <span class='ocrx_word' id='word_1_343' title='bbox 3127 5311 3178 5393; x_wconf 86' lang='lat'><strong>⁷)</strong></span> <span class='ocrx_word' id='word_1_344' title='bbox 3222 5315 3465 5375; x_wconf 77' lang='lat' dir='ltr'><strong>Brzezie</strong></span> <span class='ocrx_word' id='word_1_345' title='bbox 3511 5306 3663 5375; x_wconf 76' lang='lat' dir='ltr'><strong>Cod.</strong></span> <span class='ocrx_word' id='word_1_346' title='bbox 3694 5309 3892 5376; x_wconf 78' lang='lat' dir='ltr'><strong>Rozr.</strong></span> 
     </span>
     <span class='ocr_line' id='line_1_36' title="bbox 822 5415 2592 5504; baseline -0.004 -17"><span class='ocrx_word' id='word_1_347' title='bbox 822 5423 875 5504; x_wconf 78' lang='lat'><strong>⁸)</strong></span> <span class='ocrx_word' id='word_1_348' title='bbox 920 5423 1381 5486; x_wconf 77' lang='lat' dir='ltr'><strong>Schramowicze</strong></span> <span class='ocrx_word' id='word_1_349' title='bbox 1428 5417 1579 5487; x_wconf 79' lang='lat' dir='ltr'><strong>cod.</strong></span> <span class='ocrx_word' id='word_1_350' title='bbox 1622 5419 1815 5485; x_wconf 61' lang='lat' dir='ltr'><strong>Rom.</strong></span> <span class='ocrx_word' id='word_1_351' title='bbox 1862 5419 1919 5503; x_wconf 76' lang='lat'><strong>⁹)</strong></span> <span class='ocrx_word' id='word_1_352' title='bbox 1962 5421 2196 5482; x_wconf 83' lang='lat' dir='ltr'><strong>Daniae</strong></span> <span class='ocrx_word' id='word_1_353' title='bbox 2236 5416 2364 5482; x_wconf 76' lang='lat' dir='ltr'><strong>Ed.</strong></span> <span class='ocrx_word' id='word_1_354' title='bbox 2409 5415 2592 5502; x_wconf 74' lang='lat' dir='ltr'><strong>Lips.</strong></span> 
     </span>
    </p>
   </div>
  </div>
 </body>
</html>
