4342 6384
866 587 1019 672 296
2048 611 2276 672 mssa
2326 611 2784 672 usnscnms.
3390 589 3526 696 (Α.
3565 591 3657 670 D.
3697 587 3940 694 1422.)

866 807 1361 897 persequentes
1396 820 1797 893 eversurae,
1836 803 2275 897 disrumpens
2305 806 2382 894 1),
2414 825 2454 877 a
2489 805 2911 878 Polonorum
2948 802 3176 878 milite
3205 804 3758 896 persecutionem
3793 825 3937 895 per·

864 923 1069 1012 tulit,
1126 943 1214 996 ex
1268 945 1406 1014 qua
1467 924 1677 996 multi
1738 926 2067 998 mortales
2132 926 2325 997 fuere
2388 925 2782 1016 intercepti.
2855 923 3291 997 wladislaus
3346 924 3503 997 Rex
3565 946 3649 998 ea
3700 924 3812 999 die
3869 925 3943 998 in

863 1042 1069 1115 borra
1129 1041 1399 1115 duobus
1452 1042 1878 1115 milliaribus
1934 1064 1975 1114 a
2025 1043 2288 1116 Lubow
2349 1043 2688 1132 distante,
2742 1047 3081 1116 nocturno
3149 1047 3426 1133 exacto,
3491 1044 3604 1117 die
3661 1045 3944 1120 Saturni

868 1159 1171 1232 secunda
1208 1160 1548 1253 Augusti,
1607 1161 1815 1234 motis
1852 1161 2133 1251 castris,
2190 1161 2416 1236 medio
2455 1162 2746 1235 milliari
2782 1185 2824 1235 a
2857 1162 3118 1236 Lubow
3155 1163 3393 1255 posuit
3429 1163 3725 1253 stativa,
3776 1186 3946 1258 quae

870 1278 1141 1352 duobus
1196 1278 1445 1352 diebus
1497 1278 1685 1369 illic,
1740 1283 1823 1351 ut
1875 1279 2157 1352 interim
2213 1279 2424 1354 sciret
2451 1279 2539 1370 ²),
2597 1280 2658 1353 si
2712 1280 2786 1352 in
2840 1279 3145 1373 aliquem
3197 1282 3428 1355 locum
3489 1284 3947 1359 crucifericus

868 1398 1221 1471 exercitus
1274 1398 1711 1487 divertisset,
1768 1397 2010 1472 habita
2063 1403 2252 1472 sunt.
2308 1400 2670 1491 Comperto
2727 1404 2959 1473 autem
3005 1400 3510 1475 cruciferorum
3565 1405 3949 1478 exercitum

866 1515 943 1588 in
998 1517 1151 1589 loca
1214 1517 1410 1590 varia
1472 1517 1865 1610 diffugisse,
1932 1518 2046 1592 die
2106 1519 2349 1592 Lunae
2413 1523 2661 1610 quarta
2713 1521 3055 1613 Augusti,
3121 1525 3353 1594 castra
3381 1519 3444 1612 ³)
3499 1524 3586 1595 ad
3641 1531 3949 1598 castrum

870 1639 941 1708 et
994 1635 1325 1728 oppidum
1378 1636 1639 1710 Lubow
1693 1637 2034 1729 applicat,
2100 1643 2169 1712 et
2225 1639 2596 1731 quatriduo
2659 1639 2735 1710 in
2788 1639 3071 1712 illorum
3127 1642 3639 1734 conquisitione
3702 1643 3947 1716 immo-

868 1759 1089 1842 ratus,
1145 1775 1302 1828 cum
1338 1755 1614 1828 demum
1650 1756 2121 1848 cognovisset,
2179 1761 2554 1850 utrumque
2589 1757 2879 1831 ditionis
2915 1757 3308 1833 culmensis
3347 1761 3657 1854 episcopi
3691 1762 3841 1836 fore
3858 1763 3948 1853 ⁴),

755 1925 773 1936 α
870 1873 957 1946 ab
1012 1873 1165 1946 eius
1218 1873 1733 1967 conquisitione
1786 1876 2045 1948 cessari
2098 1876 2482 1950 mandavit.

874 2233 1262 2305 vladislaus
1305 2233 1445 2306 Rex
1498 2251 1615 2324 por
1656 2235 1893 2306 nuncu
1949 2235 2304 2308 Drwaueza
2363 2237 2719 2309 exercitum
2779 2237 3099 2310 traducit:
3157 2238 3267 2309 ubi
3323 2239 3611 2329 plerique
3666 2241 3955 2314 hostium

1080 2353 1257 2443 capti
1301 2355 1418 2425 aut
1462 2355 1639 2426 63631
1683 2357 1861 2440 sunt,
1908 2357 1979 2425 et
2023 2355 2389 2426 Zabi-zeno
2449 2373 2591 2427 cum
2633 2355 2994 2428 cathedrali
3039 2357 3315 2430 66616313
3357 2357 3746 2433 incenditur.

1082 2589 1211 2662 Die
1263 2590 1555 2664 Veneris
1612 2595 1857 2664 octava
1910 2590 2245 2683 Augusti,
2300 2591 2738 2665 wladislaus
2791 2591 3126 2667 Poloniae
3179 2595 3368 2686 Rex,
3424 2597 3634 2670 motis
3687 2599 3776 2672 ab
3832 2601 3952 2674 ob·

876 2707 1144 2782 sidione
1198 2708 1436 2801 oppidi
1488 2709 1749 2783 Lubow
1813 2710 2095 2800 castris,
2163 2710 2360 2784 venit
2422 2709 2510 2782 ad
2561 2712 2819 2784 flumen
2872 2713 3269 2788 Drwancza.
3344 2715 3437 2788 Et
3489 2716 3660 2789 licet
3709 2717 3955 2792 hostes

871 2827 1270 2901 bombardis
1326 2831 1395 2901 et
1449 2829 1762 2921 sagittis,
1830 2829 2261 2921 caeterisque
2321 2830 2863 2923 propugnaculis
2925 2832 3292 2922 prohibere
3356 2835 3697 2909 exercitui
3759 2837 3955 2930 regio

876 2947 1253 3019 transitum
1288 2946 1597 3019 fluminis
1632 2947 2057 3020 niterentur:
2110 2969 2234 3040 per
2259 2953 2505 3042 gentes
2541 2954 2773 3023 tamen
2807 2948 3036 3044 regias
3074 2951 3202 3024 sub
3238 2952 3568 3025 banderio
3605 2953 3956 3044 Goncza,

878 3066 1061 3157 quod
1115 3064 1437 3157 inprimis
1498 3065 1585 3140 ad
1648 3067 1903 3140 flumen
1964 3069 2314 3158 pervenit,
2379 3069 2872 3158 consistentes,
2946 3070 3246 3162 repressi
3310 3074 3380 3144 et
3441 3071 3648 3161 victi,
3713 3073 3958 3148 cedere

878 3184 1101 3258 coacti
1155 3188 1353 3274 sunt,
1394 3188 1464 3258 et
1498 3186 1737 3277 plures
1791 3207 1878 3259 ex
1917 3187 2067 3258 illis
2104 3187 2294 3279 capti
2345 3192 2468 3260 aut
2504 3188 2737 3261 occisi.
2794 3188 3170 3262 Obstaculo
3201 3188 3262 3279 ⁵)
3317 3195 3686 3278 summoto,
3725 3193 3958 3266 omnis

876 3304 1112 3397 regius
1166 3304 1516 3378 exercitus
1568 3305 1824 3379 flumen
1876 3307 2280 3394 Drwancza,
2335 3307 2517 3381 inter
2570 3312 2875 3380 castrum
2905 3307 3249 3380 Brathian
3303 3312 3373 3382 et
3405 3314 3686 3401 pontem
3741 3310 3956 3385 disie-

879 3428 1100 3512 ctum,
1156 3422 1549 3496 Wladislao
1602 3425 1793 3517 Rege
1856 3424 1931 3497 in
1985 3445 2067 3497 ea
2118 3429 2320 3516 parte
2371 3425 2714 3515 fluminis,
2781 3446 2866 3500 ex
2922 3447 3058 3519 qua
3111 3431 3430 3516 venerat,
3485 3428 3774 3500 missam
3827 3451 3954 3502 au-

877 3542 1134 3631 diente,
1190 3541 1477 3615 transiit
1530 3547 1601 3616 et
1636 3543 1711 3616 in
1746 3550 1947 3636 parte
1998 3546 2220 3617 altera
2269 3545 2579 3618 fluminis
2634 3544 2720 3617 ad
2758 3545 3060 3618 milliare
3094 3567 3313 3619 unum
3365 3551 3595 3620 castra
3647 3552 3958 3622 metatus

880 3665 1010 3734 est.
1084 3662 1223 3735 Illo
1278 3661 1577 3754 denique
1630 3663 1743 3736 die
1794 3664 2033 3754 plures
2088 3663 2175 3737 de
2227 3663 2443 3756 Regis
2498 3663 2842 3752 exercitu,
2907 3664 3188 3757 propria
3251 3669 3497 3757 sponte
3551 3677 3623 3740 et
3675 3667 3960 3740 iniussu

877 3780 1096 3874 Regis
1150 3781 1238 3852 ad
1292 3781 1518 3873 spolia
1580 3782 2049 3886 conquirenda
2109 3781 2440 3876 dispersi,
2506 3783 2594 3855 ad
2645 3782 3002 3857 civitatem
3057 3783 3448 3858 Zabrzezno
3474 3785 3540 3874 θ)
3595 3785 3772 3859 alias
3825 3786 3955 3860 Ri-

879 3899 1270 3992 szemborg,
1345 3900 1417 3972 in
1482 3921 1621 3991 qua
1690 3901 2110 3975 cathedralis
2185 3901 2479 3976 ecclesia
2549 3902 2978 3976 Chelmensis
3009 3901 3071 3990 ⁷)
3143 3903 3284 3976 sita
3353 3909 3491 3992 est,
3565 3925 3608 3976 a
3668 3905 3958 3978 flumine

880 4018 1256 4091 Drwancza
1304 4039 1553 4093 novem
1608 4019 2031 4093 milliaribus
2084 4021 2494 4110 distantem,
2551 4022 2991 4115 perveniunt,
3051 4027 3119 4096 et
3157 4021 3422 4115 impetu
3475 4024 3656 4096 facto
3711 4028 3958 4097 contra

882 4158 1066 4225 eam,
1120 4137 1289 4210 licet
1324 4159 1521 4211 muro
1574 4142 1646 4212 et
1682 4139 1826 4212 situ
1880 4141 2082 4213 fortis
2120 4142 2328 4230 foret,
2383 4141 2580 4214 illam
2617 4141 3238 4233 comprehendunt,
3296 4141 3756 4234 omnibusque
3802 4143 3957 4216 eius

883 4254 1463 4330 desiderabilibus
1516 4257 1758 4350 potiti,
1799 4258 1959 4350 igne
1997 4259 2455 4333 succendunt:
2512 4281 2554 4332 a
2591 4282 2725 4351 quo
2763 4266 2834 4332 et
2870 4259 3290 4334 cathedralis
3328 4261 3621 4334 ecclesia
3673 4282 3950 4336 concre-

882 4377 1071 4446 mata
1124 4379 1194 4446 et
1228 4374 1618 4450 testudines
1672 4376 1824 4449 eius
1861 4376 2246 4480 disruptae.
2271 4378 2604 4451 ,Biduum
2633 4377 2698 4467 8)
2752 4378 2826 4451 111
2863 4379 3146 4452 stativis
3181 4379 3334 4453 illic
3385 4380 3834 4472 absumptum
3863 4380 3953 4470 ⁹).

1099 4681 1149 4756 ι)
1197 4680 1508 4758 disrumpit
1554 4677 1707 4744 0001.
1744 4677 1936 4744 Rozr.
1999 4681 2050 4762 Ω)
2098 4683 2250 4744 scire
2293 4683 2536 4760 cupiens
2584 4677 2734 4745 cod.
2779 4680 2971 4746 Rozr.
3019 4679 3070 4760 ³)
3115 4684 3290 4744 motis
3333 4684 3544 4744 castris
3585 4683 3781 4744 medio
3826 4685 3962 4744 mil-

880 4781 1035 4863 liari,
1080 4801 1153 4844 ea
1199 4777 1351 4846 cod.
1383 4779 1575 4846 Βοῦν.
1623 4779 1679 4867 ⁴)
1726 4802 1859 4845 6336
1892 4778 2043 4846 Cod.
2074 4780 2267 4846 Rozr.
2317 4781 2370 4862 ⁸)
2402 4785 2722 4846 Obstaculo
2753 4785 2968 4846 deinde
3014 4779 3165 4846 Cod.
3195 4780 3387 4845 Rozr.
3436 4781 3488 4862 ⁸)
3534 4785 3964 4862 Wambrzesno

883 4881 1036 4950 Cod.
1080 4882 1259 4948 Kost.
1328 4881 1380 4966 '')
1428 4885 1757 4948 Culmensis
1798 4881 1925 4948 Ed.
1970 4882 2151 4971 Lips.
2223 4884 2275 4967 ⁸)
2319 4887 2574 4948 Biduum
2631 4892 2826 4948 autem
2873 4880 3026 4950 cod.
3059 4881 3251 4948 Rozr.
3317 4883 3374 4967 ⁹)
3420 4885 3796 4962 absumptum
3845 4893 3962 4948 est.

888 4983 1040 5052 Cod.
1071 4986 1269 5052 Rozr.
