4342 6384
875 579 1024 650 342
2078 605 2306 658 mnan
2356 604 2818 658 unnncnms.
3415 577 3548 677 (Α.
3587 576 3679 649 D.
3719 572 3976 672 1426.)

1478 913 1839 984 [azimitas
1880 913 2055 983 filius
2098 913 2422 984 secundus
2467 912 2761 984 nascitur
2803 912 3154 984 wladislao
3199 911 3377 1002 Regi.

1086 1151 1555 1224 Conventione
1593 1151 2032 1228 Lancicionsi
2072 1151 2431 1244 expedita,
2473 1150 2910 1224 Wladislaus
2965 1152 3296 1224 Poloniae
3332 1152 3488 1224 Rex
3543 1149 3968 1238 cracoviam,

879 1272 967 1342 ad
1032 1270 1453 1343 visitandam
1525 1276 1915 1346 consortem
1978 1293 2177 1344 suam
2251 1272 2582 1363 Sophiam
2652 1271 3028 1363 Reginam,
3101 1273 3189 1342 ad
3253 1270 3620 1343 videndam
3699 1291 3972 1362 quoque

876 1391 1146 1482 prolem
1200 1391 1525 1480 alteram,
1592 1413 1814 1483 nuper
1866 1412 1954 1464 ex
2009 1412 2091 1463 ea
2143 1396 2413 1479 natam,
2471 1390 2787 1462 transiit:
2863 1391 3088 1462 filium
3143 1390 3329 1462 enim
3385 1389 3767 1462 secundum
3823 1390 3966 1460 Ka-

878 1509 1235 1599 zimirum,
1292 1511 1761 1584 sextadecima
1816 1511 2075 1584 mensis
2129 1509 2332 1599 Maii,
2391 1510 2464 1582 in
2519 1509 2707 1584 Solis
2763 1514 2951 1598 ortu,
3011 1511 3240 1582 fuerat
3284 1508 3514 1583 enixa.
3571 1509 3972 1582 cracoviam

878 1634 1114 1703 autem
1170 1630 1580 1719 advenienS,
1639 1630 1953 1704 solennia
1990 1631 2296 1703 secunda
2330 1629 2523 1702 Iunii
2576 1629 2912 1722 baptismi
2965 1630 3109 1722 egit
3163 1635 3234 1702 et
3267 1628 3672 1702 Kazimirus
3713 1627 3966 1700 infanti

879 1770 1129 1822 nomen
1183 1749 1541 1841 imposuit.
1597 1750 1949 1822 Exultans
1990 1749 2280 1841 insuper
2335 1751 2419 1821 de
2457 1755 2615 1823 ortu
2652 1749 2945 1822 alterius
2982 1749 3148 1838 filii,
3205 1748 3472 1824 curiam
3525 1749 3827 1842 regalem
3868 1749 3969 1820 in-

882 1868 1145 1958 stituit,
1186 1889 1266 1942 ac
1302 1869 1653 1943 militibus
1690 1868 1765 1940 in
1801 1871 2154 1961 palaestra
2192 1869 2622 1944 certantibus
2659 1869 2968 1962 praemia
3003 1869 3390 1961 proposuit,
3431 1889 3648 1961 eaque
3683 1869 3971 1942 athletis

880 1986 1191 2060 donavit.
1234 1987 1342 2060 Ex
1380 1987 1707 2060 cracovia
1741 2008 1866 2080 per
1901 1988 2225 2076 Ilkusch,
2268 1988 2655 2080 Szyewyor,
2697 1989 3142 2082 Kozeglowy,
3187 1989 3751 2078 Czanstochowa,
3794 1990 3968 2062 Klo-

881 2107 1179 2195 buczk0,
1245 2107 1658 2199 Krzepicze,
1726 2107 2063 2199 Wyelun‚
2128 2107 2202 2179 in
2266 2112 2490 2180 terras
2555 2107 2840 2181 Maioris
2904 2107 3242 2181 Poloniae
3303 2129 3628 2182 reversus
3693 2113 3833 2196 est,
3901 2112 3972 2182 et

882 2226 1233 2302 residuam
1298 2232 1637 2301 aestatem
1702 2227 1855 2300 illic
1926 2228 2352 2320 absumpsit,
2426 2230 2974 2321 pertranseundo
3049 2233 3119 2300 et
3181 2229 3531 2301 visitando
3603 2233 3836 2302 castra
3903 2233 3974 2302 et

883 2345 1213 2420 civitates
1266 2353 1805 2436 commetaneaS,
1871 2347 2203 2422 videlicet
2265 2349 2588 2437 Drahim,
2659 2348 3156 2440 Myedzirzecz,
3215 2347 3482 2422 Walcz.
3557 2349 3670 2422 Ex
3727 2348 3972 2421 Maiori

882 2466 1179 2538 Polonia
1230 2488 1356 2558 pro
1411 2469 1589 2540 festo
1642 2467 2065 2541 Nativitatis
2120 2469 2418 2541 Sanctae
2471 2469 2732 2541 Mariae
2770 2469 2826 2558 ¹)
2883 2467 3390 2540 Sandomiriam
3437 2468 3665 2557 venit3
3721 2467 3972 2544 exinde

880 2585 957 2658 in
1010 2591 1265 2660 terram
1319 2588 1853 2677 Lublinensem‚
1908 2593 2069 2679 post
2122 2588 2198 2660 in
2251 2594 2473 2662 terras
2527 2587 2828 2661 Russiae
2865 2588 3181 2662 divertit.
3239 2588 3506 2680 Quibus
3551 2589 3966 2684 peragratiS,

882 2706 959 2779 in
1011 2706 1083 2780 N
1083 2708 1549 2803 yepolomicze
1601 2729 1726 2800 pro
1782 2709 1961 2781 festo
2018 2708 2260 2784 Sancti
2313 2707 2602 2782 Martini
2657 2708 2962 2782 advenit.

1012 3072 1267 3144 Auxilia
1309 3072 1593 3162 quinquo
1634 3073 1902 3146 millium
1946 3076 2178 3146 contra
2219 3074 2452 3146 Tereos
2498 3091 2537 3143 a
2581 3073 2933 3147 wladislao
2977 3073 3381 3162 Sigimundo
3425 3073 3842 3144 Romanoru-

1740 3196 1811 3265 οι
1854 3194 2214 3284 utlagariae
2259 3194 2417 3285 Regi
2461 3195 2708 3266 frustra
2748 3194 3118 3266 mittuntur.

1092 3429 1505 3504 Solicitatus
1568 3435 1801 3505 autem
1866 3431 2302 3504 Wladislaus
2365 3432 2698 3505 Poloniae
2761 3432 2916 3505 Rex
2991 3430 3425 3524 Sigismuudi
3496 3432 3967 3504 Romanorum

886 3556 958 3624 et
1011 3551 1419 3643 Hungariae
1471 3551 1691 3646 Regis
1746 3551 2131 3644 multiplici
2185 3552 2524 3624 instantia
2579 3558 2790 3644 atque
2843 3573 3075 3644 prece,
3141 3551 3227 3624 de
3281 3551 3560 3623 ferendo
3614 3550 3726 3622 illi
3789 3551 3965 3622 sola-

887 3671 988 3744 tio
1018 3670 1085 3761 2)
1140 3675 1381 3744 contra
1418 3673 1711 3759 Turcos,
1770 3671 2079 3764 quinque
2132 3672 2362 3744 millia
2395 3671 2711 3765 gentium
2749 3675 3170 3744 armatarum
3207 3671 3486 3743 mittere
3519 3669 3966 3761 repromittit.

888 3789 1085 3882 Quod
1138 3794 1219 3863 ut
1272 3790 1551 3864 facilius
1608 3792 1955 3883 expleret,
2026 3792 2348 3865 omnibus
2413 3799 2752 3865 terrarum
2807 3790 3286 3864 tantummodo
3343 3789 3644 3863 Russiae
3695 3789 3964 3862 baroni-

886 3911 1019 3984 bus
1074 3914 1146 3983 et
1198 3909 1550 3985 militibus
1611 3911 1685 3983 in
1741 3911 2257 4003 expeditionem
2321 3911 2720 3984 huiusmodi
2782 3911 2976 3985 iubet
3039 3910 3408 4002 proficisci.
3483 3909 3802 3981 Paritum
3866 3913 3971 3981 est

888 4035 1121 4103 autem
1178 4031 1317 4103 fere
1370 4051 1493 4122 per
1545 4031 1911 4104 universos
1966 4031 2268 4105 Russiae
2321 4031 2622 4120 militm,
2679 4030 2920 4123 paucis
2959 4030 3303 4123 exceptis,
3360 4029 3796 4102 iussionibus
3836 4029 3966 4100 Re-

887 4149 1032 4242 gis,
1091 4154 1163 4223 et
1214 4149 1287 4223 iu
1325 4150 1600 4223 decenti
1654 4171 1733 4223 ac
1769 4151 2238 4242 pulcherrimo
2293 4155 2664 4242 apparatu,
2723 4150 2852 4222 sub
2905 4150 3121 4222 ductu
3166 4149 3478 4222 Ianussii
3533 4148 3968 4238 Kobilensky

888 4269 1173 4356 militie,
1240 4268 1587 4361 capitanei
1653 4269 2098 4359 Sanocensis,
2165 4270 2250 4343 de
2313 4271 2514 4342 domo
2583 4268 3150 4344 Grzimalitarum
3224 4269 3472 4359 (illum
3535 4268 3718 4341 enim
3775 4269 3968 4341 Wla-

889 4388 1159 4462 dislaus
1214 4390 1371 4463 Rex
1425 4389 1775 4462 universis
1812 4390 2055 4463 ducem
2109 4392 2590 4482 praefecerat),
2647 4389 2998 4462 exercitus
3036 4389 3402 4478 notabilis,
3453 4389 3760 4481 quinque
3815 4388 3970 4460 mil·

890 4509 1067 4582 lium
1123 4514 1543 4581 armatorum
1606 4531 1970 4582 numerum
2048 4510 2422 4597 excedens,
2487 4510 2572 4582 de
2635 4508 2842 4582 terris
2904 4509 3204 4582 Russiae
3276 4511 3351 4581 in
3415 4508 3806 4582 subsidium
3863 4508 3970 4582 Si·-

890 4629 1263 4722 gismuudo
1335 4628 1517 4721 Regi
1589 4634 1829 4702 contra
1890 4631 2149 4703 Turcos
2217 4650 2570 4723 egressus,
2635 4650 2856 4722 usque
2921 4629 3008 4702 ad
3073 4629 3378 4702 Danubii
3441 4631 3734 4713 fluenta,
3792 4627 3974 4702 circa

894 4750 1219 4842 Braylow
1250 4746 1335 4838 ³),
1393 4747 1468 4820 in
1523 4751 1711 4821 terra
1764 4749 2216 4822 Besserabiae
2245 4751 2332 4839 ⁴),
2388 4770 2512 4841 pro
2566 4749 2678 4823 die
2733 4748 2973 4823 Sancti
3027 4749 3362 4822 Iohannis
3415 4749 3813 4841 Baptistae,
3853 4747 3976 4840 qui

888 4867 1074 4942 inter
1134 4869 1365 4962 Reges
1429 4873 1874 4958 convenerat,
1943 4869 2286 4961 pervenit.
2369 4870 2504 4942 Pro
2571 4869 2805 4942 eadem
2871 4868 3218 4960 siquidem
3292 4869 3403 4942 die
3479 4868 3970 4961 Sigismundus

888 4990 1360 5063 Romanorum
1414 4991 1485 5063 et
1520 4988 1923 5082 Hungariae
1957 4991 2114 5064 Rex
2170 5011 2327 5062 cum
2365 4989 2684 5062 omnibus
2739 4988 2889 5062 suis
2942 4989 3278 5081 potentiis
3333 5011 3407 5062 se
3444 4989 3532 5060 ad
3567 4989 3886 5080 Braylow
3906 4986 3971 5078 5)

892 5108 1343 5182 asseverabat
1404 5110 1808 5182 venturum:
1884 5114 2308 5203 quapropter
2369 5114 2440 5182 et
2503 5108 2939 5183 Wladislaus
3003 5108 3337 5182 Poloniae
3407 5110 3563 5182 Rex
3640 5106 3972 5181 virtutem

1107 5381 1153 5464 ¹)
1202 5385 1263 5446 S.
1308 5384 1539 5444 Mariae
1580 5383 1847 5462 Virginis
1895 5377 2047 5446 cod.
2092 5381 2286 5445 Rozr.
2335 5377 2391 5462 ⁹)
2435 5381 2654 5443 auxilio
2703 5375 2856 5444 Cod.
2886 5378 3078 5444 Rozr.
3141 5379 3196 5461 8)
3241 5380 3539 5459 Bragilow
3587 5373 3739 5444 Cod.
3783 5377 3974 5444 Rozr.

896 5482 949 5566 ⁴)
994 5487 1385 5548 Bessan-abiae
1432 5480 1585 5550 Cod.
1616 5483 1808 5550 Rozr.
1857 5483 1909 5566 ⁵)
1956 5487 2254 5564 Bragilow
2301 5479 2452 5548 Cod.
2482 5481 2674 5547 Rozr.
