4342 6384
909 500 1056 575 634
2058 522 2285 575 121ssssss
2336 520 2847 575 Duonscmus
3444 495 3582 595 (Α.
3622 494 3713 568 D.
3752 493 3984 595 1440.)

908 710 1301 797 dicebatur)
1375 729 1500 800 per
1561 711 1833 800 portam
1859 763 1875 795 ,
1955 728 2132 799 quae
2205 706 2399 779 ducit
2470 707 2558 777 ad
2632 706 3021 798 Eczelburg
3057 706 3144 795 ¹),
3219 704 3691 796 pulcherrimo
3764 704 3983 776 ordine

909 852 1064 902 cum
1119 828 1472 902 Praelatis
1529 831 1598 901 et
1649 827 2030 899 baronibus
2086 828 2457 919 utriusque
2512 826 2765 919 Regni.
2825 825 3077 898 Omnes
3124 831 3359 897 autem
3413 825 3749 897 ecclesiae
3802 846 3980 916 paro-

815 934 817 937 4
907 950 1172 1023 chiales
1239 953 1309 1022 et
1365 950 1861 1022 conventuales
1936 969 2094 1019 cum
2163 948 2381 1020 sacris
2444 948 2767 1039 reliquiis
2844 952 2913 1019 et
2975 946 3538 1037 processionibus
3614 952 3687 1017 et
3748 946 3981 1035 populo

907 1071 1224 1143 civitatis
1281 1069 1630 1142 Budensis
1686 1068 2056 1160 utriusque
2097 1089 2310 1141 sexus
2368 1090 2563 1140 suam
2622 1069 3058 1140 Maiestatem
3098 1066 3491 1157 excipiunt,
3544 1065 3984 1137 honorificant

907 1196 976 1263 et
1031 1191 1362 1263 invitant.
1421 1190 1576 1262 Rex
1632 1194 1865 1261 autem
1921 1189 2347 1261 descendens
2405 1189 2487 1261 de
2546 1210 2755 1280 equo,
2814 1187 3121 1259 adoratis
3167 1187 3537 1259 humiliter
3594 1186 3982 1258 Sanctorum

909 1312 1222 1401 ossibus,
1264 1315 1333 1383 et
1369 1311 1626 1401 populo
1667 1310 1954 1382 dextera
1990 1309 2184 1395 data,
2227 1329 2403 1399 equo
2440 1313 2831 1399 resumpto,
2890 1329 3046 1379 cum
3085 1307 3309 1379 nobili
3346 1311 3415 1379 et
3452 1306 3723 1397 inclyta
3758 1326 3983 1396 pompa

908 1433 1179 1503 Budam
1233 1431 1649 1523 ingreditur.
1710 1429 1855 1519 Quo
1909 1432 2186 1520 portam
2242 1427 2556 1500 civitatis
2595 1428 3061 1521 ingrediente,
3121 1427 3383 1499 milites
3439 1432 3510 1499 et
3564 1427 3833 1499 nobiles
3866 1427 3983 1497 Po·

909 1552 1138 1625 Ioniae
1194 1556 1263 1623 et
1298 1550 1736 1643 Hungariae,
1797 1571 1970 1640 quos
2005 1570 2131 1640 pro
2171 1549 2750 1640 apprehendenda
2803 1548 3244 1639 possessione
3299 1548 3617 1619 civitatis
3658 1545 3983 1618 Budensis

908 1672 1430 1759 transmiserat,
1499 1671 1712 1743 armis
1777 1670 2009 1742 induti
2084 1676 2151 1742 et
2220 1670 2293 1741 in
2348 1674 2489 1742 tres
2555 1675 2822 1741 turmas
2879 1669 3125 1756 divisi,
3192 1670 3554 1761 pedestres
3612 1672 3981 1741 occurrunt.

907 1794 994 1865 In
1049 1814 1190 1864 una
1245 1796 1443 1865 erant
1497 1790 1761 1863 milites
1811 1796 1880 1862 et
1916 1790 2187 1862 nobiles
2252 1790 2829 1881 praestantioreS,
2900 1790 2972 1861 111
3037 1791 3259 1861 altera
3324 1811 3561 1862 eorum
3628 1789 3983 1862 familiares

908 1914 1173 2005 galeati
1245 1934 1403 1984 cum
1465 1911 1747 1983 balistis
1779 1909 1874 1999 2),
1952 1910 2024 1983 in
2089 1910 2301 1982 tertia
2363 1911 2563 2001 pueri
2629 1910 2839 1983 etiam
2902 1910 3163 2003 galea-ti
3246 1915 3606 2001 portantes
3675 1914 3873 1980 scuta
3927 1911 3985 1977 et·

911 2036 1212 2106 lanceas,
1273 2032 1371 2103 Hi
1428 2052 1664 2103 omnes
1695 2031 1924 2103 -flexis
1977 2031 2275 2123 genibus
2315 2031 2787 2103 Wladislaum
2824 2032 3087 2122 Regem
3147 2030 3514 2121 excipiunt
3569 2034 3639 2127 et
3694 2030 3983 2111 adorant,

912 2158 982 2225 et
1039 2174 1204 2225 suae
1261 2151 1638 2225 Serenitati
1692 2152 2052 2224 civitatem
2109 2152 2540 2240 Budensem‚
2609 2174 2817 2243 quam
2872 2152 3235 2243 aliquanto
3290 2151 3781 2224 custodiebant
3832 2154 3981 2220 tem·

911 2294 1078 2365 pore
1132 2272 1460 2361 fideliter,
1517 2272 1807 2343 tradunt
1871 2279 1941 2345 et
1993 2272 2388 2363 resignant,
2456 2272 2827 2363 ipsumque
2888 2272 3354 2345 Wladislaum
3422 2273 3508 2344 ab
3566 2272 3761 2343 omni
3811 2276 3983 2363 parte

913 2393 1449 2481 circumdatum,
1509 2413 1643 2483 quo
1683 2391 1962 2464 facilius
2018 2392 2203 2464 inter
2238 2391 2511 2483 pedites
2566 2394 2651 2465 ab
2690 2393 2881 2465 omni
2934 2394 3141 2465 turba
3195 2392 3416 2467 videri
3471 2398 3749 2483 posset,
3788 2410 3983 2481 usque

913 2516 986 2587 in
1043 2519 1348 2587 castrum
1403 2513 1850 2600 comitantur,
1921 2514 2391 2605 subsequente
2455 2514 2927 2585 Wladislaum
2992 2514 3256 2606 Regem
3324 2513 3626 2605 Sbigneo
3680 2512 3982 2603 episcopo

913 2634 1385 2724 cracoviensi,
1429 2634 1710 2706 Simone
1748 2634 2112 2725 Agriensi,
2171 2634 2483 2706 Iohanne
2522 2634 2889 2727 Segniensi
2921 2633 3005 2723 3),
3065 2634 3445 2725 episcopis,
3503 2634 3804 2705 Nicolao
3838 2632 3981 2702 Las-

914 2758 1164 2848 soczky
1203 2756 1459 2829 decano
1505 2753 1982 2841 Cracoviensi,
2040 2754 2353 2826 Iohanne
2410 2755 2492 2826 de
2532 2756 2883 2827 Thanczin
2936 2755 3249 2846 palatino
3306 2753 3790 2841 Cracoviensi,
3828 2754 3981 2823 Lau-

914 2876 1154 2949 rentio
1212 2877 1295 2949 de
1333 2874 1754 2947 Hedrewara
1782 2876 1845 2963 4)
1901 2874 2227 2946 Palatino
2266 2875 2705 2967 Hungariae,
2765 2875 3094 2948 Ladislao
3135 2876 3219 2947 de
3255 2876 3557 2948 Paloucz
3582 2874 3667 2963 5),
3734 2874 3983 2945 Simone

915 2998 1000 3069 de
1053 2998 1340 3088 Rozgon
1397 2998 1466 3067 et
1519 2993 1764 3066 multis
1821 2995 2167 3067 Praelatis
2226 3000 2293 3067 et
2347 2995 2722 3067 baronibus
2777 2996 3111 3068 Poloniae
3166 3000 3237 3067 et
3288 2994 3724 3087 Hungariae,
3784 2992 3984 3064 Turba

917 3115 1231 3189 civitatis
1286 3114 1544 3205 ubique
1599 3136 1723 3204 per
1773 3118 2046 3207 plateas
2112 3120 2181 3189 et
2235 3117 2473 3188 domos
2506 3116 2590 3206 ⁶),
2650 3122 2731 3188 ut
2785 3118 3063 3188 vultum
3120 3124 3189 3188 et
3244 3116 3491 3188 faciem
3549 3120 3691 3186 tam
3728 3116 3791 3203 7)
3844 3113 3981 3184 illu-

917 3235 1252 3308 strissimi
1306 3234 1658 3326 Principis
1716 3240 1783 3307 et
1837 3257 2158 3327 pompam
2216 3236 2523 3308 militum
2580 3258 2863 3308 suorum
2911 3236 3260 3322 viderent,
3318 3236 3569 3323 effusa,
3630 3243 3983 3311 matronae,

916 3356 1363 3449 virginesque
1420 3355 1793 3447 ingenuae,
1852 3357 1938 3427 ad
1994 3357 2387 3447 ingressum
2443 3357 2659 3448 Regis
2716 3378 2803 3428 ex
2844 3356 3171 3429 fenestris
3220 3356 3563 3446 tectisque
3600 3351 3983 3427 caterva-tim

915 3478 1328 3569 pendebant.
1386 3476 1616 3547 Intrat
1669 3476 1947 3549 tandem
2003 3476 2440 3548 Wladislaus
2495 3478 2650 3549 Rex
2708 3481 3014 3549 castrum
3069 3477 3426 3564 Budense,
3483 3475 3662 3548 mira
3696 3471 3981 3566 pulchri·

915 3598 1160 3669 tudine
1215 3601 1285 3668 et
1341 3617 1545 3686 opere
1599 3617 1724 3686 per
1780 3595 2307 3687 Sigismundum
2364 3596 2533 3668 olim
2590 3598 3089 3688 Imperatorem
3156 3597 3626 3669 Romanorum
3685 3602 3759 3667 et
3812 3595 3981 3665 Hun-

913 3718 1148 3810 gariae
1204 3718 1462 3809 Regem
1520 3721 1998 3788 constructum
2054 3717 2442 3807 lapidibus,
2502 3721 2570 3789 et
2626 3738 2699 3789 se
2754 3718 2827 3789 in
2882 3738 2960 3789 eo
3018 3738 3174 3790 cum
3221 3716 3569 3789 militibus
3608 3716 3763 3787 81118
3800 3714 3985 3786 collo-

917 3844 1029 3909 cat
1086 3844 1155 3911 et
1193 3836 1622 3909 mansionem
1662 3858 1860 3907 suam
1898 3836 1972 3907 in
2011 3857 2089 3907 eo
2129 3836 2436 3924 ordinat,
2478 3838 2764 3929 agitque
2800 3838 2955 3910 illic
2994 3836 3315 3929 Corporis
3354 3836 3621 3908 Christi
3658 3837 3986 3907 solennem

917 3958 1133 4045 diem,
1193 3964 1263 4029 et
1319 3957 1390 4028 in
1448 3958 1706 4029 Beatae
1771 3953 2030 4028 Mariae
2093 3957 2481 4047 parochiali
2545 3958 2840 4029 ecclesia
2904 3958 3101 4029 audit
3163 3958 3436 4044 divina,
3504 3961 3575 4027 et
3628 3953 3984 4047 processio-

917 4099 1071 4149 nem
1133 4076 1480 4167 sequitur‚
1541 4082 1610 4149 et
1663 4098 1788 4166 per
1843 4098 2079 4148 61111168
2135 4078 2435 4149 Octavas
2492 4078 2655 4150 festi
2700 4084 2823 4149 aut
2873 4078 2947 4149 111
2984 4082 3213 4150 castro
3252 4078 3484 4149 autin
3524 4076 3815 4149 civitate
3850 4094 3983 4165 pro—

921 4196 1354 4269 cessionibus
1412 4202 1480 4269 et
1535 4196 1796 4268 divinis
1855 4196 2152 4269 interest
2206 4197 2563 4287 mysteriis
2594 4196 2680 4287 8).

1135 4505 1181 4584 ¹)
1231 4506 1646 4581 Hoczelburgk
1695 4502 1848 4568 Cocl.
1903 4502 2077 4568 Kost.
2145 4506 2466 4565 Eczelbrus
2515 4500 2666 4567 Cocl.
2713 4503 2935 4567 Przez.
3005 4506 3274 4582 Hel'borg
3320 4501 3476 4565 Cod.
3523 4502 3656 4566 Lis.
3732 4503 3785 4573 ἰ
3830 4499 3989 4562 hastis

919 4604 1046 4668 Ed.
1093 4605 1274 4689 Lz'ps.
1324 4608 1380 4687 ³)
1425 4610 1734 4684 Seginensi
1787 4605 1939 4670 Cod.
1971 4606 2148 4669 Kost.
2198 4606 2250 4683 4)
2299 4610 2372 4668 de
2419 4610 2741 4668 Odrowora
2789 4605 2941 4670 Cod.
2974 4607 3192 4670 Przez.
3242 4608 3294 4687 ⁵)
3344 4610 3597 4668 Palencz
3656 4605 3809 4668 C'ocl.
3840 4602 3988 4665 Kost.

921 4712 1150 4770 Polonk
1199 4707 1352 4772 Cod.
1385 4710 1521 4773 Lis.
1571 4709 1623 4787 6)
1673 4717 1731 4771 et
1777 4712 2064 4771 fenestras
2113 4706 2265 4771 Cod.
2300 4710 2473 4773 Kost.
2526 4712 2575 4791 ⁷)
2624 4713 2832 4771 faciem
2878 4714 3061 4787 Regis
3106 4733 3177 4772 ac
3220 4718 3340 4771 tam
3396 4709 3549 4772 God.
3596 4708 3775 4773 Kost.
3825 4708 3877 4791 8)
3905 4706 3987 4765 11Ιί-

919 4813 1199 4873 nister-iis.
1245 4812 1368 4875 Ed.
1416 4812 1597 4895 [Αἶρε.
