4342 6384
855 564 1007 636 270
2043 586 2271 640 mmm
2322 586 2779 640 unnncnme.
3412 562 3547 663 (Α.
3588 562 3681 637 D.
3721 561 3945 661 1421.)

851 768 1095 843 ticulis
1149 770 1238 842 ab
1291 768 1587 843 ecclesia
1639 768 1988 843 catholica
2037 769 2421 860 damnatiS,
2478 790 2917 863 nequaquam
2954 775 3471 862 suscepturum.
3530 768 3947 842 Licentiatis

851 889 1099 964 deinde
1153 890 1618 963 Bohemorum
1672 889 1978 978 nuntiis,
2035 911 2159 981 per
2212 890 2462 963 solitas
2518 890 2857 965 stationes
2912 890 2987 965 in
3041 889 3498 963 Lithuaniam
3547 889 3951 981 procedens,

851 1014 1074 1083 totam
1127 1008 1284 1083 illic
1337 1010 1636 1083 hiemem
1691 1009 2022 1083 absumit.
3888 1008 3899 1017 '

849 1361 1176 1436 lohannes
1204 1363 1546 1453 episeopus
1575 1363 2010 1436 Lubuezeneie
2033 1364 2118 1437 ed
2140 1363 2651 1453 strigoniensem
2680 1363 3295 1453 archiepiscopalem
3318 1364 3540 1436 reden
3566 1364 3953 1436 tra-unu.

1059 1610 1324 1701 Quarto
1361 1610 1700 1683 Calendas
1739 1610 2046 1703 Aprilis,
2105 1611 2455 1685 Martinus
2500 1612 2695 1703 Papa
2732 1610 3024 1703 quintus
3070 1609 3475 1684 Florentiae
3528 1630 3779 1701 agens,
3837 1609 3947 1682 Io-

858 1731 1089 1805 hanne
1143 1728 1470 1822 episcopo
1523 1730 2000 1818 Lubuczensi,
2057 1731 2182 1824 qui
2238 1731 2311 1803 in
2366 1731 2781 1823 pontificatu
2836 1730 2963 1803 illo
3021 1785 3289 1805 ......
3332 1730 3386 1820 ¹)
3438 1750 3659 1803 annos
3698 1750 3946 1822 exege-

851 1853 994 1937 rat,
1071 1849 1161 1921 ad
1215 1847 1768 1941 strigoniensem
1839 1850 2505 1943 archiepiscopalem
2578 1850 2811 1924 sedem
2881 1849 2959 1922 in
3028 1848 3427 1943 Hungaria,
3504 1848 3951 1942 Sigismundo

852 1969 1327 2042 Romanorum
1379 1973 1452 2042 et
1503 1970 1910 2063 Hungariae
1963 1972 2155 2065 Rege
2210 1972 2556 2061 instante,
2616 1970 2990 2059 translato,
3029 1970 3333 2043 Iohanni
3370 1968 3695 2061 episcopo
3734 1971 3950 2041 Bran-

851 2087 1306 2180 deburgensi,
1369 2092 1650 2181 petente
1713 2089 2070 2165 Friderioo
2135 2091 2537 2165 Marchione
2592 2090 3237 2183 Brandeburgensi,
3293 2088 3619 2183 providet
3674 2091 3763 2162 de
3814 2089 3950 2160 Lu-

851 2206 1206 2283 buczensi.

1753 2564 2182 2676 ANNUS
2254 2562 2715 2675 DOMINI
2786 2560 3045 2674 1421.

915 2806 1004 2877 Be
1049 2805 1558 2896 desponsatione
1601 2805 1907 2895 liedvigie
1949 2803 2128 2877 illine
2169 2804 2507 2875 wladislai
2549 2803 2746 2894 Regis
2789 2803 3091 2876 roloniae
3134 2822 3279 2877 cu
3320 2804 3459 2877 filio
3500 2804 3887 2878 lei-chionis

1967 2923 2563 3015 madeburgensis
2607 2925 2845 3014 egitur.

1060 3172 1344 3245 Natalis
1398 3172 1680 3245 Domini
1737 3174 1982 3247 diebus
2041 3172 2481 3245 Wladislaus
2533 3170 2869 3244 Poloniae
2914 3172 3068 3244 Rex
3106 3170 3293 3262 apud
3330 3172 3607 3263 Trokky
3646 3171 3952 3245 celebra-

855 3290 987 3381 tis,
1049 3292 1542 3365 venationibus
1598 3292 1832 3365 solitis
1887 3292 1960 3365 in
2014 3292 2401 3364 Lithuania
2454 3292 2977 3364 immorabatur.
3044 3278 3191 3365 Sub
3247 3311 3384 3382 quo
3440 3291 3725 3383 quidem
3782 3294 3955 3363 tem-

853 3432 1020 3503 pore
1073 3415 1362 3503 coeptus
1417 3416 1524 3484 est
1576 3411 1694 3504 agi
1747 3416 2094 3485 tractatus
2148 3412 2235 3485 de
2288 3410 2669 3483 Wladislai
2722 3410 3061 3482 Poloniae
3112 3410 3329 3501 Regis
3382 3410 3573 3484 filiae
3610 3410 3957 3503 Hedvigis

853 3531 1418 3623 desponsatione.
1493 3532 1964 3625 Sandivogius
2037 3532 2389 3623 siquidem
2453 3531 2537 3603 de
2591 3530 2927 3623 Ostrorog
2994 3530 3354 3623 palatinus
3426 3530 3956 3619 PosnaniensiS,

852 3651 1238 3725 Iohannem
1289 3652 1795 3743 Ozarukowsky
1833 3657 1904 3725 et
1938 3653 2324 3726 Iohannem
2380 3651 2653 3723 Suczka
2689 3651 2775 3723 de
2810 3651 3217 3741 Woyszewo
3255 3653 3325 3722 et
3361 3651 3741 3722 nonnullos
3780 3651 3961 3731 alios

853 3772 1104 3844 fratres
1159 3776 1230 3845 et
1283 3771 1836 3864 consanguineos
1891 3793 2090 3860 suos,
2155 3771 2581 3843 Polonorum
2637 3770 2933 3858 militeS,
3004 3792 3047 3842 a
3098 3770 3453 3842 Friderico
3513 3770 3957 3843 Brandebur-

851 3890 1052 3983 gensi
1105 3890 1506 3966 Marchioue
1559 3890 1635 3963 in
1688 3892 1910 3980 bello,
1970 3891 2156 3983 quod
2212 3891 2396 3963 inter
2450 3910 2609 3962 eum
2663 3894 2735 3962 et
2788 3888 3226 3963 stetinenses
3292 3891 3523 3963 Duces
3590 3890 3957 3983 agebatur,

854 4011 1040 4102 apud
1105 4010 1438 4103 oppidum
1503 4010 1990 4104 Tangermund
2053 4014 2328 4101 captoS,
2395 4008 2856 4097 liberaturuS,
2926 4010 3011 4081 ad
3066 4009 3460 4101 praefatum
3516 4010 3959 4083 Fridericum

851 4130 1324 4203 Marchionem
1379 4131 1851 4204 descenderat.
1909 4129 2239 4203 Initiavit
2292 4128 2535 4221 itaque
2587 4127 2988 4201 Fridoricus
3046 4128 3197 4220 ipse
3251 4127 3523 4218 primus
3571 4130 3761 4201 hunc
3812 4134 3955 4201 tra-

851 4252 1151 4337 ctatum,
1209 4254 1280 4324 et
1331 4250 1565 4324 verbis
1618 4249 2113 4341 prudentibus,
2188 4247 2411 4320 multa
2464 4246 2780 4320 subsidia
2832 4251 3075 4319 contra
3130 4248 3447 4339 singulos
3502 4250 3743 4320 hostes
3818 4250 3957 4321 Re-

849 4367 974 4461 gni
1028 4368 1396 4459 Poloniae,
1453 4373 1524 4443 et
1579 4368 1940 4461 signanter
1993 4371 2237 4441 contra
2290 4366 2676 4441 cruciferos
2730 4367 2816 4439 de
2869 4366 3193 4455 Prussia,
3250 4388 3409 4440 cum
3465 4368 3769 4441 notabili
3817 4374 3957 4442 ter-

851 4509 1086 4561 rarum
1159 4510 1446 4562 suarum
1509 4510 1634 4581 pro
1689 4489 1932 4581 Regno
2003 4487 2341 4562 Poloniae
2412 4492 2749 4579 perpetua
2810 4486 3313 4579 applicatione,
3391 4487 3453 4560 si
3515 4487 3961 4563 Wladislaus

852 4609 1189 4682 Poloniae
1251 4610 1409 4683 Rex
1475 4608 1694 4681 filiam
1759 4630 1956 4681 suam
2021 4606 2302 4679 unicam
2364 4606 2741 4700 Hedvigim
2806 4606 3151 4700 virginem
3206 4606 3355 4679 filio
3412 4628 3539 4680 suo
3594 4608 3959 4683 Friderico

852 4732 1025 4802 natu
1081 4728 1328 4802 maiori
1379 4729 1801 4820 desponsare
1854 4728 2293 4821 dignaretur,
2370 4726 2599 4819 coepit
2667 4726 3014 4817 polliceri.
3088 4726 3469 4818 Exquisita
3521 4727 3745 4819 igitur
3798 4750 3959 4802 cum

1068 4949 1118 5027 ¹)
1162 4946 1488 5013 Numerus
1529 4970 1850 5013 annorum
1895 4944 2305 5011 desideratur
2346 4947 2423 5011 in
2469 4943 2665 5011 codd.
2716 4943 2893 5011 Calo.
2940 4955 3000 5010 et
3042 4945 3258 5026 Kost.;
3308 4936 3463 5011 Ood.
3510 4945 3705 5012 Rozr.
3738 4958 3799 5013 et
3830 4948 3961 5014 Ed.

855 5048 1036 5133 [Αἶρε.
1081 5048 1339 5114 habent:
1384 5054 1612 5129 aliquot
1653 5070 1859 5114 annos.
1905 5049 2225 5113 Iohannes
2267 5047 2392 5112 IV.
2438 5048 2515 5112 de
2558 5048 2939 5112 Borechnitz
2958 5070 3087 5133 per
3114 5048 3547 5133 Bomjfacium
3576 5048 3699 5112 IX.
3734 5049 3845 5115 die
3876 5051 3964 5113 24

853 5148 1238 5235 Septembris
1280 5175 1342 5219 α.
1387 5154 1559 5217 1397
1600 5154 1676 5218 in
1719 5154 2086 5238 episcopum
2127 5151 2556 5216 Lubucensem
2602 5150 3014 5235 confirmatus
3062 5149 3287 5237 (prout
3331 5173 3411 5215 eae
3452 5154 3675 5215 Mansi:
3720 5156 3959 5217 Sacror.

859 5254 1170 5315 Concilior.
1215 5257 1579 5333 amplissima
1623 5259 1866 5319 collect.
1921 5254 2096 5320 Tom.
2142 5254 2445 5334 XXVII,
2481 5276 2639 5340 paq.
2670 5254 2802 5317 343
2830 5253 3163 5341 apparet),
3195 5256 3440 5319 exactis
3468 5255 3543 5319 in
3561 5256 3963 5339 pontzfieam

859 5374 974 5417 suo
1020 5359 1099 5415 22
1145 5360 1316 5418 annis
1361 5364 1422 5419 et
1465 5362 1504 5419 6
1548 5360 1878 5440 mensibus,
1925 5356 2285 5421 translatus
2329 5366 2419 5421 eet
2460 5356 2554 5421 ad
2594 5354 2823 5421 Sedem
2866 5354 3395 5443 Striqoniemem,
3446 5359 3627 5443 eique
3656 5356 3964 5444 suffectus

859 5455 1174 5521 Iohannes
1232 5457 1302 5521 V.
1352 5458 1430 5523 de
1488 5458 1777 5526 Waldow
1809 5462 2010 5547 prim
2055 5462 2391 5546 epiecopus
2432 5459 3054 5547 Brandeburqemis.
