4342 6384
299 628 434 737 (Α.
474 630 563 709 D.
606 632 859 735 1430.)
1455 657 1681 713 mnan
1732 658 2188 711 annuemus.
3236 634 3387 715 399

297 844 710 935 petitionem
767 844 1236 917 Wladislaum
1291 844 1552 937 Regem
1607 845 1681 918 in
1735 866 1884 919 eam
1939 844 2124 917 diem
2179 849 2422 917 contra
2484 866 2742 919 morem
2798 868 3003 919 suum
3060 869 3391 940 suppres-

298 962 480 1037 sisse
533 970 604 1037 61
658 966 743 1037 ab
799 964 953 1056 ipso
1007 965 1200 1037 Duce
1253 964 1652 1037 Withawdo
1690 964 2056 1038 celavisse.
2113 966 2351 1037 Talem
2398 966 2920 1057 responsionem
2958 968 3289 1040 callidam
3330 974 3401 1038 et

297 1086 566 1157 vafram
623 1084 878 1176 magis,
936 1106 1143 1176 quam
1197 1085 1472 1155 fidelem
1526 1088 1597 1156 et
1650 1105 1928 1175 puram,
2001 1085 2166 1155 Dux
2220 1083 2663 1157 Withawdus
2720 1085 2914 1158 dedit
2965 1086 3223 1179 legatis
3289 1108 3395 1159 re-

296 1202 471 1295 giis,
532 1204 619 1275 ad
674 1205 1122 1277 colorandam
1177 1204 1281 1293 id,
1341 1204 1525 1296 quod
1581 1208 1744 1277 ante
1797 1204 1936 1276 iam
1991 1204 2223 1275 animo
2278 1204 2362 1275 de
2417 1205 2859 1279 coronatione
2916 1226 3043 1278 sua
3099 1212 3170 1277 et
3222 1207 3395 1279 resi-

299 1323 566 1395 stentia
599 1322 843 1415 Regno
882 1324 1214 1395 Poloniae
1255 1323 1596 1411 facienda,
1657 1328 1936 1414 sumpta
1973 1345 2256 1411 corona,
2296 1324 2632 1416 agitabat.
2690 1325 2938 1416 Neque
2976 1326 3159 1397 enim
3197 1326 3395 1397 Wla-

299 1444 572 1515 dislaus
627 1442 958 1517 Poloniae
1017 1444 1173 1515 Rex
1230 1444 1449 1516 fuisse
1505 1444 1726 1516 scitus
1783 1448 1892 1515 661
1945 1449 2183 1517 tantae
2239 1444 2677 1517 crudelitatis
2735 1450 2805 1516 et
2840 1444 3263 1533 dementiae,
3318 1450 3401 1516 ut

297 1564 691 1636 haereticos
747 1563 1092 1635 Bohemos
1147 1569 1270 1635 aut
1323 1564 1395 1635 in
1444 1564 1868 1653 Lithuanos,
1927 1586 2101 1655 quos
2139 1585 2412 1635 summa
2466 1563 2803 1656 diligebat
2839 1565 3216 1653 charitate,
3275 1571 3401 1637 aut

300 1683 380 1753 in
434 1682 856 1771 cruciferos,
913 1704 1072 1755 cum
1128 1683 1384 1774 quibus
1437 1704 1677 1775 pacem
1732 1689 2140 1775 perpetuam
2198 1685 2641 1773 observabat,
2712 1685 3150 1775 permitteret
3202 1706 3398 1777 gras-

302 1800 480 1889 sari;
549 1804 668 1874 sed
733 1807 816 1874 ut
869 1803 1082 1894 vulgo
1137 1802 1368 1892 aiunt,
1434 1803 1872 1876 Withawdus
1927 1804 2090 1876 Dux
2128 1803 2384 1875 nodum
2424 1804 2801 1896 quaerebat
2839 1804 2909 1875 in
2948 1805 3199 1896 scirpo,
3256 1804 3397 1877 Ne-

302 1943 441 2013 que
497 1922 772 1993 animus
829 1943 1032 2011 suus,
1091 1922 1478 2013 cupiditate
1533 1943 1824 1996 coronae
1879 1923 2198 2010 illectus,
2258 1922 2627 2015 quibusvis
2685 1922 3129 1996 evidentibus
3184 1923 3397 1996 ratio-

302 2041 513 2113 nibus
579 2042 812 2114 sanari
865 2045 1168 2133 poterat,
1234 2062 1391 2114 cum
1453 2063 1566 2114 res
1629 2044 1973 2115 secundae
2043 2046 2367 2115 naturam
2432 2062 2705 2135 quoque
2778 2064 2973 2115 suam
3014 2044 3094 2131 ¹),
3152 2048 3233 2116 ut
3286 2045 3391 2130 fit,

299 2161 381 2232 in
437 2161 780 2235 deteriora
833 2165 1407 2249 commutassent,
1465 2161 2024 2253 speciosioraque
2063 2162 2285 2253 magis
2322 2182 2531 2253 quam
2569 2162 2832 2234 tutiora
2868 2162 3197 2235 dantibus
3237 2182 3397 2233 con-

304 2280 476 2353 silia
530 2281 856 2368 credidit,
913 2280 1480 2372 praecipitandus
1535 2303 1576 2353 a
1628 2282 1956 2372 pessimis
2010 2280 2530 2354 consultoribus
2570 2281 2681 2353 vel
2717 2281 2955 2372 potius
3002 2285 3397 2354 assentato-

303 2400 536 2489 ribuS,
595 2400 735 2472 nisi
789 2401 978 2473 Deus
1033 2400 1237 2471 illum
1292 2400 1376 2473 de
1431 2400 1656 2474 medio
1713 2400 2146 2473 sustulisset.

411 2753 630 2825 Poloni
674 2753 974 2842 sacrilegi
988 2808 1006 2839 ,
1051 2753 1161 2842 qui
1206 2754 1514 2843 templum
1557 2752 2112 2825 ozanstoohoviae
2156 2754 2438 2826 Sanctae
2480 2752 2717 2825 larino
2761 2752 3000 2842 virgini
3044 2770 3294 2825 sacrum

1450 2874 1843 2963 spoliarunt,
1890 2872 2266 2963 puniuntur.

519 3120 628 3191 Ex
665 3120 914 3193 Iedlna
949 3118 1389 3192 Wladislaus
1425 3120 1760 3194 Poloniae
1798 3121 1953 3195 Rex
1990 3142 2114 3213 per
2151 3120 2662 3193 Sandomiriam
2702 3124 2771 3194 et
2807 3121 2949 3193 alia
2985 3122 3139 3194 loca
3174 3126 3401 3194 trans·

306 3240 492 3311 itum
546 3260 790 3331 agens,
848 3238 1246 3311 cracoviam
1302 3240 1614 3313 devenit:
1683 3240 1806 3312 ubi
1858 3245 2325 3313 commoratus
2372 3240 2643 3332 aliquot
2697 3239 2977 3330 diebus,
3035 3241 3109 3312 in
3164 3246 3403 3333 partes

309 3358 600 3431 Maioris
653 3358 987 3431 Poloniae
1039 3378 1166 3449 per
1220 3359 1558 3431 stationes
1607 3360 1853 3432 solitas
1898 3360 2273 3451 processit,
2334 3365 2401 3433 et
2456 3362 2713 3433 festum
2766 3360 3077 3433 Paschae
3131 3360 3203 3432 in
3259 3362 3402 3433 Ka-

305 3479 496 3551 lisch
550 3478 715 3570 egit.
773 3477 1284 3551 Existimantes
1339 3484 1574 3551 autem
1630 3479 1912 3570 quida-m
1965 3479 2239 3552 nobiles
2303 3479 2531 3572 Regni
2603 3480 2969 3568 Poloniae,
3027 3479 3150 3572 qui
3184 3481 3403 3571 patri-

309 3598 549 3671 monia
603 3618 729 3669 sua
781 3597 994 3670 nimis
1057 3598 1341 3689 prodige
1406 3597 1792 3671 effuderant
1855 3604 1926 3671 et
1989 3620 2144 3673 aere
2210 3598 2439 3671 alieno
2502 3599 2951 3687 tenebantur,
3020 3600 3405 3671 claustrum

309 3717 852 3790 Czanstochowa
879 3715 942 3807 2)
998 3717 1178 3789 alias
1232 3718 1511 3790 Clarum
1566 3723 1902 3807 montem,
1961 3718 2228 3792 ordinis
2276 3718 2519 3792 Sancti
2555 3718 2766 3792 Pauli
2802 3718 3014 3809 primi
3053 3719 3403 3806 eremitae,

310 3835 588 3929 maguis
642 3836 994 3909 thesauris
1050 3841 1118 3910 61
1172 3836 1490 3929 pecuniis
1544 3839 1859 3929 locuples
1915 3860 2098 3928 esse,
2157 3860 2236 3911 eo
2294 3839 2479 3931 quod
2533 3838 2689 3911 illic
2742 3859 2830 3911 ex
2884 3838 3211 3912 universo
3266 3840 3401 3912 Re-

308 3978 451 4048 gno
507 3956 838 4029 Poloniae
891 3960 962 4028 et
1014 3956 1335 4047 partibus
1374 3958 1662 4045 vicinis,
1721 3958 1951 4031 Slesia
1987 3959 2348 4047 videlicet,
2406 3958 2752 4047 Moravia‚
2812 3958 3145 4047 Prussia,
3200 3959 3401 4031 Hun-

308 4077 540 4169 garia,
597 4076 674 4148 in
729 4076 1236 4149 festivitatibus
1293 4076 1590 4149 Sanctae
1644 4078 1904 4151 Mariae
1935 4076 2020 4166 3),
2078 4078 2279 4150 cuius
2334 4078 2410 4149 in
2464 4078 2615 4149 loco
2670 4077 2797 4150 illo
2852 4098 3011 4150 rara
3047 4081 3119 4151 et
3155 4078 3407 4151 devota

312 4197 723 4287 sculpturae
783 4195 1172 4267 habebatur
1234 4197 1497 4287 image,
1562 4196 1773 4269 fiebat
1836 4218 2248 4285 concursus,
2316 4201 2600 4289 111011161
2664 4196 3011 4287 stupenda
3064 4196 3403 4290 prodigia,

312 4333 496 4408 quae
549 4314 622 4386 111
678 4314 1034 4387 curatione
1089 4315 1579 4407 languidorum
1631 4338 1754 4407 per
1809 4315 2219 4410 suffragium
2273 4316 2611 4389 Dominae
2657 4320 2937 4389 nostrae
2977 4316 3051 4388 in
3087 4319 3241 4389 loco
3279 4316 3404 4388 illo

311 4434 847 4527 contingebant,
905 4436 1287 4526 assumptis
1344 4456 1432 4507 ex
1488 4435 1856 4522 Bohemia,
1913 4436 2227 4509 Moravia
2281 4440 2350 4509 et
2407 4435 2636 4509 Slesia
2689 4436 3116 4524 latronibus,
3173 4436 3249 4507 in
3294 4435 3425 4509 die.

313 4556 496 4627 festo
550 4554 862 4626 Paschae
917 4553 990 4625 in
1045 4554 1540 4626 monasterium
1598 4555 2032 4645 praedictum
2087 4556 2397 4629 irruunt:
2457 4559 2527 4628 et
2582 4556 2937 4628 thesauris
2989 4576 3129 4627 non
3174 4575 3405 4646 reper-

309 4674 447 4760 tis,
505 4672 810 4745 fraudati
873 4693 994 4764 spo
1057 4694 1216 4761 sua,
1284 4678 1535 4765 expost
1589 4674 1662 4746 in
1717 4695 1915 4747 sacra
1977 4695 2179 4764 vasa,
2244 4674 2501 4747 calices
2572 4674 2933 4763 videlicet,
3022 4694 3260 4747 cruces
3338 4678 3407 4745 et

313 4797 638 4880 ornatuS,
709 4813 953 4865 manus
1018 4791 1366 4865 violentas
1430 4792 1791 4881 iniiciunt,
1868 4792 2093 4883 ipsam
2157 4794 2369 4865 etiam
2434 4792 2808 4885 imaginem
2862 4791 3423 4887 gloriosissimae·

313 4910 656 4984 Dominae
709 4915 1019 5000 nostrae,
1077 4932 1246 4981 auro
1301 4914 1373 4982 et
1423 4911 1746 5002 gemmiS,
1816 4910 2072 5002 quibus
2126 4911 2493 4985 devotione
2547 4912 2863 4985 fidelium
2918 4912 3179 4985 vestita
3232 4915 3407 4999 erat,

315 5030 651 5121 spoliant.
717 5029 866 5101 Nec
929 5028 1154 5121 spolio
1220 5030 1561 5118 contenti,
1629 5031 1907 5103 vultum
1971 5029 2301 5123 imaginis
2364 5051 2488 5123 per
2540 5035 3021 5103 transversum
3084 5048 3409 5103 mucrone

314 5151 775 5241 transfigunt,
843 5169 922 5219 ac
984 5149 1330 5236 tabulam,
1400 5148 1514 5221 cui
1577 5148 1804 5241 imago
1870 5148 2309 5238 inhaerebat,
2378 5153 2740 5242 frangunt,
2808 5154 2888 5221 ut
2942 5170 3080 5221 non
3134 5148 3411 5239 Poloni,

316 5267 444 5359 sed
501 5266 827 5355 Bohemi,
885 5287 971 5339 ex
1029 5267 1352 5357 operibus
1409 5273 1551 5340 tam
1605 5268 2006 5340 crudelibus
2063 5272 2134 5341 61
2187 5268 2475 5341 nefariis
2530 5268 3029 5342 iudicarentur.
3088 5269 3243 5341 Tali
3289 5290 3407 5341 ne-

538 5519 582 5605 ι)
617 5521 744 5582 61116
777 5516 930 5584 Cod.
965 5518 1155 5585 Rozr.
1189 5520 1242 5603 ²)
1273 5522 1690 5591 Ozestochowa
1723 5518 1882 5589 God.
1907 5520 2088 5589 Kost.
2121 5521 2174 5617 ³)
2205 5523 2459 5585 Sanctae
2486 5524 2709 5587 Mariae
2738 5523 3002 5603 Virginis
3036 5518 3189 5587 cod.
3212 5520 3411 5589 Rozr.
