4342 6384
439 639 572 738 (Α.
613 637 704 713 ῠ.
745 638 976 737 1414.)
1630 663 1857 716 menn
1911 663 2369 716 unnncnms.
3375 646 3513 717 181

433 845 782 938 gregavit:
858 847 1452 940 praesidendoque
1505 848 1812 922 Concilio
1873 848 2309 936 huiusmodi,
2378 869 2499 940 pro
2554 847 2857 921 unienda
2922 847 3217 922 ecclesia
3269 847 3399 922 Dei
3455 869 3529 921 se

437 969 522 1040 de
575 971 852 1058 Papatu
907 988 1264 1041 cessurum
1327 989 1451 1061 per
1505 969 1824 1060 propriae
1887 991 2134 1041 manus
2200 969 2569 1061 apodixam
2625 968 2985 1041 astrinxit.
3063 970 3254 1061 Opus
3310 967 3527 1041 admi-

434 1088 728 1161 randum
783 1091 855 1160 et
891 1087 1158 1160 celebre
1199 1088 1274 1176 ¹),
1333 1088 1396 1160 si
1433 1087 1614 1160 illud
1653 1087 1925 1161 actione
1963 1087 2312 1161 contraria
2351 1111 2485 1161 non
2523 1088 2964 1180 inquinasset
2984 1087 3071 1178 ²).
3129 1088 3256 1162 Cui
3284 1089 3528 1180 Alpes,

439 1229 616 1300 quae
669 1208 954 1281 Italiam
1011 1212 1080 1280 et
1135 1207 1578 1282 Germaniam
1633 1206 1993 1297 dividunt,
2051 1207 2626 1301 transgredienti,
2686 1213 2755 1282 et
2806 1209 2946 1280 iam
3001 1209 3187 1300 apud
3240 1208 3527 1281 Triden-

437 1332 585 1399 tum
641 1326 1089 1414 consistenti,
1163 1327 1250 1400 ab
1315 1350 1452 1400 uno
1521 1327 1774 1416 deliro,
1847 1349 1982 1420 quo
2044 1349 2170 1419 pro
2227 1328 2503 1400 solatiis
2568 1327 2919 1415 utebatur,
2988 1329 3207 1402 facete
3262 1328 3529 1401 dictum

437 1468 590 1520 esse
643 1451 948 1520 constat:
1005 1448 1268 1521 Padre
1299 1447 1360 1537 ³)
1417 1453 1684 1535 sante,
1744 1447 1884 1540 qui
1936 1469 2181 1541 passa
2234 1453 2543 1535 trenta,
2600 1448 2845 1538 perde
2870 1449 2969 1538 ⁴);
3026 1448 3099 1520 id
3136 1452 3274 1522 est:
3320 1447 3531 1521 Pater

437 1571 707 1654 sancte,
775 1565 897 1659 qui
961 1566 1034 1638 in
1101 1567 1268 1639 ludo
1331 1569 1729 1640 chartarum
1797 1567 2072 1641 excedit
2135 1566 2593 1659 trigenarium
2648 1588 3045 1656 numerum,
3102 1567 3365 1660 perdit;
3424 1566 3527 1640 ita

437 1691 507 1758 et
559 1707 718 1774 1106,
787 1686 909 1777 (1111
963 1685 1371 1760 Tridentum
1437 1687 1636 1760 velut
1699 1687 2022 1760 ultimam
2087 1687 2343 1760 Italiae
2409 1707 2597 1759 oram
2663 1687 3238 1780 transgredimur,
3305 1689 3529 1760 fasces

436 1810 506 1876 et
559 1804 974 1897 dignitatem
1040 1808 1362 1898 papalem
1426 1829 1668 1879 sumus
1734 1807 2086 1879 amissuri.
2180 1807 2541 1880 confidens
2606 1805 2951 1898 siquidem
3016 1807 3090 1879 in
3146 1806 3525 1895 thesauris,

432 1924 760 2012 credidit,
819 1917 1139 1998 omnibus
1203 1947 1325 2017 pro
1383 1932 1546 1998 voto
1601 1925 2000 2017 dispositis,
2069 1926 2456 1999 Bononiam
2520 1927 2780 1999 reverti
2845 1931 2916 2001 et
2970 1948 3093 2018 pro
3147 1926 3353 2000 libito
3406 1927 3525 1999 do-

432 2044 709 2116 minari.
769 2045 962 2117 Adeo
1017 2050 1251 2118 autem
1307 2047 1678 2137 plerosquo
1734 2046 2096 2139 episcopos
2147 2051 2222 2126 et
2267 2046 2446 2118 alios
2502 2067 2791 2139 magnae
2829 2045 3285 2120 authoritatis
3339 2045 3528 2118 viros

433 2164 752 2255 pecuniis
809 2171 880 2238 61
931 2165 1299 2258 promissis
1355 2169 1784 2257 corruperat,
1843 2166 2026 2256 quod
2084 2164 2266 2238 nihil
2318 2170 2595 2257 poterat
2648 2171 2792 2238 tam
2832 2171 3095 2240 secreto
3150 2165 3298 2260 agi,
3358 2165 3530 2257 quin

435 2283 524 2356 ad
582 2306 776 2355 suam
833 2285 1200 2356 confestim
1255 2285 1711 2359 deduceretur
1763 2284 2111 2358 notitiam.
2169 2285 2516 2358 Exhibuit
2570 2284 2850 2359 interim
2887 2308 3071 2358 unus
3126 2306 3216 2359 ex
3253 2284 3529 2358 Italicis

437 2404 676 2495 plures
733 2402 1071 2476 articulos
1125 2409 1366 2477 contra
1417 2426 1607 2492 eum,
1665 2405 2008 2478 horrenda
2061 2410 2132 2478 et
2187 2405 2683 2478 abominabilia
2738 2406 3002 2479 scelera
3056 2405 3526 2478 continentes:

437 2523 523 2594 ad
581 2543 875 2614 quorum
929 2522 1406 2615 probationem
1471 2529 1540 2598 et
1601 2523 2150 2617 publicationem
2220 2547 2307 2598 ne
2369 2524 2883 2616 procederetur,
2949 2547 3075 2618 per
3136 2524 3531 2616 aliquorum

437 2664 524 2714 ex
581 2642 864 2714 natione
928 2641 1370 2730 Germanica,
1437 2643 1771 2716 Polonica
1836 2647 1906 2716 et
1968 2643 2363 2737 Anglicana
2436 2646 2951 2734 Praelatorum,
3010 2644 3257 2717 honori
3326 2642 3529 2716 Sedis

439 2761 898 2854 Apostolicae
960 2761 1510 2851 consulentium,
1577 2785 1780 2856 aegre
1844 2763 2206 2836 obtentum
2262 2768 2391 2837 est.
2467 2765 2662 2855 Quod
2726 2786 2882 2837 cum
2939 2765 3284 2838 Iohannes
3340 2764 3533 2854 Papa

437 2879 935 2970 intellexisset,
974 2887 1206 2954 mente
1244 2886 1754 2970 consternatae,
1794 2881 1989 2954 varia
2027 2881 2310 2976 ingenia
2346 2883 2431 2954 ad
2462 2882 2895 2956 evadendum
2924 2883 3153 2976 coepit
3184 2881 3527 2956 meditari.

439 3243 846 3334 sigimundo
902 3244 1324 3319 Romanorum
1383 3247 1454 3316 et
1512 3243 1871 3334 utlagariae
1929 3244 2102 3334 Rege
2170 3246 2342 3335 apud
2402 3245 2849 3317 Gonatantian
2909 3247 3149 3334 agente
3168 3301 3185 3331 ,
3252 3244 3533 3334 lungari

526 3380 568 3433 a
613 3363 829 3434 'turcia
873 3379 1108 3453 magne
1153 3365 1336 3436 elade
1382 3365 1771 3436 afficiuntur.
1825 3364 2094 3454 Legatio
2138 3365 2475 3437 wladislai
2517 3364 2817 3437 roloniae
2862 3365 3056 3454 aegis
3074 3420 3091 3452 ,
3135 3383 3219 3437 ne
3264 3365 3443 3436 'turci

1543 3487 1930 3574 grassantur
1969 3485 2038 3556 ἱι
2080 3486 2434 3575 ilungaros.

651 3719 1098 3812 Sigismundo
1154 3721 1620 3794 Romanorum
1679 3727 1748 3795 et
1801 3723 2207 3816 Hungariae
2261 3724 2451 3815 Rege
2516 3722 2589 3794 in
2644 3719 3164 3795 constantiensi
3220 3719 3528 3793 Concilio

439 3841 528 3912 ad
582 3839 1140 3932 reintegrandam
1195 3841 1562 3914 ecelesiam
1604 3841 1732 3914 Dei
1787 3842 2227 3930 intendente,
2285 3842 2690 3934 Hungariae
2726 3833 3019 3916 barones
3056 3840 3336 3933 proprio
3373 3845 3527 3912 tan·

439 3965 592 4032 tum
648 3962 875 4046 motu,
941 3958 1168 4044 milite
1221 3961 1622 4053 Hungarico
1687 3963 2014 4050 collecto,
2080 3963 2303 4035 nullis
2367 3961 2677 4035 externis
2742 3961 3018 4034 solatiis
3048 3961 3113 4052 5)
3175 3960 3527 4048 admissis,

440 4078 958 4170 expeditionem
1013 4078 1087 4150 in
1122 4081 1380 4153 Turcos
1437 4081 1726 4154 faciunt.
1785 4081 2052 4173 Quibus
2091 4083 2341 4156 Caesar
2376 4083 2756 4154 Turcorum
2793 4081 3066 4154 Criston
3102 4081 3526 4172 appellatus,

440 4221 598 4272 cum
655 4199 1110 4273 multitudine
1161 4201 1476 4292 gentium
1533 4221 1816 4273 suarum
1871 4223 2269 4290 06611116116,
2328 4223 2444 4274 606
2500 4201 2998 4274 miserabiliter
3050 4200 3401 4284 conflixit,
3459 4207 3531 4272 et

437 4318 986 4410 praestantiores
1040 4319 1444 4411 Hungariae
1505 4321 1830 4408 barense,
1899 4321 2231 4394 videlieet
2295 4323 2679 4395 Iohannem
2743 4321 2827 4394 de
2880 4320 3063 4394 Gara
3126 4319 3529 4392 Palatinum

440 4439 878 4531 Hungariae‚
935 4438 1318 4512 Iohannem
1382 4440 1466 4512 de
1520 4440 1832 4528 Moruth‚
1899 4441 2389 4534 Gergisianum
2457 4448 2527 4514 et
2588 4441 2826 4532 plures
2890 4441 3101 4530 alioS,
3168 4439 3529 4512 nonnullis

441 4557 969 4650 effugientibus,
1028 4558 1447 4650 captivavit:
1507 4581 1798 4651 quorum
1837 4560 2160 4634 liberatio
2216 4560 2495 4633 nonnisi
2552 4581 2799 4654 magno
2837 4582 3005 4632 auro
3058 4563 3334 4652 poterat
3367 4580 3525 4651 pro-

439 4676 696 4749 curari.
754 4677 962 4750 Turci
991 4677 1054 4766 θ)
1111 4681 1340 4750 61116111
1399 4679 1682 4752 obtenta
1735 4680 2137 4754 huiusmodi
2178 4681 2502 4768 victoria,
2560 4682 2799 4773 plures
2845 4680 3211 4753 districtus
3268 4683 3337 4754 61
3392 4684 3527 4752 ter·

437 4817 553 4869 ras
617 4797 849 4888 Regni
911 4797 1316 4890 Hungariae
1387 4799 1878 4890 pervadentes,
1952 4822 2177 4892 usque
2241 4802 2327 4872 ad
2392 4801 2609 4874 Ciliae
2674 4806 2897 4874 terras
2966 4799 3271 4893 grassati
3336 4803 3525 4888 sunt,

441 4915 805 5007 multaque
861 4917 1372 4992 catholicorum
1429 4919 1656 4992 millia
1707 4920 1782 4992 in
1821 4921 2231 4994 servitutem
2284 4921 2717 4995 barbaricam
2772 4921 3147 4993 abducunt.
3204 4919 3528 5011 Compas-

443 5056 563 5107 sus
621 5042 857 5108 autem
889 5038 1369 5120 ‚vehementer
1430 5039 1868 5112 Wladislaus
1932 5040 2267 5113 Poloniae
2327 5042 2482 5114 Rex
2546 5041 2800 5129 tantia,
2876 5061 3051 5133 quae
3116 5039 3190 5112 in
3251 5044 3528 5132 gentem

441 5155 920 5247 Hungaricam
993 5155 1434 5249 ingruerant,
1509 5159 1748 5248 1116116,
1820 5159 2049 5233 1116116
2123 5181 2398 5252 (1110(1116
2468 5161 2764 5234 Concilii
2834 5159 3389 5234 constantiensis
3462 5164 3532 5234 et

657 5426 704 5506 ¹)
754 5429 1096 5491 celebritate
1127 5430 1368 5507 dignum
1419 5425 1568 5492 C'od.
1601 5429 1791 5493 Rozr.
1843 5429 1892 5512 ²)
1920 5434 2376 5510 coinquinasset.
2427 5428 2578 5495 Cod.
2603 5430 2795 5496 Rozr.
2844 5433 2893 5514 ³)
2941 5436 3117 5496 Pater
3152 5430 3302 5497 Cod.
3336 5433 3528 5497 Rozr.

447 5527 497 5609 ⁴)
541 5533 645 5607 qui
689 5549 870 5608 passo
915 5533 1188 5612 trigenta,
1232 5533 1416 5610 perdo
1470 5529 1620 5596 cod.
1646 5531 1837 5596 Rozr.
1901 5531 1952 5614 ⁸)
2001 5537 2237 5596 auxiliis
2294 5533 2445 5598 ood.
2492 5533 2685 5598 Rozr.
2749 5533 2805 5620 ⁸)
2850 5539 3085 5600 Tui-cae
3140 5535 3289 5602 c‘od.
3336 5535 3529 5602 Rozr.
