4342 6384
860 591 959 664 10
2054 607 2281 658 LIBER
2335 605 2792 658 monemus
3022 693 3032 698 -
3429 579 3564 680 (Α.
3607 581 3696 653 D.
3737 576 3967 677 1410.)

948 910 1173 1000 Legati
1220 908 1607 999 sigismundi
1651 907 2013 995 nungariae
2058 905 2254 994 uagis
2298 905 2606 977 cracovia
2649 905 2718 975 in
2763 903 3088 975 Prusian
3148 906 3338 990 eunt,
3381 904 3558 974 inter
3600 902 3873 974 Polonos

1808 1028 1877 1096 et
1922 1025 2277 1096 cruciferos
2320 1041 2542 1114 pacem
2588 1023 3023 1113 composituri.

1072 1275 1223 1349 Nec
1275 1273 1857 1367 praetereundum
1915 1276 2056 1360 est,
2114 1271 2299 1363 quod
2357 1270 2795 1343 Wladislaus
2849 1269 3184 1343 Poloniae
3220 1271 3408 1358 Rex,
3467 1274 3840 1362 antequam
3879 1291 3968 1342 ex

859 1397 1062 1469 Nova
1118 1396 1423 1468 Sandecz
1479 1393 1975 1467 discessionem
2038 1392 2356 1480 fecisset,
2422 1392 2619 1464 misit
2680 1392 2854 1463 duos
2917 1390 3238 1480 nuntioS,
3306 1389 3638 1464 videlicet
3700 1390 3961 1462 Zawis-

866 1517 1046 1589 sium
1117 1517 1200 1588 de
1256 1515 1707 1589 Oleschnicza
1772 1513 2070 1586 militem
2135 1513 2420 1605 linguae
2483 1512 2928 1605 Hungaricae
2987 1511 3326 1602 peritum,
3395 1517 3465 1584 et
3530 1511 3967 1583 stanislaum

868 1637 1147 1709 Cziolek
1200 1635 1585 1723 notarium,
1642 1634 1729 1706 ad
1768 1632 2296 1725 Sigismundum
2332 1634 2804 1704 Romanorum
2849 1637 2920 1704 et
2955 1632 3360 1724 Hungariae
3413 1633 3711 1724 Regem,
3771 1632 3968 1704 solli-

720 1809 731 1824 .
861 1756 1089 1830 citans
1155 1777 1313 1828 eum
1369 1759 1439 1827 et
1490 1753 1885 1844 requirens:
1954 1758 2301 1844 quatenus
2351 1753 2592 1825 foedus
2639 1751 3200 1856 sufferen‘tiarum
3269 1773 3504 1824 secum
3557 1773 3967 1844 percussum

864 1882 935 1949 et
986 1879 1340 1950 firmatum
1398 1875 1819 1947 observaret.
1878 1873 2012 1964 Qui
2066 1878 2174 1945 tot
2229 1878 2300 1946 et
2354 1879 2499 1946 tam
2555 1871 3038 1964 frequentibus
3093 1871 3366 1944 nuntiis
3414 1871 3796 1945 wladislai
3833 1873 3966 1943 Po·

862 1997 1098 2068 Ioniae
1136 1998 1191 2084 ¹)
1247 1995 1463 2088 Regis
1520 1993 1892 2085 fatigatus,
1949 1992 2342 2085 respondit:
2402 1992 2606 2083 Quod
2671 2015 2795 2084 pro
2851 2013 3019 2084 pace
3068 1992 3254 2065 inter
3304 1992 3778 2066 Wladislaum
3835 1993 3967 2064 Po·

861 2116 1094 2188 loniae
1149 2116 1409 2207 Regem
1466 2118 1535 2186 et
1590 2113 1975 2187 Cruciferos
2039 2113 2508 2200 reformanda,
2586 2113 2687 2185 ire
2751 2113 3216 2204 personaliter
3277 2111 3643 2184 Prussiam
3705 2112 3967 2184 delibe-

867 2240 1123 2308 rasset:
1182 2234 1550 2307 dummodo
1590 2232 2028 2306 Wladislaus
2068 2231 2401 2305 Poloniae
2457 2233 2612 2306 Rex
2669 2233 3046 2305 transitum
3095 2232 3206 2304 illi
3243 2254 3367 2323 per
3403 2233 3722 2326 Regnum
3763 2253 3971 2303 suum

876 2355 1239 2448 permittat
1294 2359 1363 2426 et
1418 2353 1482 2426 ei
1536 2355 1621 2426 de
1676 2353 1871 2424 salvo
1928 2353 2274 2425 conductu
2328 2353 2722 2444 provideat;
2791 2353 3115 2442 offerenS,
3173 2375 3342 2444 pace
3380 2353 3564 2426 inter
3597 2354 3863 2446 Regem
3901 2359 3972 2425 et

864 2475 1263 2549 cruciferos
1315 2475 1723 2560 reformata,
1790 2494 1928 2544 non
1981 2471 2222 2572 ⁸'solum
2276 2473 2594 2550 residuos
2659 2478 3063 2566 treugarum
3119 2494 3337 2546 annos
3393 2494 3468 2546 se
3525 2473 3790 2546 sincere
3849 2494 3970 2544 cu-

868 2596 1328 2682 stoditurum,
1388 2594 1509 2666 sed
1565 2593 1777 2666 etiam
1834 2592 2077 2664 foedus
2134 2593 2328 2683 pacis
2383 2597 2760 2684 perpetuae
2815 2613 2974 2665 cum
3027 2595 3218 2686 Rege
3253 2598 3325 2666 et
3361 2594 3601 2684 Regno
3638 2593 3976 2665 Poloniae

872 2715 1239 2788 initurum.
1314 2712 1798 2786 Redeuntibus
1874 2717 2107 2785 autem
2183 2712 2398 2805 regiis
2474 2713 2745 2785 nuntiis
2829 2735 2986 2786 cum
3056 2714 3541 2786 huiuscemodi
3609 2735 3972 2804 responso,

870 2835 1308 2908 Wladislaus
1372 2833 1709 2906 Poloniae
1771 2834 1929 2906 Rex
1992 2833 2242 2904 avidus
2308 2854 2432 2924 per
2496 2854 2976 2925 quemcunque
3041 2834 3324 2906 modum
3387 2855 3544 2906 cum
3599 2833 3977 2905 Cruciferis

872 2954 1099 3028 vitare
1161 2953 1496 3028 bellicum
1562 2953 1969 3040 discrimen,
2038 2952 2472 3024 Stanislaum
2537 2953 2819 3026 Cziolck
2881 2955 3233 3026 notarium
3299 2954 3386 3024 ad
3443 2953 3976 3046 Sigismundum

871 3074 1277 3167 Hungariae
1348 3074 1609 3165 Regem
1690 3089 1849 3144 cum
1912 3071 2141 3145 literis
2219 3073 2504 3163 plenum
2587 3074 2860 3146 salvum
2931 3073 3350 3146 conductum
3423 3074 3976 3162 continentibuS,

868 3193 1200 3282 remittit,
1270 3193 1614 3284 spondens
1670 3197 1738 3265 et
1792 3193 2083 3265 offerens
2138 3191 2223 3264 de
2277 3193 2451 3266 reali
2515 3195 2708 3266 salvo
2773 3195 3119 3266 conductu
3202 3214 3328 3285 per
3389 3195 3708 3285 Regnum
3771 3215 3978 3265 suum

869 3314 1206 3387 Poloniae
1262 3313 1399 3385 sibi
1452 3313 1827 3385 efficaciter
1880 3313 2268 3403 providere.
2327 3313 2822 3406 Sigismundus
2878 3318 3112 3386 autem
3148 3315 3621 3386 Romanorum
3660 3319 3730 3386 et
3767 3315 3976 3384 Hun-

870 3435 1105 3528 gariae
1158 3435 1349 3521 Rex,
1406 3432 1763 3524 proposito
1820 3452 1945 3504 suo
2002 3439 2071 3505 et
2126 3433 2480 3506 oblatione
2532 3434 2928 3507 Wladislao
2983 3434 3319 3506 Poloniae
3356 3433 3538 3526 Regi
3574 3435 3794 3522 facta,
3856 3455 3983 3505 va-

870 3556 1109 3644 riatiS,
1167 3553 1529 3626 Prussiam
1584 3553 1686 3626 ire
1738 3553 2238 3644 personaliter,
2297 3554 2710 3645 impeditum
2753 3576 2826 3627 se
2862 3575 3213 3644 asserens,
3271 3554 3580 3626 distulit.
3639 3556 3831 3625 Duos
3873 3558 3984 3626 ta-

872 3697 1033 3748 men
1085 3676 1380 3748 barones
1436 3673 1667 3766 Regni
1722 3672 1864 3762 sui,
1923 3673 2256 3746 videlicet
2310 3674 2680 3747 Nicolaum
2738 3676 2820 3748 de
2877 3675 3060 3748 Gara
3114 3675 3342 3767 Regni
3397 3674 3804 3767 Hungariac
3841 3675 3986 3746 Pa-

872 3797 1171 3868 latinum
1228 3799 1300 3867 et
1356 3792 1743 3866 Stiborium
1799 3794 1883 3865 de
1938 3793 2370 3866 Stiborzicze
2423 3795 2828 3868 Palatinum
2906 3796 3462 3886 Transylvanum
3495 3794 3580 3884 2),
3637 3795 3992 3866 Polonum

873 3937 1125 4008 genere
1180 3915 1267 3986 de
1305 3915 1505 3986 domo
1545 3912 1834 4006 Ostoya,
1894 3913 2270 4006 Georgium
2309 3914 2392 3986 de
2431 3914 2839 3988 Kerszdorff
2861 3913 2923 4004 3)
2981 3915 3310 3987 Slesitam
3366 3915 3516 3987 illis
3562 3915 3990 4006 adiungenS,

878 4021 1110 4127 spe‘cie
1173 4034 1453 4125 quidem
1518 4035 1605 4105 ad
1669 4033 2250 4125 intercipiendum
2315 4035 2614 4123 bellum,
2679 4056 2754 4107 re
2809 4038 3042 4107 autem
3107 4057 3270 4108 vera
3323 4036 3411 4106 ad
3466 4035 3994 4128 emungendum

878 4155 1343 4247 quadraginta
1396 4155 1809 4226 florenorum
1864 4154 2126 4243 millia,
2186 4176 2362 4246 quae
2418 4177 2492 4228 se
2547 4155 2882 4248 Magister
2937 4161 3007 4228 et
3062 4155 3241 4228 Ordo
3299 4155 3806 4228 cruciferorum
3869 4155 3994 4227 Si·

874 4273 1245 4370 gismundo
1302 4274 1511 4366 Regi,
1572 4274 1634 4345 si
1698 4273 2161 4347 Wladislaum
2227 4276 2562 4348 Poloniae
2626 4276 2890 4367 Regem
2953 4275 3336 4362 diffidaret,
3403 4275 3568 4348 dare
3600 4275 3664 4362 ⁴)
3719 4275 3997 4346 astrin-

883 4401 1117 4484 xerat,
1176 4393 1591 4466 transmisit.
1650 4393 1742 4465 Et
1777 4395 1853 4466 hi
1891 4395 2171 4486 quidem
2229 4395 2663 4487 Sigismundi
2700 4396 3172 4467 Romanorum
3209 4400 3279 4467 et
3315 4394 3722 4486 Hungariae
3758 4394 4001 4484 Regis

879 4515 1147 4603 nuntii,
1217 4513 1609 4586 Wladislao
1675 4514 2009 4587 Poloniae
2040 4513 2100 4603 5)
2156 4515 2348 4607 Rege
2403 4516 2630 4588 adhuc
2685 4516 3052 4588 Oracoviae
3117 4515 3563 4602 immorante,
3631 4521 4003 4586 venerunt

880 4634 1315 4720 cracoviam,
1380 4632 1717 4705 habentes
1786 4654 2018 4706 seeum
2084 4634 2420 4706 ducentos
2487 4657 2701 4726 equos
2757 4635 2830 4706 in
2885 4634 3254 4707 comitatu:
3313 4653 3487 4724 quos
3542 4632 4006 4705 Wladislaus

886 4756 1040 4827 Rex
1096 4752 1602 4826 humanissime
1654 4756 1993 4825 tractatos
2048 4758 2119 4827 et
2170 4759 2680 4842 remuneratos,
2739 4753 2814 4826 in
2858 4752 3220 4826 Prussiam
3256 4774 3380 4844 per
3417 4753 3737 4844 Regnum
3777 4773 4010 4825 suum

890 4875 990 4946 ire
1043 4873 1399 4966 permisit,
1457 4871 1641 4943 datis
1699 4872 1801 4944 eis
1832 4873 1894 4962 θ)
1952 4873 2180 4946 tribus
2235 4873 2807 4956 conductoribuS,
2868 4873 2988 4964 qui
3027 4872 3177 4945 illis
3215 4895 3352 4944 non
3393 4875 3622 4945 solum
3660 4873 3744 4945 de
3781 4874 4012 4944 salvo

881 4994 1262 5080 conductu,
1323 4993 1445 5065 sed
1501 4997 1571 5063 et
1626 4992 1709 5063 de
1766 4992 2087 5065 omnibus
2152 4993 2566 5088 necessariis
2620 5014 2745 5085 per
2797 4993 3206 5066 universum
3270 4993 3590 5085 Regnum
3647 4992 4014 5066 Poloniae

882 5113 1280 5205 largissime
1337 5112 1540 5184 iuxta
1610 5111 1880 5203 regium
1952 5112 2358 5185 mandatum
2410 5112 2892 5204 providebant.
2959 5114 3059 5185 Eo
3115 5118 3348 5184 autem
3404 5117 3726 5204 respectu
3781 5111 4016 5185 Wla-

1102 5382 1151 5469 ¹)
1212 5387 1565 5446 Polonorum
1630 5381 1781 5446 Cod.
1840 5383 2033 5447 Rozr.
2103 5383 2157 5462 Ω)
2220 5385 2853 5462 Transsylvaniensem
2917 5379 3067 5446 Cod.
3129 5383 3320 5447 Roma
3385 5385 3438 5462 ³)
3501 5385 3848 5462 Gregorium
3925 5388 4024 5448 de

887 5488 1254 5563 Gierzdorph
1289 5483 1439 5550 Cocl.
1472 5487 1648 5548 Kost.
1684 5487 1735 5568 4)
1769 5489 2039 5547 daturum
2075 5483 2225 5548 Cod.
2259 5486 2448 5550 Rozr.
2485 5489 2536 5566 ⁵)
2569 5491 2918 5548 Polonorum
2957 5483 3106 5549 Cod.
3138 5486 3330 5549 Rozr.
3381 5487 3435 5569 ὓ)
3465 5490 3584 5548 illis
3623 5485 3748 5548 Ed.
3797 5485 4022 5570 Lips.
