4342 6384
906 589 1001 661 54
2078 611 2304 664 menn
2357 611 2815 666 unnncums.
3233 613 3241 620 ·
3462 588 3596 690 (Α.
3636 589 3727 664 D.
3769 586 3991 688 1410.)

900 794 1175 887 aliquot
1229 787 1565 869 milliaria
1616 796 2009 886 distabant,
2074 818 2291 890 prope
2346 797 2729 874 audiretur.
2786 799 2920 876 Pes
2977 798 3263 890 iusuper
3314 800 3489 891 pede
3550 820 3870 891 pressus,
3920 803 3990 872 'et

898 915 1112 988 armis
1167 915 1663 1008 quatiebantur
1714 937 1937 1006 arma,
1994 939 2498 1010 mucronesque
2553 917 2627 991 in
2682 940 2802 990 ora
2855 917 3366 1014 dirigebantur3
3433 919 3798 1014 signisque
3851 921 3985 992 col-

898 1035 1101 1124 latis,
1158 1033 1449 1108 timidus
1503 1058 1642 1108 non
1696 1041 1970 1128 poterat
2024 1060 2065 1110 a
2103 1042 2425 1126 strenuo,
2481 1037 2803 1130 utrisque
2859 1038 2996 1112 sibi
3052 1040 3349 1134 quadam
3404 1039 3837 1114 connexione
3883 1063 3987 1114 co-

897 1154 1389 1254 haerentibuS,
1447 1177 1674 1248 neque
1727 1157 1931 1230 fortis
1994 1159 2080 1231 ab
2136 1158 2389 1252 ignavo
2452 1158 2789 1232 discerni:
2863 1181 2989 1236 nec
3043 1181 3243 1234 secus
3307 1160 3674 1233 mutabant
3739 1160 3988 1248 locum,

900 1279 1025 1347 aut
1076 1276 1577 1367 promovebant
1627 1277 1949 1369 gradum,
2025 1278 2242 1351 donec
2277 1280 2498 1352 -hoste
2561 1278 2828 1353 deiecto
2901 1285 3024 1356 aut
3077 1281 3476 1369 interfecto,
3541 1281 3770 1354 victor
3823 1281 3990 1354 victi

898 1395 1130 1469 locum
1185 1400 1575 1488 occuparet.
1631 1397 1883 1470 Hastis
1920 1397 2218 1490 denique
2255 1399 2661 1487 confractiS,
2719 1400 2888 1475 adeo
2925 1401 3386 1476 cohaerebant
3440 1401 3772 1493 utrinque
3808 1401 3988 1475 acies

898 1519 971 1587 et
1024 1536 1216 1587 arma
1269 1516 1515 1607 armis,
1572 1522 1655 1590 ut
1707 1517 1989 1590 nonnisi
2041 1518 2490 1596 mucronibus
2545 1524 2616 1593 et
2671 1519 3030 1595 securibus
3084 1519 3368 1614 longius
3420 1521 3614 1615 ligno
3653 1521 3986 1608 extensiS,

898 1633 1255 1728 ingentem
1310 1637 1651 1726 sonitum,
1710 1638 1985 1730 qualem
2042 1640 2115 1710 in
2155 1638 2440 1713 fabricis
2495 1639 2734 1714 mallei
2786 1639 3158 1718 incudibus
3213 1641 3560 1730 efficiunt,
3619 1642 3986 1735 pugnando

899 1754 1216 1844 ederent,
1274 1757 1611 1850 equisque
1666 1757 1892 1850 pressi
1946 1756 2389 1850 dimicarent,
2466 1761 2794 1853 Marsque
2848 1767 3016 1834 tunc
3070 1759 3252 1838 inter
3315 1767 3710 1855 pugnantes
3784 1780 3985 1834 manu

900 1875 1381 1950 tantummodo
1437 1881 1509 1950 et
1560 1877 1795 1970 gladio
1850 1879 2413 1972 conspiciebatur
2466 1879 2917 1954 fortissimus

1358 2239 1659 2312 lithuani
1703 2243 1892 2330 terga
1934 2244 2298 2330 vertentes,
2341 2243 2410 2316 in
2455 2243 2862 2316 Lithuanian
2903 2261 3109 2336 usquo
3153 2243 3518 2358 aufugiunt.

1107 2476 1497 2570 Congressu
1534 2425 1767 2569 inito,
1801 2483 2097 2573 uterque
2134 2482 2487 2555 exercitus
2525 2481 2820 2574 ancipiti
2874 2483 3140 2574 praelio
3195 2484 3285 2556 ad
3320 2484 3532 2557 unius
3566 2505 3745 2577 pene
3782 2487 3987 2559 horae

898 2582 1207 2689 spatium
1260 2596 1669 2688 dimicabat,
1736 2604 1807 2674 et
1859 2607 2107 2674 neutro
2164 2603 2478 2678 exercitu
2541 2603 2883 2677 referente
2937 2604 3212 2696 pedem,
3281 2603 3804 2698 fortissimeque
3867 2628 3985 2698 pro

890 2715 1193 2790 ,victoria
1246 2716 1635 2809 adnitente,
1692 2719 2095 2814 ambiguum
2150 2727 2329 2811 erat,
2387 2722 2462 2797 in
2500 2744 2708 2815 quam
2761 2727 3031 2815 partem
3087 2724 3462 2799 inclinaret
3511 2725 3827 2815 fortuna,
3869 2731 3986 2799 aut

896 2857 1075 2928 quae
1126 2857 1291 2930 pars
1343 2839 1607 2930 praelio
1662 2841 1982 2932 superior
2034 2863 2330 2916 evasura
2383 2845 2590 2931 foret,
2649 2844 3031 2919 dinoscere.
3089 2845 3424 2919 cruciferi
3478 2867 3637 2919 cum
3673 2845 3980 2920 animad-
4049 2947 4056 2956 ἢ

896 2955 1308 3047 vertissent,
1365 2959 1441 3030 in
1493 2971 1733 3034 cornu·
1762 2963 1964 3035 laevo
2016 2967 2089 3036 et
2142 2963 2457 3038 exercitu
2508 2964 2873 3053 Polonico,
2929 2965 3180 3038 durum
3219 2965 3494 3058 sibique
3546 2964 3980 3040 discrimino-

898 3097 1057 3149 sum
1093 3077 1149 3167 ¹)
1204 3082 1585 3169 certamen,
1644 3081 1895 3154 deletis
1950 3082 2088 3154 iam
2124 3083 2754 3175 praestantioribus
2809 3085 3204 3173 ordinibus,
3263 3085 3638 3174 committi,
3693 3086 3769 3159 in
3817 3087 3981 3160 dex-

897 3200 1085 3268 trum
1139 3218 1384 3288 cornu,
1460 3197 1535 3272 in
1600 3223 1735 3293 quo
1800 3201 1987 3276 acies
2042 3202 2474 3279 'Lithuanica
2535 3205 2922 3280 constituta
2985 3210 3164 3296 erat,
3241 3227 3418 3298 quae
3491 3211 3562 3280 et
3623 3207 3982 3281 ordinibus

896 3336 1086 3405 rara,
1142 3321 1216 3390 et
1270 3319 1499 3410 equis,
1557 3321 1909 3414 armisque
1964 3324 2197 3397 tenuis
2253 3330 2323 3398 et
2375 3325 2743 3418 languida,
2800 3327 2886 3400 ad
2937 3327 3359 3404 vincendum
3415 3327 3644 3400 facilis
3699 3327 3980 3401 videba-

894 3439 1037 3525 tur,
1104 3436 1293 3511 vires
1356 3446 1803 3515 convertunt:
1879 3465 1958 3516 ea
2019 3445 2228 3536 pulsa
2290 3446 2365 3518 in
2425 3447 2848 3519 Polonorum
2913 3448 3097 3521 acies
3161 3448 3412 3520 fortius
3444 3447 3506 3537 2)
3567 3447 3981 3542 grassaturi.

894 3555 965 3629 N
968 3577 1056 3628 on
1110 3561 1345 3631 tamen
1408 3563 1765 3653 proposito
1829 3583 2068 3636 eorum
2130 3565 2218 3636 ad
2281 3565 2568 3657 plenum
2632 3587 2792 3658 spes
2851 3566 3239 3660 respondit.
3310 3569 3559 3661 Pugna
3619 3568 3804 3640 inter
3863 3567 3981 3640 Li·

893 3675 1227 3768 thuanoS,
1285 3680 1651 3755 Ruthenos
1717 3686 1787 3756 et
1840 3685 2218 3757 Thartaros
2281 3687 2624 3775 fervente,
2691 3686 2875 3762 acies
2938 3687 3362 3766 Lithuanica
3422 3687 3752 3762 deteriori
3785 3689 3980 3778 loco,

892 3795 1231 3889 impetum
1284 3800 1613 3875 hostilem
1652 3804 1998 3878 sustinere
2052 3827 2192 3878 non
2228 3807 2504 3896 mione,
2545 3828 2696 3880 esse
2732 3807 2992 3900 coepit,
3047 3808 3294 3900 pedem
3333 3809 3607 3901 quoque
3643 3809 3732 3881 ad
3769 3809 3984 3882 unius

894 3914 1157 4009 ingeris
1212 3923 1439 3994 terrae
1494 3923 1801 4014 spatium
1855 3925 2133 4014 retulit}
2201 3926 2574 4002 Cruciferis
2629 3933 2863 4000 autem
2915 3929 3221 4020 amplius
3257 3950 3427 4002 eam
3481 3929 3984 4021 prementibuS,

894 4034 1147 4110 iterum
1202 4045 1413 4132 atque
1476 4042 1731 4117 iterum
1794 4046 2033 4120 cedere
2096 4053 2165 4120 et
2229 4048 2510 4121 tandem
2571 4047 2753 4120 verti
2815 4048 2892 4132 in
2956 4050 3225 4142 fugam,
3292 4050 3483 4123 Duce
3545 4051 3796 4142 Magno
3863 4049 3984 4122 Li-

894 4156 1229 4232 thuaniae
1284 4162 1683 4237 Alexandro
1738 4167 2242 4260 necquicquam
2295 4169 2532 4262 fugam
2569 4169 2856 4244 verbere
2913 4173 2982 4242 et
3035 4170 3335 4243 clamore
3371 4170 3604 4243 valido
3662 4171 3984 4256 sistente,

898 4282 1136 4350 coacta
1190 4285 1327 4368 est,
1384 4282 1743 4376 traxitque
1780 4306 2015 4360 secum
2069 4309 2391 4381 magnam
2427 4289 2639 4363 etiam
2677 4269 3132 4378 Polonorum,
3191 4291 3314 4382 qui
3359 4291 3423 4365 ei
3458 4290 3820 4363 commixti
3875 4291 3987 4362 fu-

894 4403 1126 4487 erant,
1184 4403 1735 4478 multitudinem.
1812 4406 2031 4498 Quam
2094 4407 2323 4480 hostis
2387 4409 2762 4498 caedendo,
2828 4408 3384 4503 captivandoque
3447 4409 3831 4502 fugienteS,
3901 4411 3993 4504 ad

894 4519 1101 4610 plura
1154 4521 1521 4613 milliaria,
1575 4531 1773 4598 ratus
1830 4547 1904 4599 se
1959 4527 2097 4600 iam
2152 4529 2240 4600 ad
2277 4530 2562 4620 plenum
2617 4529 3029 4617 debellasse,
3085 4529 3652 4621 persequebatur.
3717 4530 3992 4602 Tantus

896 4645 1128 4716 autem
1182 4647 1412 4716 metus
1464 4651 1868 4736 pervaserat
1924 4647 2301 4740 fugientes,
2358 4653 2440 4721 ut
2486 4649 2842 4741 plerisque
2895 4648 3177 4722 nonnisi
3229 4648 3683 4723 Lithuaniam
3737 4670 3990 4741 perve-

892 4761 1199 4853 nientes,
1268 4765 1502 4857 fugam
1558 4764 1917 4856 sisterent,
1986 4772 2056 4842 et
2110 4790 2388 4842 caesum
2450 4770 2715 4862 Regem
2784 4769 3290 4858 Wladislaum,
3355 4789 3634 4842 caesum
3708 4791 3992 4864 quoque

891 4883 1375 4957 Alexandrum
1437 4885 1767 4978 Magnum
1833 4888 2095 4962 Ducem
2156 4889 2608 4978 Lithuaniae‚
2673 4910 2910 4964 caesos
2971 4889 3261 4980 insuper
3330 4910 3566 4962 eorum
3629 4891 3992 4964 exercitus

892 5025 1114 5095 usque
1168 5005 1255 5077 ad
1309 5004 1884 5096 internecionem,
1951 5009 2381 5082 nuntiarent.
2457 5009 2544 5080 In
2607 5029 2686 5081 eo
2741 5009 3070 5082 conflictu
3135 5009 3653 5082 Smolnensium
3715 5010 3990 5084 milites

891 5125 1235 5213 Rutheni,
1276 5126 1364 5198 ad
1402 5125 1539 5198 tria
1574 5127 1855 5220 propria
1892 5129 2356 5202 consistentes
2395 5129 2626 5222 signa,
2682 5129 3112 5220 pertinacius
3149 5128 3544 5223 pugnando,
3603 5128 3738 5201 soli
3777 5131 3992 5224 fugae

894 5254 1251 5337 experteS,
1308 5246 1655 5342 insignem
1694 5249 1969 5322 laudem
2023 5253 2444 5340 meruerant.
2502 5248 2684 5322 Nam
2722 5248 2856 5322 etsi
2911 5250 3040 5322 sub
3081 5272 3216 5322 uno
3273 5249 3474 5342 signo
3529 5249 3715 5322 caesi
3754 5251 3994 5324 forent

1108 5503 1157 5586 ¹)
1199 5507 1590 5581 perniciosum
1638 5502 1789 5570 Cod.
1850 5503 2043 5568 Rozr„
2091 5503 2143 5587 ²)
2191 5505 2422 5568 facilius
2465 5505 2590 5570 Ed.
2637 5504 2818 5590 Lips.
