4342 6384
338 672 347 678 ,
418 588 551 694 (Α.
591 594 682 668 D.
724 590 976 690 1426.)
1458 567 1467 577 ’
1584 612 1811 668 mann
1862 607 2322 666 annuemus.
3357 589 3505 668 343

417 800 785 893 promissis
843 799 993 873 suis
1047 799 1373 888 daturuS,
1440 820 1527 872 ne
1589 799 1773 872 diem
1835 798 2034 872 illam
2098 798 2568 891 negligerent,
2636 798 2954 872 strictius
3018 799 3505 892 imperaverat.

422 921 678 994 Verum
736 919 1231 1013 Sigismundus
1306 919 1779 992 Romanorum
1843 919 2000 992 Rex
2072 917 2322 1006 variis,
2388 917 2757 1010 praecipue
2819 923 3054 991 tamen
3110 919 3508 992 Bohemicis

414 1041 766 1114 distentus
821 1039 1157 1133 negotiiS,
1226 1039 1739 1130 expeditionem
1802 1038 1877 1110 in
1931 1040 2192 1110 Turcos
2257 1037 2656 1110 institutam
2721 1039 3050 1130 prosequi
3117 1038 3504 1124 differebat.

416 1161 849 1252 Quapropter
906 1165 1151 1252 gentes
1216 1158 1597 1232 Wladislai
1658 1159 1993 1232 Poloniae
2057 1157 2274 1250 Regis
2347 1157 2532 1230 circa
2592 1158 3008 1250 Braylow1)
3079 1158 3155 1231 in
3227 1178 3500 1250 campe-

416 1281 715 1368 stribus,
780 1280 1051 1354 duobus
1114 1301 1329 1372 prope
1390 1279 1748 1352 mensibus
1812 1273 2259 1365 immoratae,
2325 1276 2759 1369 Sigismnndi
2821 1278 3038 1371 Regis
3095 1283 3166 1350 et
3219 1299 3504 1350 suarum

413 1401 729 1492 gentium
796 1399 1289 1491 operiebantur
1350 1400 1749 1472 adventum.
1832 1398 2081 1490 Neque
2142 1403 2288 1468 tam
2353 1396 2682 1469 diuturno
2758 1401 3068 1489 tempore
3135 1395 3506 1490 quicquam

416 1520 683 1592 fastidii
736 1522 1147 1608 hauserant,
1205 1519 1587 1611 longiorem
1642 1518 1853 1592 etiam
1906 1539 2167 1591 moram
2221 1517 2294 1589 in
2353 1535 2432 1588 eo
2484 1518 2974 1607 praestolando
3029 1517 3503 1608 absumpturi:

412 1639 553 1713 nisi
606 1661 731 1732 pro
786 1643 1135 1731 comperto
1190 1638 1655 1731 accepissent,
1714 1637 2244 1729 Sigismnndum
2298 1636 2560 1728 Regem
2615 1657 2658 1708 a
2701 1636 2908 1710 rebus
2961 1636 3134 1711 belli
3187 1637 3504 1710 instituti

408 1759 839 1832 abstractum
892 1759 1203 1832 animum
1265 1760 1353 1830 ad
1416 1758 1558 1832 alia
1620 1758 1903 1851 negotia
1965 1756 2340 1830 divertisse
2368 1754 2456 1846 ²).
2537 1757 2834 1848 Propter
2897 1757 3082 1848 quod
3147 1756 3502 1830 exercitus

408 1879 785 1952 Polonicus
842 1880 1103 1952 frustra
1156 1878 1527 1970 fatigatuS,
1584 1900 1625 1950 a
1680 1876 2001 1951 Danubio
2054 1876 2432 1950 incolumis
2487 1876 2560 1949 in
2613 1876 2946 1950 Poloniae
3001 1878 3322 1969 Regnum
3391 1896 3498 1948 re-

408 1999 691 2072 meavit.
748 1999 841 2070 Et
896 1998 1223 2090 quoniam
1278 1997 1604 2069 nonnulli
1660 1997 1925 2070 milites
1981 2001 2324 2070 terrarum
2361 1995 2664 2068 Russiae
2717 1995 2822 2070 ire
2865 1996 2953 2068 ad
2991 1995 3506 2088 expeditionem
3585 2015 3592 2022 ·

409 2118 824 2208 praefatam,
883 2117 1207 2190 mandato
1262 2116 1479 2209 Regis
1534 2116 1883 2208 neglecto,
1942 2120 2538 2208 contempserant,
2593 2115 2668 2188 ni
2716 2115 3035 2207 perprius
3089 2115 3240 2188 illis
3295 2115 3498 2206 quin-

410 2257 545 2327 que
598 2255 868 2309 marcae
922 2235 1361 2309 Polonicales
1422 2256 1547 2326 pro
1600 2256 1742 2308 nna
1788 2255 2063 2326 quaque
2126 2235 2370 2309 lancea
2433 2236 2906 2320 solverentur;
2978 2239 3264 2327 propter
3317 2235 3500 2326 quod

415 2353 851 2428 Wladislaus
906 2355 1061 2426 Rex
1126 2354 1213 2426 ad
1266 2375 1587 2447 magnam
1651 2353 2202 2447 indignationem
2267 2357 2506 2428 contra
2569 2373 2687 2426 eos
2749 2355 3292 2442 excandescenS,
3359 2354 3502 2426 sin-

409 2476 615 2566 gulos
669 2474 1001 2562 rebelleS,
1056 2473 1241 2546 nulli
1297 2474 1611 2547 deferens
1666 2472 2051 2546 conditioni
2103 2479 2229 2546 aut
2281 2473 2897 2565 praeeminentiae,
2953 2474 3503 2566 comprehendit,

412 2594 851 2686 detinuitque
916 2593 1277 2685 aliquanto
1342 2598 1651 2685 tempore
1714 2593 2039 2666 molestia
2092 2593 2447 2666 carcerali.
2524 2593 2829 2666 Tandem
2885 2598 3118 2666 tamen
3174 2594 3372 2666 velut
3410 2593 3498 2681 is,

414 2714 535 2804 qni
590 2713 877 2805 pietatis
932 2713 1263 2786 affluebat
1317 2713 1739 2800 visceribus,
1794 2713 2118 2804 precibus
2174 2713 2656 2786 Praelatorum
2710 2717 2782 2786 et
2827 2713 3164 2786 baronum
3219 2733 3504 2784 suornm

411 2833 778 2922 Poloniae,
832 2854 959 2925 pro
1012 2832 1390 2923 captivatis
1446 2832 1850 2905 huiusmodi
1912 2831 2542 2920 intercedentibuS,
2607 2833 2960 2920 devictus,
3028 2851 3296 2904 omnem
3351 2830 3500 2902 illis

412 2973 669 3024 noxam
724 2957 795 3024 et
848 2951 1178 3026 offensam
1232 2951 1504 3025 dimisit
1538 2951 1955 3044 benigniter,
2013 2951 2616 3042 haereditatisque
2659 2952 2840 3025 bona
2887 2937 2962 3024 'et
2999 2950 3499 3043 possessiones,

414 3091 593 3163 quae
646 3073 1067 3160 abstulerat,
1124 3071 1471 3160 restitnit,
1529 3076 1805 3163 praeter
1856 3070 2294 3144 advocatiam
2348 3071 2858 3160 Krosnensem,
2917 3092 3092 3163 quae
3145 3070 3506 3144 detinetur

414 3191 489 3263 in
542 3213 694 3264 eam
725 3191 788 3280 3)
844 3192 1050 3265 diem.

672 3551 1063 3626 wladislau
1104 3555 1243 3626 nox
1288 3555 1426 3626 suis
1470 3553 1845 3644 primoribus
1890 3556 2066 3627 roras
2108 3554 2178 3627 in
2223 3555 2682 3630 venationibus
2727 3557 2958 3646 captas
3000 3556 3231 3628 mittit.

622 3792 731 3863 Ex
786 3791 1323 3884 Nyepolomicze
1377 3793 1813 3866 wladislaus
1867 3794 2022 3868 Rex
2078 3815 2204 3886 per
2240 3793 2486 3867 solitas
2543 3793 2882 3866 stationes
2937 3799 3008 3866 et
3061 3795 3216 3867 loca
3269 3794 3342 3867 in
3379 3793 3501 3866 Li-

424 3911 785 3982 thuaniam
848 3912 1218 4004 processit,
1278 3918 1348 3986 et
1411 3915 1711 3986 ferarum
1768 3913 2077 4005 capturis
2139 3915 2369 3986 hieme
2424 3917 2676 3986 cuncta
2693 3913 2758 4001 ⁴)
2814 3913 3113 3986 vacavit.
3171 3913 3281 3988 Ex
3337 3912 3502 3986 feris

412 4031 673 4102 diversi
726 4031 1035 4121 generis,
1104 4054 1278 4123 quas
1334 4055 1452 4105 ora
1506 4033 1927 4107 Lithuanica
1977 4033 2334 4126 producit,
2402 4053 2524 4124 per
2575 4033 2980 4107 venationes
3035 4033 3298 4124 captis,
3357 4032 3500 4124 pri-

409 4172 599 4226 mum
656 4150 957 4242 Sophiae
1008 4152 1353 4244 Reginae,
1410 4153 1659 4226 deinde
1713 4153 2293 4246 archiepiscopis,
2351 4152 2733 4246 episcopis,
2788 4151 3160 4244 palatinis,
3215 4152 3494 4226 baroni-

406 4271 539 4344 bus
594 4271 823 4362 Regni
875 4272 1241 4361 Poloniae,
1308 4273 1476 4345 item
1542 4272 1813 4346 Slesiae
1874 4272 2359 4364 Principibus,
2416 4274 2586 4346 item
2641 4272 2996 4365 Capitulo,
3053 4271 3224 4345 item
3277 4272 3498 4364 Magi-

408 4389 579 4462 stris
617 4400 687 4462 et
712 4391 1133 4464 Doctoribus
1172 4392 1677 4465 Universitatis
1714 4393 2218 4481 cracoviensiS,
2258 4393 2429 4466 item
2463 4392 2872 4466 consulibus
2901 4391 3498 4478 cracoviensibus,

408 4509 723 4599 qualibet
777 4510 1036 4599 hieme,
1111 4511 1389 4604 integra
1454 4514 1752 4584 ferarum
1806 4533 2123 4603 corpora,
2199 4519 2324 4584 aut
2377 4512 2439 4584 si
2495 4511 2828 4603 temporis
2892 4511 3216 4585 caliditas
3272 4511 3498 4584 immi-

408 4629 651 4716 nebat,
708 4630 856 4702 sale
908 4629 1175 4718 infusa,
1232 4631 1511 4705 mittere
1565 4653 1702 4705 non
1757 4632 2182 4724 negligebat.
2241 4632 2349 4703 Ex
2405 4653 2540 4723 quo
2595 4636 2664 4704 et
2713 4631 3260 4704 munificentiam
3301 4651 3498 4704 snam

405 4748 613 4840 longe
666 4749 947 4840 lateque
999 4751 1461 4842 propagabat,
1520 4756 1589 4824 et
1642 4752 2053 4824 charitatem
2112 4752 2252 4825 sibi
2305 4755 2516 4844 atque
2570 4750 3011 4824 devotionem
3067 4751 3140 4823 in
3179 4750 3494 4822 subdito-

402 4889 561 4939 rum
614 4868 1017 4960 pectoribus
1074 4889 1487 4962 magnopere
1540 4871 1864 4962 augebat.

406 5237 467 5303 C
620 5136 672 5223 ¹)
724 5141 1023 5216 Bragilow
1072 5135 1224 5202 Cod.
1280 5137 1473 5203 Rozr.
1544 5137 1598 5217 ²)
1644 5142 2025 5202 convertisse.
2084 5137 2238 5203 Cod.
2287 5139 2477 5203 Rozr.
2545 5141 2596 5221 ³)
2641 5142 2794 5203 hanc
2849 5139 2978 5204 Ed.
3021 5138 3202 5226 Lipa.
3273 5137 3334 5226 ⁴)
3379 5145 3504 5204 tota

459 5238 561 5303 od.
595 5241 799 5303 Rozr.
