4342 6384
362 570 498 670 (Α.
535 572 628 647 D.
668 570 922 673 1⁴86»)
1475 597 1704 651 mann
1755 594 2271 649 nuonncnws.
3304 572 3453 644 575

363 778 684 871 Regnum
740 780 1075 854 Poloniae
1129 786 1200 854 et
1253 784 1476 855 terras
1532 779 1834 854 Russiae
1889 786 1959 853 et
2012 780 2347 853 Podoliae
2400 780 2487 852 ab
2546 777 2909 852 invasione
2963 778 3459 851 Thartarorum

361 898 836 973 defensurum.
893 900 1184 973 Reiecta
1245 905 1482 974 tamen
1551 900 1686 973 fuit
1749 900 1902 973 eius
1955 900 2241 992 petitio,
2300 898 2557 971 animis
2610 898 3173 971 consiliariorum
3228 896 3459 989 Regni

363 1020 716 1111 praesenti
780 1020 1058 1093 laetitia
1119 1021 1424 1113 homagii
1487 1037 1614 1113 per
1675 1020 1956 1094 Heliam
2019 1019 2379 1112 praestiti,
2438 1018 2829 1111 occupatis;
2895 1017 3219 1109 quamvis
3274 1016 3457 1090 idem

366 1140 768 1231 Stephanus
823 1140 934 1213 vir
985 1162 1200 1215 verax
1273 1146 1742 1233 constansque
1815 1146 2032 1228 esset,
2109 1146 2181 1213 et
2246 1138 2617 1232 prudentia
2682 1138 3147 1231 operibusque
3210 1136 3461 1209 Heliae

362 1261 866 1351 praestantior,
925 1261 1046 1353 qui
1101 1260 1314 1334 etiam
1369 1262 1612 1352 paucis
1651 1264 1812 1333 ante
1849 1260 2128 1347 diebuS,
2188 1280 2396 1352 quam
2434 1258 2683 1332 Helias
2722 1278 2807 1332 ex
2848 1257 3261 1349 captivitate
3298 1256 3457 1329 mit-

364 1384 663 1467 teretur,
741 1401 877 1472 quo
941 1380 1216 1453 fidelem
1281 1400 1356 1451 se
1421 1379 1600 1472 Regi
1664 1385 1734 1452 et
1789 1380 2032 1472 Regno
2097 1380 2527 1466 ostenderet,
2592 1383 2901 1451 castrum
2967 1382 3037 1451 et
3098 1377 3459 1451 civitatem

367 1500 724 1571 Braczlaw
779 1501 862 1573 de
917 1500 1240 1573 manibus
1295 1500 1840 1588 Lithuanorum,
1897 1520 2054 1572 curn
2111 1500 2276 1573 forti
2331 1499 2619 1573 veniens
2674 1498 2990 1572 exercitu
3046 1502 3287 1589 (prout
3342 1518 3458 1569 su-

364 1620 606 1711 perius
644 1620 1110 1709 ostendimus)
1165 1620 1428 1711 eripuit
1465 1625 1536 1692 et
1573 1619 1648 1691 in
1684 1640 1934 1692 manus
1990 1620 2265 1693 Derslai
2324 1619 2879 1709 Wlosthowsky‚
2946 1618 3067 1709 qui
3124 1621 3291 1689 tunc
3346 1636 3457 1689 ca-

369 1740 700 1830 pitaneus
753 1739 1086 1812 Podoliae
1139 1739 1528 1812 habebatur
1571 1740 1646 1828 ι),
1701 1740 2134 1832 resignavit:
2190 1740 2393 1813 cuius
2446 1738 2880 1832 negligentia
2916 1744 2987 1812 et
3024 1737 3297 1811 incuria
3332 1736 3459 1809 ite-

365 1879 522 1930 rum
596 1858 731 1930 fuit
805 1859 1182 1947 Braczlavv,
1257 1859 1427 1933 licet
1489 1863 1650 1951 post
1713 1860 1940 1933 multa
2001 1864 2347 1952 tempora,
2413 1880 2537 1952 per
2598 1858 2987 1932 Lithuanes
3052 1858 3293 1930 fraude
3356 1856 3461 1929 in-

367 1980 782 2070 terceptum.

411 2330 712 2403 ubertus
756 2331 1277 2421 lumnam:
1323 2333 1844 2423 archiepiscopus
1889 2333 2289 2407 fluunonsin
2332 2334 2631 2421 moritur,
2675 2324 2779 2406 c'ui
2824 2333 3205 2406 Vincentius
3250 2332 3423 2404 zoth

1536 2453 1618 2525 do
1661 2454 1952 2527 Mne
1987 2453 2301 2527 succedit.

577 2700 686 2771 Ex
741 2698 1032 2791 Leopoli
1088 2698 1528 2772 Wladislaus
1583 2700 1742 2773 Rex
1795 2720 1954 2773 cum
2006 2720 2335 2793 germano
2399 2721 2524 2772 suo
2582 2701 2771 2773 Duce
2826 2699 3188 2772 Kazimiro
3242 2698 3463 2771 disce·
3548 2712 3553 2719 '

367 2819 574 2908 dena,
631 2826 854 2893 terras
908 2819 1210 2892 Russiae
1261 2820 1587 2911 gyrabat,
1645 2826 1714 2893 et
1767 2838 1892 2912 pro
1930 2820 2176 2893 diebus
2214 2820 2497 2892 Natalis
2536 2820 2815 2893 Domini
2854 2819 3289 2907 cracoviam,
3346 2838 3462 2891 ve·

368 2940 481 3011 lut
535 2940 622 3011 ad
677 2939 1084 3012 continuum
1141 2939 1384 3012 nidum
1442 2960 1644 3013 suum
1701 2960 2024 3014 reversus
2079 2944 2213 3014 est.
2271 2940 2417 3013 Sub
2473 2941 2712 3013 eodem
2767 2960 2947 3012 anno
3001 2938 3229 3031 prima
3273 2937 3464 3010 vide-

370 3059 542 3132 licet
569 3060 683 3133 die
713 3059 1176 3151 SeptembriS,
1221 3060 1558 3133 Albertus
1596 3060 2150 3152 Iastrzambyecz
2181 3061 2265 3133 de
2292 3060 2647 3133 Lubnicze
2675 3060 2763 3149 ²),
2814 3081 2901 3133 ex
2939 3064 3139 3151 patre
3174 3059 3468 3131 Derslao

371 3184 446 3251 et
501 3184 720 3254 matre
777 3180 1114 3269 Cristina,
1171 3181 1739 3274 archiepiscopus
1797 3181 2227 3255 Gnesnensis
2290 3180 2365 3252 in
2418 3180 2597 3253 villa
2650 3179 3141 3253 Mnichowicae
3192 3179 3267 3251 in
3322 3180 3465 3252 Ma-

372 3300 572 3371 sovia
625 3302 950 3389 moritur,
1010 3306 1080 3374 et
1133 3300 1207 3372 in
1263 3301 1556 3375 ecclesia
1611 3301 2000 3374 Gnesnensi
2056 3307 2219 3374 ante
2274 3301 2675 3392 capitulare
2727 3301 2858 3374 sub
2912 3321 3089 3372 urna
3122 3320 3327 3373 aerea
3362 3320 3467 3373 se·
3522 3360 3529 3367 .

371 3418 678 3511 pelitur:
757 3420 866 3492 vir
927 3425 1244 3493 maturus
1311 3426 1382 3493 et
1434 3421 1772 3513 prudens,
1841 3425 1912 3494 et
1967 3442 2265 3514 magnus
2334 3422 2605 3513 patriae
2676 3428 2967 3493 amator.
3042 3421 3217 3492 Post
3269 3419 3473 3492 cuius

372 3544 698 3627 mortem,
755 3540 1030 3631 nepotis
1069 3541 1180 3613 sui
1219 3540 1530 3633 germani
1588 3540 1873 3613 Martini
1927 3540 2012 3613 de
2067 3539 2471 3633 Rithwyani
2532 3539 2833 3633 palatini
2888 3539 3331 3613 Lanciciensi
3386 3540 3465 3610 fi·

371 3658 518 3732 lius
582 3660 919 3732 Derslaus
985 3682 1222 3734 omnes
1284 3682 1396 3734 res
1459 3666 1532 3733 et
1593 3660 1960 3752 pecunias,
2027 3668 2261 3734 vestes
2326 3667 2397 3735 et
2451 3661 2801 3748 clenodia,
2866 3657 3469 3733 consentientibus

371 3777 515 3851 sibi
569 3778 926 3871 aliquibus
985 3780 1481 3866 familiaribus,
1541 3800 1716 3872 quos
1770 3780 2136 3871 promissis
2191 3782 2567 3870 allexerat,
2620 3780 2917 3872 recepit,
2971 3780 3093 3853 sed
3134 3783 3203 3852 et
3240 3783 3469 3852 castro

373 3898 938 3987 Borzislawicze‚
999 3902 1178 3991 quod
1235 3900 1386 3991 ipse
1441 3901 1780 3973 Albertus
1835 3900 2402 3993 archiepiscopus
2458 3923 2544 3975 ex
2584 3921 2779 3974 muro
2818 3900 3341 3987 aedificaverat,
3398 3904 3469 3971 et

371 4017 724 4091 notabiles
781 4018 1144 4092 thesauros
1201 4042 1323 4112 pro
1377 4020 1550 4093 filiis
1606 4020 1899 4095 alterius
1955 4021 2231 4112 nepotis
2286 4021 2579 4095 Stiborii
2633 4020 2934 4113 palatini
2990 4020 3467 4093 Lanciciensis

371 4138 813 4227 condiderat,
870 4140 1175 4230 potitus,
1234 4162 1472 4214 omues
1508 4142 1908 4229 thesauroS,
1969 4164 2141 4234 quos
2182 4141 2335 4215 illic
2371 4140 2671 4230 invenit,
2712 4142 2863 4215 suis
2900 4140 3287 4234 applicavit
3322 4140 3465 4212 usi·

367 4260 545 4331 bns,
595 4258 998 4350 Capitulum
1055 4259 1458 4333 Gnesnense
1512 4282 1636 4352 pro
1691 4261 1804 4334 die
1852 4261 2365 4335 Translationis
2412 4261 2655 4335 Sancti
2708 4261 3077 4334 Adalberti
3128 4261 3469 4334 electione

365 4399 502 4470 pro
541 4378 775 4465 futuro
813 4379 1334 4471 archiepiscopo
1371 4380 1742 4473 deligendo
1779 4382 2160 4469 celebrata,
2204 4381 2652 4455 Vincentium
2690 4382 2885 4454 Kotb
2915 4379 2979 4470 ³)
3032 4381 3118 4455 de
3156 4381 3471 4453 Dambno

367 4498 660 4571 Artium
715 4499 1162 4591 Magistrum,
1219 4501 1526 4573 nobilem
1575 4503 1660 4573 de
1714 4501 1916 4573 domo
1951 4502 2271 4595 ‘Doliwa,
2328 4501 2687 4575 custodem
2744 4500 3248 4589 Gnesnensem,
3306 4523 3463 4574 cau-

367 4630 598 4692 torem
653 4618 1176 4698 Cracoviensem
1231 4626 1302 4693 et
1355 4622 1582 4713 Regni
1637 4621 1970 4693 Poloniae
2023 4620 2709 4710 vicecancellarium,
2766 4642 2891 4713 per
2945 4622 3129 4695 viam
3168 4621 3468 4712 inspira·-

367 4740 597 4813 tionris
651 4740 1082 4813 concorditer
1135 4741 1210 4813 in
1263 4740 1864 4833 archiepiscopum
1903 4742 2141 4834 elegit.
2200 4743 2495 4815 Moleste
2529 4742 3029 4835 gubernatores
3067 4742 3292 4833 Regni
3332 4740 3465 4813 visi

367 4865 546 4931 sunt
601 4860 778 4933 ferre
834 4860 1240 4934 electionem
1297 4861 1756 4952 praedictam,
1815 4860 2181 4955 iudignum
2238 4862 2662 4949 iudicanteS,
2720 4868 2802 4934 ut
2857 4862 2967 4934 vir
3000 4882 3245 4954 pamm
3285 4861 3359 4933 in
3395 4882 3469 4932 re

365 4979 662 5073 publica
695 4980 1022 5069 meritae,
1065 4985 1206 5053 tam
1245 4980 1587 5070 subitum,
1629 4980 1922 5055 caeteris
1958 4981 2413 5073 pontificibus
2438 4981 2871 5075 praeteritiS,
2910 4984 3199 5055 haberet
3226 5000 3463 5053 asceu-

367 5122 568 5171 sum:
645 5100 826 5173 unde
899 5105 1236 5192 quantum
1309 5107 1632 5193 poterant
1694 5102 2172 5191 enitebantur,
2240 5108 2321 5175 ut
2384 5102 2632 5176 electio
2692 5103 2851 5176 eius
2914 5108 3343 5189 cassaretur,
3402 5106 3471 5173 et

367 5220 728 5311 Sbigneus
784 5220 1262 5293 cracoviensis
1317 5223 1686 5315 episcopus
1723 5222 1796 5295 in
1837 5223 2346 5310 Gnesnensem,
2386 5222 2827 5296 Wladislaus
2866 5222 3233 5314 episcopus
3270 5220 3466 5293 Wla-

369 5392 481 5401 —n——‘

597 5476 644 5549 ¹)
693 5480 982 5555 agebatur
1031 5474 1182 5539 cod.
1234 5476 1408 5541 Koa.
1455 5480 1646 5540 fluerat
1689 5476 1814 5541 Ed.
1863 5476 2044 5562 Σίρι.
2094 5478 2146 5561 ²)
2194 5480 2451 5541 Labiene
2482 5476 2607 5541 Ed.
2642 5476 2822 5562 Lipc.
2857 5476 2909 5557 ³)
2941 5478 3109 5539 Boch-
3128 5475 3253 5539 Ed.
3288 5475 3469 5563 Lips.
