4342 6384
356 540 490 640 (Α.
530 539 622 615 D.
663 535 915 639 1440.)
1497 560 1721 617 mnan
1773 509 2287 617 Dnomsoinms.
2964 638 2972 649 .
3301 546 3449 619 639

354 770 769 840 persuasum
823 752 962 837 est,
1020 748 1278 839 reperi:
1337 748 1503 821 dum
1559 749 1894 840 quosdam
1958 753 2273 823 vestrum
2336 749 2666 823 electioni
2728 770 2921 824 meae
2976 756 3046 823 et
3098 750 3449 843 regimini,

358 870 693 960 quosdam
749 890 913 942 vero
971 868 1339 941 Elisabeth
1403 869 1716 962 Reginae
1771 872 1842 941 01
1895 868 2044 942 filio
2100 889 2261 957 3110,
2330 890 2531 961 quem
2598 871 2923 944 nonnulli
2978 892 3065 943 ex
3122 871 3322 944 vobis
3376 871 3453 944 in

356 989 618 1083 Regem
674 992 1093 1062 coronarunt
1148 988 1584 1080 Hungariae,
1645 990 1878 1061 favere
1937 988 2175 1077 video;
2244 1010 2332 1062 ex
2387 1011 2525 1082 quo
2580 990 2653 1063 in
2706 991 2949 1083 Regno
3004 992 3135 1065 hoc
3186 990 3451 1064 bellum

359 1108 775 1183 intestinum
837 1109 1069 1201 parari
1132 1109 1538 1198 reformido,
1615 1129 2037 1201 exactorque
2100 1110 2547 1184 vehementer
2618 1112 2789 1184 haec
2851 1115 3089 1184 vestra
3160 1110 3319 1183 odia
3382 1116 3453 1184 et

357 1230 767 1319 schismata,
824 1233 895 1303 et
947 1230 1147 1302 nulla
1208 1230 1477 1304 ratione
1539 1250 1825 1321 possum
1889 1230 2171 1319 adduci,
2246 1234 2327 1303 ut
2398 1252 2683 1323 regnem
2756 1252 2965 1323 super
3026 1252 3151 1303 vos
3217 1232 3292 1303 in
3347 1236 3455 1303 tot

357 1354 670 1422 monstra
723 1349 1039 1422 odiorum
1094 1354 1164 1423 et
1217 1350 1645 1423 divisionum
1697 1351 2088 1442 prolapsos.
2143 1350 2349 1423 Unde
2402 1372 2489 1423 ne
2544 1351 2678 1424 sim
2714 1350 2847 1440 rei,
2906 1372 3114 1442 quam
3155 1351 3453 1442 ipsemet

359 1470 718 1543 abominor
771 1475 842 1543 et
896 1491 1214 1557 execror,
1281 1470 1582 1559 occasio,
1649 1474 2003 1543 contestor
2065 1492 2191 1543 vos
2257 1471 2465 1545 hodie
2526 1471 2820 1544 insimul
2872 1475 3326 1564 congregatos
3382 1477 3453 1544 et

359 1610 601 1678 exor0,
675 1595 756 1662 ut
810 1591 1126 1683 qualibet
1195 1591 1475 1682 privata
1546 1590 1910 1664 affectione
1981 1594 2281 1680 remota,
2356 1592 2741 1665 consulatis
2814 1592 3117 1665 fideliter
3168 1592 3326 1683 paci
3380 1597 3453 1665 et

359 1710 584 1802 quieti
644 1710 874 1804 Regni
941 1711 1192 1799 vestri,
1259 1732 1416 1784 cum
1472 1711 1546 1783 in
1601 1715 1837 1785 vestra
1900 1732 2108 1783 manu
2175 1708 2661 1803 tranquillitas
2728 1717 2798 1785 01
2860 1713 3233 1785 dissidium
3298 1712 3451 1785 eius

360 1830 498 1902 sita
551 1831 716 1903 sint.
774 1831 876 1903 De
929 1852 1037 1903 me
1076 1852 1269 1920 ver0,
1329 1831 1452 1923 qui
1487 1832 1626 1904 huc
1663 1832 1918 1905 vestris
1963 1831 2289 1923 precibus
2327 1835 2401 1905 et
2431 1830 3068 1923 pollicitationibus
3107 1833 3449 1905 adductus

361 1972 546 2038 sum,
603 1971 742 2023 non
795 1952 920 2024 fiat
974 1951 1290 2039 interim,
1349 1950 1719 2025 dummodo
1776 1952 2000 2043 quieti
2037 1951 2445 2045 Hungariae
2492 1952 2721 2045 Regni
2757 1952 3117 2044 provisum
3156 1952 3283 2042 sit,
3340 1974 3451 2025 ae-

365 2071 712 2160 stimatio,
754 2070 874 2162 qui
912 2091 1131 2161 aequo
1171 2072 1401 2144 animo
1441 2072 1622 2145 malo
1659 2071 1732 2143 in
1762 2072 2082 2164 Regnum
2120 2093 2383 2159 meum,
2440 2072 2623 2145 unde
2659 2072 2851 2162 veni,
2890 2072 3193 2165 regredi,
3250 2093 3457 2164 quam

359 2191 665 2262 adventu
719 2211 870 2263 meo
924 2190 1134 2263 civile
1189 2192 1454 2265 bellum
1511 2192 1871 2279 suscitari,
1929 2195 2000 2263 et
2055 2192 2175 2283 qui
2231 2193 2551 2283 Regnum
2604 2193 2767 2280 hoc,
2826 2197 2907 2264 ut
2962 2212 3110 2265 meo
3165 2192 3450 2265 brachio

359 2332 399 2381 a
451 2310 901 2383 barbarorum
957 2312 1321 2385 defendere
1375 2334 1704 2406 pressura
1757 2312 2066 2403 suscepi,
2125 2310 2448 2404 iniquum
2501 2334 2687 2401 reor,
2743 2316 2825 2385 ut
2880 2334 2967 2385 ex
3022 2334 3133 2386 me
3178 2318 3451 2386 contra-

357 2430 480 2501 hat
533 2431 722 2504 bella
759 2432 1168 2522 domestica,
1209 2433 1646 2525 quibuslibet
1681 2433 1944 2506 exteris
1983 2432 2556 2506 formidabiliora.
2615 2433 2975 2506 Consulite
3014 2433 3251 2525 itaque
3289 2438 3451 2505 ante

358 2555 633 2643 tempus
689 2552 938 2642 errori,
997 2553 1118 2646 qui
1173 2559 1282 2627 est
1336 2558 1458 2625 aut
1511 2553 1584 2625 in
1639 2574 1792 2627 mea
1846 2553 2218 2642 electione,
2276 2556 2399 2625 aut
2452 2552 2527 2625 in
2578 2552 2715 2626 filii
2768 2553 3047 2626 Alberti
3082 2553 3301 2646 Regis
3338 2574 3449 2625 co-

357 2672 720 2747 ronatione
774 2673 1221 2763 commissuS,
1278 2678 1349 2747 et
1401 2673 1759 2746 restituite
1813 2673 1888 2745 in
1924 2673 2275 2765 integrum
2331 2677 2584 2746 errata.
2642 2673 2803 2746 Non
2840 2678 3115 2747 moveat
3153 2694 3278 2745 vos
3316 2674 3444 2745 ali-

359 2813 498 2883 qua
548 2793 816 2883 passio,
893 2793 1216 2883 ambitio,
1292 2815 1484 2867 amor
1538 2793 1652 2867 vel
1704 2792 2012 2881 affectiO,
2080 2793 2202 2867 sed
2266 2793 2498 2865 animo
2572 2792 2840 2867 sincero
2896 2799 2968 2867 et
3018 2794 3246 2881 fideli,
3312 2816 3451 2865 non

361 2914 589 3001 vafro,
655 2935 794 2985 non
857 2914 1148 3001 callid0,
1215 2936 1352 2985 non
1408 2914 1679 3004 doloso,
1746 2913 1819 2987 id
1875 2913 2059 3006 quod
2114 2913 2315 2985 vobis
2372 2913 2652 2987 salubre
2704 2914 3053 2986 communi
3106 2914 3448 2987 delibera·
3558 2988 3567 2995 ,

359 3033 552 3105 110110
614 3034 845 3105 visum
910 3034 1154 3122 fuerit,
1224 3034 1792 3125 complectimini.
1861 3034 2054 3107 Haec
2118 3033 2341 3106 oratio
2406 3033 2652 3106 multis
2716 3034 3095 3107 maioribus
3152 3040 3222 3108 et
3278 3034 3449 3107 infe-

358 3152 664 3225 rioribus
702 3154 1105 3246 Hungariae
1144 3155 1461 3228 excussit
1498 3154 1856 3243 lacrimas,
1915 3154 2237 3227 omnibus
2275 3158 2542 3227 tantam
2581 3154 2635 3243 1)
2691 3154 3165 3228 humilitatem
3202 3160 3273 3229 et
3308 3177 3450 3227 mo-

356 3274 656 3345 destiam
721 3273 794 3345 in
857 3274 1184 3366 Principe
1265 3274 1684 3348 mirantibus
1710 3330 1727 3362 ,
1804 3279 1874 3347 et
1939 3279 2246 3347 tractatu
2320 3274 2593 3365 aliquot
2662 3276 2989 3347 horarum
3074 3276 3449 3367 separatim

355 3394 634 3480 habito,
703 3393 1140 3485 singulorum
1205 3395 1392 3467 votis
1462 3394 1826 3481 scrutatiS,
1899 3394 1974 3467 in
2036 3395 2223 3467 hunc
2287 3394 2567 3466 modum
2635 3395 3027 3468 Wladislao
3091 3396 3271 3489 Regi
3334 3418 3458 3487 per

355 3535 695 3605 organum
733 3514 1100 3586 Laurentii
1135 3515 1220 3585 de
1257 3515 1672 3587 Hedrewara
1724 3513 2037 3587 Palatini
2083 3514 2490 3606 Hungariae
2542 3516 2993 3606 respondent:
3052 3517 3184 3589 Est
3220 3517 3453 3604 nobis,

357 3633 807 3707 serenissime
871 3634 1208 3725 Princeps
1257 3639 1353 3737 ,01
1415 3634 1925 3727 gratiosissime
1998 3635 2191 3721 Reiz,
2257 3633 2808 3708 iucundissimus
2872 3640 2943 3709 et
3004 3636 3453 3728 gratissimus

357 3760 531 3826 tuus
587 3754 660 3825 in
714 3754 1036 3847 Regnum
1091 3755 1222 3826 hoc
1277 3755 1643 3828 adventus
1703 3754 1860 3827 Tibi
1914 3754 2097 3827 enim
2153 3760 2467 3827 nostram
2524 3760 2593 3828 et
2647 3756 2875 3848 Regni
2930 3748 3156 3829 nostri
3202 3778 3243 3829 a
3280 3758 3452 3829 Tur-

356 3896 598 3947 corum
663 3874 1030 3966 tyrannide
1102 3875 1585 3948 liberationem
1649 3896 1690 3947 a
1752 3875 1896 3947 Deo
1961 3875 2223 3967 optimo
2286 3880 2712 3949 reservatam
2780 3897 2932 3949 esse
3004 3876 3464 3964 confidimus}

359 3995 494 4067 sub
549 3996 679 4065 hac
735 4015 1008 4087 quoque
1064 4016 1186 4086 spe
1216 3993 1278 4084 2)
1334 4000 1404 4065 et
1457 3994 1743 4084 fiducia,
1802 3996 1963 4067 dum
2022 3995 2343 4087 Regnum
2396 3996 2529 4068 hoc
2579 4001 2801 4069 morte
2838 3997 3117 4070 Alberti
3155 3997 3450 4070 destitu-

355 4122 510 4187 tum
567 4119 756 4186 esset
807 4119 1103 4203 rectore,
1161 4114 1260 4186 in·
1289 4114 1672 4207 diebusque
1727 4115 1876 4187 suis
1929 4137 2054 4207 per
2105 4116 2692 4207 conquisitionem
2730 4117 2944 4190 castri
2982 4117 3355 4191 Smiderow
3392 4116 3453 4204 ³)

357 4241 432 4309 et
486 4235 708 4306 totius
762 4234 1058 4307 Rasciae
1113 4235 1634 4327 occupationem
1686 4256 2004 4327 pressum
2061 4242 2276 4324 esset,
2334 4238 2420 4309 ad
2484 4241 2555 4309 te
2610 4259 2859 4324 unum,
2916 4238 3238 4311 omnibus
3292 4238 3455 4311 aliis

358 4354 848 4445 Principibus,
908 4354 1031 4447 qui
1086 4376 1160 4427 se
1214 4356 1754 4429 considerationi
1817 4361 2097 4429 nostrae
2163 4355 2573 4445 offerebant,
2644 4358 2765 4431 sed
2820 4363 2891 4429 et
2942 4358 3091 4430 filio
3147 4358 3455 4431 eiusdem

357 4476 675 4563 Alberti‚
735 4474 796 4546 si
853 4474 1058 4547 illum
1123 4475 1492 4549 Elisabeth
1555 4476 1817 4564 ederet,
1885 4477 2261 4569 neglectis,
2330 4478 2568 4549 oculos
2623 4477 3131 4567 convertimus,
3188 4482 3259 4551 te
3312 4479 3452 4551 cla-

357 4596 570 4669 dibus
626 4600 694 4666 et
750 4595 1272 4667 calamitatibus
1329 4596 1539 4668 huius
1593 4596 1821 4689 Regni
1877 4617 2405 4688 compassurum
2458 4600 2603 4670 fore
2656 4597 3091 4671 confidimus.
3148 4598 3242 4669 Et
3294 4618 3452 4670 cum

358 4715 800 4788 clarissimus
855 4715 1133 4807 genitor
1185 4719 1352 4787 tuus
1407 4716 1748 4807 plurimos
1801 4718 2133 4809 1101111103,
2193 4718 2455 4791 multas
2510 4718 2861 4805 nationeS,
2901 4718 3251 4791 erroribus
3286 4738 3452 4810 gen-

357 4835 654 4909 tilitatis
711 4835 1016 4923 deditoS,
1075 4835 1236 4908 fidei
1290 4836 1554 4909 lumine
1607 4835 2110 4926 illustraverit,
2169 4844 2249 4910 tu
2287 4837 2596 4911 eiusdem
2652 4836 2845 4927 fidei,
2904 4838 3103 4911 cuius
3142 4838 3270 4910 ille
3308 4841 3457 4911 erat

357 4957 699 5029 dilatator
751 4961 821 5028 et
874 4960 1108 5044 autor,
1165 4976 1306 5028 non
1357 4956 1716 5030 dubitabis
1771 4978 1923 5031 esse
1977 4958 2299 5031 defensor
2352 4963 2422 5031 et
2475 4957 2855 5032 acerrimus
2919 4957 3231 5031 eiusdem
3294 4979 3453 5049 pro-

353 5080 743 5169 pugnator,
802 5079 1148 5167 quatenus
1204 5081 1276 5149 et
1329 5098 1612 5167 operum
1668 5080 1738 5149 et
1792 5077 2095 5149 nominis
2163 5078 2365 5151 illius
2428 5078 2564 5151 tibi
2616 5100 2781 5151 vera
2836 5078 3161 5151 succedat
3214 5080 3453 5152 haere·

355 5196 573 5269 ditas.
642 5195 978 5267 Concordi
1044 5195 1282 5287 itaque
1347 5201 1418 5269 et
1470 5195 1786 5269 unanimi
1850 5198 2108 5291 spiritu
2171 5203 2242 5271 te
2308 5197 2381 5270 in
2434 5202 2753 5271 nostrum
2818 5204 2889 5271 et
2951 5199 3179 5291 Regni
3242 5199 3456 5271 huius

1078 5366 1190 5374 -ι

583 5452 626 5535 ¹)
675 5452 912 5513 tandem
958 5448 1082 5515 Ed.
1133 5451 1309 5535 Lips.
1359 5451 1413 5533 ⁹)
1459 5473 1522 5514 10
1566 5449 1692 5514 Ed.
1743 5450 1922 5540 Lips.
1971 5452 2024 5533 ³)
2071 5455 2391 5515 Swiderow
2436 5452 2563 5517 Ed.
2610 5450 2792 5539 Lips.
