4342 6384
867 558 1017 629 316
2053 576 2279 628 LIBER
2330 574 2785 629 6666611166.
3386 546 3520 649 (Α.
3558 543 3651 623 Β.
3690 549 3945 650 1423.)

863 761 1207 854 Sbigneus
1260 761 1346 835 de
1400 762 1696 834 Brzesze
1735 761 1789 851 ¹)
1844 760 2075 853 Regni
2126 759 2460 834 Poloniae
2524 760 2939 847 marsalcus‚
2996 758 3391 849 caeterique
3454 758 3819 851 dignitarii
3868 764 3947 831 et

855 880 1312 971 magistratus
1365 880 1593 972 Regni
1649 880 1982 953 Poloniae
2045 879 2567 967 convenissent,
2634 877 3105 965 attendentes,
3172 877 3359 968 quod
3408 898 3533 968 1161
3586 877 3744 949 iura
3795 882 3933 950 161-

856 999 1108 1073 restria
1160 1020 1202 1070 a
1253 997 1609 1071 Kazimiro
1666 999 1966 1072 secundo
2032 999 2225 1091 Rege
2279 997 2610 1070 Poloniae
2666 997 2875 1085 edita,
2932 1018 3071 1068 non
3109 996 3281 1068 satis
3340 996 3662 1069 omnibus
3717 997 3946 1089 Regni

863 1116 1195 1190 Poloniae
1248 1117 1786 1191 necessitatibus
1842 1118 2094 1191 fuisset
2145 1117 2537 1209 provisum,
2593 1119 2753 1207 post
2787 1115 3126 1208 plurimos
3180 1118 3252 1187 et
3286 1114 3519 1187 varios
3572 1118 3947 1203 tractatuS,

861 1256 1046 1309 nova
1097 1235 1284 1324 iura,
1340 1237 1724 1327 plurimum
1761 1237 2004 1329 Regno
2059 1241 2130 1309 et
2181 1236 2286 1308 rei
2320 1235 2641 1327 publicae
2696 1237 3082 1327 profectum
3138 1233 3530 1322 afferentia,
3586 1252 3749 1305 cum
3802 1254 3947 1305 ma·

863 1376 1004 1447 gna
1055 1356 1464 1429 maturitate
1527 1361 1738 1447 atque
1792 1355 1972 1428 libra
2025 1356 2363 1443 condunt,
2426 1359 2495 1427 et
2546 1354 2621 1426 in
2687 1353 3025 1446 scriptum
3075 1354 3387 1441 redacta,
3442 1353 3803 1426 veteribus
3840 1354 3948 1425 iu-

863 1474 1058 1546 ribus
1113 1474 1458 1547 Kazimiri
1520 1474 1736 1568 Regis
1791 1474 2205 1567 adiungunt.
2280 1474 2468 1566 Quae
2518 1473 2947 1547 universitas
3011 1472 3353 1545 nobilium
3407 1476 3477 1545 et
3529 1472 3951 1544 militarium

867 1592 1098 1685 Regni
1177 1593 1510 1667 Poloniae
1580 1592 2088 1666 commendavit
2167 1597 2239 1666 et
2300 1592 2377 1665 in
2450 1597 2807 1684 acceptum
2880 1592 3155 1673 retulit.
3230 1591 3607 1682 posteritas
3672 1610 3953 1683 quoque

867 1712 1129 1802 absque
1181 1711 1391 1783 dubio
1448 1718 1554 1785 est
1591 1712 2183 1799 commendatum,
2238 1710 2526 1803 perenni
2564 1712 2768 1783 laude
2820 1710 3078 1783 iurium
3130 1710 3645 1801 praedictorum
3696 1710 3953 1801 dignes

869 1830 1284 1903 existimans
1322 1830 1736 1903 conditores.
1793 1830 2305 1903 Providebatur
2341 1830 2523 1903 enim
2560 1830 2746 1903 inter
2783 1829 2923 1901 alia
2976 1828 3247 1901 iuribus
3286 1827 3721 1916 huiusmodi,
3764 1829 3956 1919 quod

868 1948 1210 2039 nobilium
1263 1969 1552 2038 uxorea,
1609 1950 1880 2022 maritis
1935 1950 2229 2022 mortuis
2286 1949 2467 2047 suis,
2526 1948 3003 2020 tantummodo
3061 1947 3221 2021 dote
3282 1952 3353 2019 et
3406 1947 3727 2019 dotalitio
3786 1968 3953 2020 con·

872 2071 1106 2139 tentae
1143 2068 1318 2153 sint,
1376 2089 1550 2159 quae
1587 2070 1762 2141 alias
1801 2090 1889 2142 ex
1926 2072 2210 2141 vetusta
2245 2068 2473 2159 Regni
2527 2050 3046 2155 consuetudine,
3105 2068 3219 2138 vel
3254 2066 3492 2156 potius
3528 2068 3955 2157 corruptela,

872 2186 1205 2259 universa
1257 2186 1438 2260 bona
1491 2188 1928 2275 maritorum,
1986 2187 2333 2260 viduitate
2388 2187 2714 2275 durante,
2779 2184 3229 2277 possidebant
3294 2188 3363 2257 et
3424 2185 3499 2256 in
3552 2206 3717 2257 suas
3774 2185 3957 2259 deli-

872 2304 1017 2378 cias
1071 2308 1142 2377 et
1175 2306 1730 2395 commoditateS,
1787 2328 1924 2398 quo
1960 2327 2084 2397 pro
2121 2305 2327 2377 libito
2375 2310 2663 2396 possent
2698 2304 3007 2376 nancisci
3058 2303 3379 2391 maritos,
3419 2303 3952 2395 dispensabant.

873 2425 1038 2495 Dux
1089 2422 1376 2514 insuper
1429 2424 1921 2517 Sigismundus
1975 2425 2365 2513 Koributh,
2422 2425 2611 2516 regio
2666 2422 2989 2495 mandato
3044 2442 3133 2495 ex
3169 2422 3506 2493 Bohemia
3555 2428 3955 2511 revocatus,

874 2540 1414 2615 Dobrzinensem
1467 2548 1722 2617 terram
1776 2545 1914 2618 sibi
1966 2544 2251 2636 petebat
2304 2543 2600 2617 conferri
2654 2564 2696 2614 a
2729 2544 2921 2633 Rege
2973 2542 3047 2614 16
3102 2544 3439 2613 tenutam.
3497 2541 3714 2631 Quem
3756 2542 3957 2614 Wla-

875 2661 1142 2734 dislaus
1196 2661 1354 2735 Rex
1418 2662 1505 2735 ad
1568 2663 2004 2737 consiliarios
2077 2663 2605 2735 conventionem
2666 2662 3157 2734 Warthensem
3220 2664 3535 2751 agenteS‚
3600 2661 3956 2749 161161666,

876 2801 1018 2852 666
1051 2782 1418 2855 convenire
1455 2782 1591 2855 sibi
1627 2784 2118 2876 respondebat,
2159 2782 2583 2855 consiliariis
2632 2803 2771 2853 non
2806 2779 3426 2867 consentientibus,
3466 2782 3689 2851 terras
3724 2778 3961 2872 Regni

882 2898 1196 2970 Ducibus
1250 2902 1708 2992 committere,
1767 2907 1835 2975 et
1889 2902 2275 2975 iuramento
2330 2900 2608 2991 proprio
2662 2900 3028 2973 contraire.
3102 2882 3361 2971 Verum
3424 2919 3580 2971 cum
3634 2898 3963 2971 concordi

883 3016 1438 3090 consiliariorum
1493 3021 1765 3093 decreto
1822 3020 2257 3113 Sigismundi
2304 3020 2659 3091 Koributh
2694 3019 2909 3091 Ducis
2963 3038 3230 3110 1116666,
3289 3017 3752 3108 personaliter
3789 3038 3958 3109 sup-

883 3134 1246 3226 plicantis,
1301 3138 1707 3229 repudiatae
1762 3141 1987 3212 forent
2017 3139 2104 3228 2),
2171 3138 2493 3211 irritatus
2554 3137 2956 3210 huiusmodi
3006 3137 3320 3227 repulsa,
3388 3136 3617 3227 coepit
3679 3136 3960 3209 clande-

887 3253 1110 3325 stinos
1165 3255 1238 3327 in
1293 3256 1532 3349 Regno
1587 3278 1788 3351 agere
1841 3263 2227 3331 conventus
2291 3262 2362 3330 et
2414 3258 2909 3330 nonnullorum
2963 3254 3269 3328 militum
3334 3255 3636 3342 61111666,
3692 3256 3781 3327 ad
3834 3276 3959 3327 no-

885 3373 1189 3445 vandum
1239 3395 1353 3447 166
1405 3378 1905 3468 proclivorum,
1963 3364 2315 3450 solicitare
2369 3377 2443 3448 in
2498 3375 3079 3467 conspirationem
3143 3379 3212 3447 et
3264 3374 3491 3467 Regni
3554 3376 3959 3449 scissuram.

887 3492 1076 3583 Quae
1109 3514 1221 3566 res
1257 3493 1634 3568 Wladislai
1673 3497 1923 3589 Regis,
1979 3497 2459 3569 Praelatorum
2499 3515 2772 3586 quoque
2827 3498 2897 3567 et
2929 3495 3262 3567 baronum
3299 3493 3631 3567 Poloniae
3686 3494 3963 3567 animos

887 3611 974 3683 ab
1038 3632 1115 3684 eo
1177 3614 1556 3704 plurimum
1627 3615 1966 3688 alienavit
2028 3618 2099 3687 61
2163 3614 2451 3687 avertit:
2526 3614 2612 3685 ab
2678 3632 2893 3704 eoque
2956 3613 3067 3685 die
3136 3614 3485 3686 contemni
3554 3618 3627 3686 et
3690 3614 3965 3705 despici

889 3730 1148 3821 6661111,
1205 3733 1403 3805 velut
1453 3736 1676 3825 pestis
1731 3734 2116 3822 mortifera,
2175 3754 2383 3824 quam
2436 3733 2855 3805 verebantur
2905 3732 2981 3804 in
3017 3730 3348 3803 Poloniae
3402 3732 3631 3825 Regni
3682 3733 3962 3806 destru-

890 3847 1187 3922 ctionem
1244 3852 1653 3943 quandoque
1703 3856 2197 3945 grassaturam.
2255 3852 2560 3924 Putabat
2597 3851 3087 3944 Sigismundus
3126 3848 3593 3923 Romanorum
3649 3856 3721 3924 et
3757 3852 3960 3925 Hun-

891 3969 1125 4058 gariae
1184 3970 1371 4058 Rex,
1437 3972 1768 4044 Polonico
1835 3972 2148 4045 exercitu
2212 3975 2283 4043 et
2337 3970 2489 4043 eius
2544 3971 2860 4057 (1661616,
2926 3969 3372 4061 Sigismundo
3426 3970 3815 4058 Koributh,
3874 3991 3962 4044 ex

893 4088 1230 4160 Bohemia
1281 4088 1707 4180 discedente,
1765 4090 2148 4164 haereticos
2222 4091 2643 4162 Polonorum
2697 4089 2987 4161 auxiliis
3052 4089 3457 4177 (1661116166,
3525 4110 3689 4162 1666
3742 4088 3960 4181 1111116-

893 4209 1048 4277 rata
1099 4207 1404 4279 facturos
1435 4206 1529 4296 ³);
1587 4210 1708 4282 sed
1760 4211 1964 4302 longe
2017 4210 2347 4300 deceptus
2403 4212 2531 4281 est.
2606 4208 2787 4279 Nam
2842 4207 2955 4279 illi
3008 4208 3229 4299 magis
3294 4227 3373 4280 ac
3424 4207 3649 4299 magis
3703 4206 3959 4280 insole-

897 4328 1200 4412 6666166,
1268 4326 1575 4399 subactis
1638 4328 1824 4401 intra
1884 4328 2111 4420 Regni
2174 4330 2348 4400 fines
2412 4328 2793 4399 catholicae
2856 4326 3016 4399 fidei
3082 4325 3501 4414 cultoribus,
3576 4327 3963 4399 exercitum

899 4447 1102 4515 extra
1155 4444 1558 4518 Bohemiam
1614 4447 1872 4520 duxere
1925 4451 1996 4519 et
2025 4447 2088 4535 ⁴)
2144 4446 2413 4519 vicinas
2450 4446 2766 4538 regiones
2822 4448 2891 4517 et
2924 4445 3330 4537 praesertim
3367 4445 3731 4517 Austriam
3766 4464 3961 4538 prae-

899 4563 1008 4635 dis
1063 4568 1132 4637 et
1186 4565 1432 4656 spoliis
1487 4566 1820 4639 afflixere.
1875 4567 2012 4638 Per
2040 4565 2100 4655 5)
2156 4565 2337 4637 idem
2391 4570 2665 4656 tempus
2720 4564 3213 4656 Sigismundus
3250 4564 3405 4636 Rex
3458 4564 3749 4637 Alberto
3785 4562 3964 4636 Duci

900 4682 1231 4756 Austriae
1283 4705 1533 4777 genero
1590 4706 1714 4757 suo
1769 4685 2181 4773 Moraviam,
2241 4704 2325 4756 ne
2380 4684 2735 4757 defensore
2791 4686 3084 4770 careret,
3142 4682 3319 4753 dono
3364 4682 3588 4769 dedit,
3644 4682 3965 4774 quamvis

901 4802 1039 4875 iam
1090 4805 1408 4896 plerique
1461 4806 1660 4879 illius
1695 4804 2097 4897 provinciae
2143 4824 2461 4896 proceres
2516 4802 2601 4875 ad
2637 4802 3093 4874 Hussitarum
3145 4801 3490 4873 insaniam
3526 4800 3962 4877 defecissent.

1117 5074 1164 5153 ¹)
1206 5076 1448 5138 Brzezie
1493 5072 1646 5140 cod.
1689 5074 1884 5139 Rozr.
1954 5074 2008 5157 Ω)
2053 5081 2257 5138 6666111
2303 5070 2454 5139 C'ool.
2514 5072 2707 5137 Rozr.
2778 5072 2833 5155 8)
2878 5073 3136 5135 facturos
3180 5090 3315 5134 6666
3362 5067 3515 5135 Cod.
3556 5068 3748 5136 Rom·-
3811 5070 3867 5153 ⁴)
3907 5072 3967 5132 in

908 5173 1059 5241 God.
1104 5176 1294 5242 Rozr.
1344 5176 1395 5259 ⁵)
1441 5180 1563 5241 Sub
1613 5175 1763 5242 Cod.
1808 5175 2001 5241 Rozr.
