4342 6384
907 552 1054 625 576
2056 572 2284 625 mnnn
2336 570 2849 625 Duonncmus.
3438 550 3574 651 (Α.
3614 547 3705 625 D.
3746 550 4006 650 1436.)

903 758 1354 832 dislaviensis
1409 758 1483 830 in
1537 756 2098 844 cracoviensem,
2155 756 2497 849 Magister
2532 779 2696 830 vero
2735 756 3153 830 Vincentius
3208 758 3406 830 Koth
3442 760 3496 847 ¹)
3554 758 3628 831 in
3685 759 4001 832 Wladis·

900 880 1284 953 laviensem
1342 877 1810 951 succederent.
1871 876 2007 949 Sed
2063 876 2508 950 cracoviensi
2562 878 2887 969 episcopo
2944 876 3249 969 Sbigneo
3304 878 3773 952 conditionem
3822 880 4005 951 hanc

901 1000 1273 1073 manifeste
1307 1002 1676 1092 renuente,
1718 995 2158 1070 wladislaus
2196 997 2567 1088 episcopus
2606 996 3225 1070 wladislaviensis
3262 1019 3423 1071 cum
3458 1000 3799 1092 Magistro
3828 999 4005 1071 Vin-

899 1120 1128 1193 centio
1184 1119 1383 1191 Koth
1411 1117 1474 1206 2)
1530 1118 1603 1190 in
1641 1117 1939 1208 petenda
1987 1116 2383 1189 Gnesnensi
2420 1117 2716 1189 ecclesia
2770 1118 3297 1191 concurrebant.
3354 1119 3546 1191 Vicit
3584 1124 3819 1193 tamen
3856 1120 4001 1191 Ma·

897 1240 1120 1331 gister
1173 1239 1370 1310 Koth
1401 1236 1489 1328 3),
1548 1243 1618 1310 et
1673 1236 1922 1310 electio
1980 1258 2108 1308 sua
2161 1258 2285 1329 per
2339 1237 2733 1329 Eugenium
2802 1244 3130 1328 quartum
3196 1238 3551 1313 Bononiae
3605 1245 3778 1312 tunc
3832 1238 4001 1311 resi·

899 1358 1176 1433 dentem
1233 1359 1402 1446 fuit,
1460 1379 1599 1430 non
1656 1357 1980 1429 obstante
2036 1356 2533 1448 impedimento
2589 1357 2807 1449 Regis
2864 1365 2933 1431 et
2969 1358 3339 1446 baronum,
3397 1361 3840 1446 confirmata3
3898 1360 4001 1429 fu·

900 1479 1095 1570 itque
1165 1479 1526 1570 praefatus
1592 1477 2008 1550 Vincentius
2072 1477 2269 1549 Koth
2299 1477 2363 1565 ⁴)
2426 1476 2499 1548 in
2556 1498 2736 1549 anno
2793 1478 3282 1569 subsequenti,
3352 1477 3467 1552 die
3532 1480 3726 1552 Solis
3790 1480 4001 1552 tertis

901 1598 1162 1672 mensis
1219 1597 1682 1690 Septembris,
1753 1596 1826 1669 in
1881 1597 2177 1670 ecclesia
2232 1596 2623 1669 Gnesnensi
2677 1618 2801 1688 per
2854 1597 3237 1690 Sbigneum
3302 1598 3705 1690 episcopum
3760 1598 3999 1671 craco-

900 1719 1244 1805 viensem,
1303 1717 1804 1789 assistentibus
1869 1716 2004 1789 sibi
2070 1717 2381 1790 Conrado
2444 1717 3055 1806 Wratislaviensi‚
3126 1718 3481 1790 Stanislao
3537 1719 3999 1790 Posnaniensi

898 1846 968 1911 et
1025 1838 1382 1913 Stanislao
1437 1836 1764 1910 Plocensi
1821 1836 2201 1929 episcopis,
2262 1841 2733 1911 consecratus,

1505 2191 1951 2281 sigimundus
1994 2191 2348 2281 imperator
2392 2209 2537 2264 curn
2580 2190 2877 2263 Bohemis
2920 2192 3398 2264 reconciliatur.
3502 2152 3513 2163 ’

1107 2439 1528 2532 Intelligens
1584 2439 2023 2512 Wladislaus
2080 2439 2237 2513 Rex
2292 2444 2361 2513 et
2416 2439 2803 2512 consiliarii
2860 2441 2973 2512 sui
3028 2440 3277 2513 utilem
3326 2439 3461 2513 sibi
3498 2460 3656 2513 esse
3694 2461 3857 2512 cum
3892 2440 3997 2512 Si·

899 2561 1271 2653 gismundo
1326 2561 1797 2633 Romanorum
1853 2559 2284 2650 Imperatore
2339 2559 2787 2647 affinitatem,
2845 2581 3063 2633 novos
3118 2562 3439 2649 nuntioS,
3495 2559 3833 2634 videlicet
3868 2559 3991 2631 Ni·

901 2683 1174 2755 colaum
1235 2681 1585 2753 Powalam
1651 2678 2235 2752 succamerarium
2304 2679 2965 2763 Sandomiriensem,
3012 2684 3083 2753 et
3146 2681 3447 2753 Paulum
3518 2679 3858 2753 Dobeslai
3918 2679 3997 2751 de

904 2802 1133 2875 Senno
1165 2800 1251 2891 5),
1307 2800 1606 2890 milites,
1664 2800 1751 2872 ad
1807 2821 1962 2872 eum
2019 2799 2517 2872 transmittunt
2545 2800 2643 2888 ⁶);
2700 2801 2823 2891 qui
2878 2801 3004 2873 illo
3059 2800 3133 2872 in
3187 2801 3418 2893 Praga
3470 2800 3769 2887 offense,
3810 2822 3993 2872 man·

903 2922 1070 2994 data
1122 2920 1338 3012 Regis
1393 2927 1786 3012 exponunt:
1845 2925 1925 2992 ut
1985 2919 2311 3012 quoniam
2368 2920 2507 2993 iam
2562 2921 2713 3012 ipse
2758 2920 3141 3009 senuisset,
3200 2924 3273 2994 et
3308 2941 3437 2993 nec
3474 2942 3561 2993 ex
3600 2941 3711 3008 se,
3752 2941 3879 2993 nec
3914 2939 3995 2991 ex

906 3041 1057 3113 filia
1107 3039 1440 3113 haeredes
1491 3040 1913 3112 masculinos
1952 3060 2026 3112 se
2062 3038 2461 3130 relinquere
2498 3039 2798 3128 videret,
2858 3040 3331 3113 Wladislaum
3368 3041 3631 3132 Regem
3666 3039 3997 3111 Poloniae

907 3165 977 3233 et
1027 3180 1435 3253 germanum
1491 3180 1693 3231 suum
1750 3159 2010 3233 Ducem
2067 3160 2509 3232 Kazimirum
2566 3160 2641 3231 in
2694 3159 2881 3232 filios
2936 3161 3309 3252 adoptans,
3368 3160 3471 3233 eis
3526 3163 3774 3251 neptes
3814 3178 3995 3243 suas,

905 3279 1091 3353 filias
1145 3278 1364 3350 Ducis
1417 3278 1750 3351 Austriae
1803 3278 2116 3367 Alberti,
2186 3286 2559 3370 antequam
2616 3280 2785 3351 fatis
2852 3280 3247 3368 excederet,
3312 3280 3800 3371 desponsaret,
3858 3298 3971 3351 ma

903 3421 1110 3492 gnam
1169 3397 1758 3490 tranquillitatem
1812 3400 2138 3490 pluribus
2192 3400 2457 3491 Regnis
2507 3398 2637 3472 tali
2675 3399 3052 3487 connubi0,
3094 3421 3414 3493 magnam
3452 3406 3793 3493 stragem,
3856 3406 3995 3471 tur·

901 3520 1256 3594 bationem
1311 3523 1382 3592 et
1432 3539 1756 3611 guerram
1810 3519 1895 3591 de
1949 3518 2319 3611 negatione
2355 3519 2769 3607 relicturae,
2827 3525 2895 3592 et
2932 3520 3317 3593 maximum
3356 3520 3685 3594 meritum
3723 3526 3851 3593 aut
3886 3520 3995 3591 de·

905 3641 1232 3713 meritum
1305 3637 1702 3711 habiturus,
1771 3639 1988 3713 Grata
2053 3639 2189 3711 fuit
2254 3639 2703 3732 Sigismundo
2766 3640 3184 3731 Imperatori
3250 3640 3653 3713 huiusmodi
3719 3640 3997 3733 legatio,

903 3759 1314 3853 praesertim
1375 3759 1560 3850 quod
1615 3780 1845 3831 coram
1903 3760 2234 3832 Bohemis
2288 3758 2567 3832 noviter
2620 3760 2709 3831 ad
2764 3760 3229 3833 obedientiam
3284 3782 3483 3833 suam
3537 3760 3878 3846 reversis,
3933 3767 4001 3831 et

905 3880 1230 3971 pluribus
1269 3878 1432 3951 aliis
1472 3880 1978 3951 Almannorum
2017 3878 2423 3951 nationibus
2462 3878 2912 3951 recitabatur.
2962 3879 3430 3952 Descenderat
3466 3878 3815 3970 siquidem
3854 3879 4001 3970 ipse

907 3998 1403 4092 Sigismundus
1457 3998 1850 4090 Imperator
1901 4017 2042 4070 una
2095 4018 2253 4069 cum
2308 4003 2627 4097 consorte
2683 4019 2811 4070 sua
2858 3999 3170 4071 Barbara
3207 3998 3661 4090 Imperatrice
3696 3997 3995 4089 primum

908 4119 980 4190 in
1034 4118 1415 4211 Iglaviam:
1473 4117 1940 4190 ubi'tractatu
1989 4139 2146 4191 cum
2186 4118 2517 4192 Bohemis
2554 4118 2829 4207 habite,
2870 4122 3213 4192 conventa
3248 4119 3671 4211 Legatorum
3710 4118 4003 4191 concilii

903 4260 1062 4311 cum
1102 4237 1432 4309 Bohemis
1469 4236 1824 4327 probavit,
1883 4241 1954 4310 et
2005 4242 2197 4311 certa
2248 4244 2453 4329 pacta
2510 4237 2838 4311 Bohemis
2895 4258 2969 4311 se
3024 4244 3467 4311 servaturum
3504 4239 3867 4330 promisit:
3924 4244 4001 4310 ut

906 4357 1239 4431 videlicet
1293 4356 1746 4429 ecclesiarum
1802 4350 2004 4430 bona'
2035 4358 2122 4431 ab
2178 4357 2713 4449 occupatoribus
2769 4358 3081 4450 pignoris
3139 4358 3321 4446 iure,
3390 4358 3607 4432 donec
3660 4358 4001 4432 rediman-

905 4484 1053 4566 tur,
1095 4475 1392 4550 detineri
1429 4476 1738 4568 possint3
1784 4476 2137 4569 religiosis
2177 4477 2646 4569 exulibusque
2686 4498 2845 4569 spes
2884 4477 3218 4551 redeundi
3256 4477 3667 4565 interdicta,
3708 4478 4005 4552 Iohanni

905 4598 1344 4671 Rokiczanas
1377 4598 1438 4685 ⁷)
1485 4596 1862 4688 Pragcnsis
1917 4598 2363 4688 praesulatus
2417 4597 2829 4688 promissus.
2890 4597 3232 4690 Sequenti
3288 4598 3737 4689 die,Bohemi
3774 4621 3816 4672 a
3850 4620 4003 4671 cen-

908 4718 1093 4791 suris
1147 4716 1648 4791 ecclesiasticis
1703 4736 1828 4807 per
1881 4718 2183 4809 Legatos
2240 4718 2566 4804 Concilii,
2635 4739 2929 4809 quorum
2984 4718 3310 4810 princeps
3378 4718 3513 4790 fuit
3566 4718 4005 4791 Philibertns

908 4836 1466 4910 Constantiensis
1507 4836 1877 4927 episcopus
1915 4838 2000 4909 de
2037 4836 2369 4924 Francia,
2418 4837 2727 4910 absoluti
2756 4844 2825 4911 et-
2854 4838 2925 4911 in
2968 4838 3354 4912 Ecclesiam
3390 4838 3779 4912 introducti
3816 4842 4005 4911 sunt.

907 4958 1174 5049 Quibus
1230 4955 1673 5047 compositis,
1733 4954 2229 5048 Sigismundus
2283 4958 2676 5048 Imperator
2710 4959 3009 5049 Pragam
3065 4958 3269 5031 Nono
3306 4958 3651 5032 Calendas
3690 4958 4003 5050 Septem·

907 5078 1052 5149 bris
1107 5076 1334 5149 venit:
1392 5076 1547 5165 ubi,
1589 5074 1710 5166 qui
1748 5077 1958 5167 paulo
2013 5080 2177 5149 ante
2232 5078 2695 5150 Bohemorum
2752 5078 3012 5167 hostia,
3070 5098 3158 5152 ex
3207 5079 3554 5151 adulterio
3600 5084 3813 5151 natus
3854 5080 4002 5149 An-

1127 5349 1170 5426 ¹)
1219 5350 1372 5409 Roth
1415 5347 1542 5410 Ed.
1589 5348 1770 5431 Lips.
1838 5349 1890 5428 ²)
1935 5349 2090 5427 Roth
2133 5346 2261 5411 Ed.
2318 5348 2500 5433 Lips.
2566 5350 2617 5429 ³)
2668 5351 2823 5412 Roth
2885 5347 3014 5412 Ed.
3076 5348 3257 5434 Lips.
3322 5350 3375 5431 ⁴)
3418 5352 3575 5412 Roth
3636 5350 3767 5417 Ed.
3822 5348 4009 5433 Lips.

917 5446 968 5529 ⁶)
1017 5450 1232 5519 Sienno
1283 5446 1432 5514 Cod.
1481 5450 1654 5513 Kese.
1704 5450 1756 5531 ⁸)
1805 5454 2148 5513 transmittit
2192 5450 2316 5514 Ed.
2341 5451 2543 5533 ,Lipm
2597 5451 2646 5533 ⁷)
2692 5455 3055 5514 Rokicziano
3104 5450 3255 5515 cod.
3310 5452 3488 5515 Kost.
