<?xml version="1.0" encoding="UTF-8"?>
<!DOCTYPE html PUBLIC "-//W3C//DTD XHTML 1.0 Transitional//EN"
    "http://www.w3.org/TR/xhtml1/DTD/xhtml1-transitional.dtd">
<html xmlns="http://www.w3.org/1999/xhtml" xml:lang="en" lang="en">
 <head>
  <title>
</title>
<meta http-equiv="Content-Type" content="text/html;charset=utf-8" />
  <meta name='ocr-system' content='tesseract 3.04.00' />
  <meta name='ocr-capabilities' content='ocr_page ocr_carea ocr_par ocr_line ocrx_word'/>
</head>
<body>
  <div class='ocr_page' id='page_1' title='image "./dzieawszystkie00unkngoog_0501.png"; bbox 0 0 4342 6384; ppageno 0'>
   <div class='ocr_carea' id='block_1_1' title="bbox 949 504 4013 606">
    <p class='ocr_par' dir='ltr' id='par_1_1' title="bbox 949 504 4013 606">
     <span class='ocr_line' id='line_1_1' title="bbox 949 504 4013 606; baseline 0.002 -30"><span class='ocrx_word' id='word_1_1' title='bbox 949 505 1104 579; x_wconf 86' lang='lat'>490</span> <span class='ocrx_word' id='word_1_2' title='bbox 2144 525 2373 578; x_wconf 72' lang='lat' dir='ltr'>mmm</span> <span class='ocrx_word' id='word_1_3' title='bbox 2425 525 2887 579; x_wconf 63' lang='lat' dir='ltr'>unni-:cums</span> <span class='ocrx_word' id='word_1_4' title='bbox 3494 504 3627 605; x_wconf 89' lang='grc' dir='ltr'>(Α.</span> <span class='ocrx_word' id='word_1_5' title='bbox 3667 506 3758 580; x_wconf 84' lang='lat' dir='ltr'>D.</span> <span class='ocrx_word' id='word_1_6' title='bbox 3800 506 4013 606; x_wconf 82' lang='grc'><strong>1432.)</strong></span> 
     </span>
    </p>
   </div>
   <div class='ocr_carea' id='block_1_2' title="bbox 945 707 4047 3685">
    <p class='ocr_par' dir='ltr' id='par_1_2' title="bbox 945 707 4047 3685">
     <span class='ocr_line' id='line_1_2' title="bbox 948 707 4009 804; baseline 0 -21"><span class='ocrx_word' id='word_1_7' title='bbox 948 707 1401 801; x_wconf 90' lang='lat' dir='ltr'>contemptis,</span> <span class='ocrx_word' id='word_1_8' title='bbox 1467 708 1706 782; x_wconf 84' lang='lat' dir='ltr'>hostes</span> <span class='ocrx_word' id='word_1_9' title='bbox 1770 708 2183 784; x_wconf 89' lang='lat' dir='ltr'>trucidando</span> <span class='ocrx_word' id='word_1_10' title='bbox 2260 711 2537 802; x_wconf 90' lang='lat' dir='ltr'>(nullus</span> <span class='ocrx_word' id='word_1_11' title='bbox 2604 712 2788 785; x_wconf 92' lang='lat' dir='ltr'>enim</span> <span class='ocrx_word' id='word_1_12' title='bbox 2854 732 2979 803; x_wconf 89' lang='lat' dir='ltr'>pro</span> <span class='ocrx_word' id='word_1_13' title='bbox 3037 712 3259 784; x_wconf 86' lang='lat' dir='ltr'>fracta</span> <span class='ocrx_word' id='word_1_14' title='bbox 3314 711 3449 785; x_wconf 89' lang='lat' dir='ltr'>fide</span> <span class='ocrx_word' id='word_1_15' title='bbox 3504 711 4009 804; x_wconf 77' lang='lat' dir='ltr'>captivabatur),</span> 
     </span>
     <span class='ocr_line' id='line_1_3' title="bbox 947 827 4009 923; baseline 0 -21"><span class='ocrx_word' id='word_1_16' title='bbox 947 848 1171 922; x_wconf 89' lang='lat' dir='ltr'>usque</span> <span class='ocrx_word' id='word_1_17' title='bbox 1225 829 1315 901; x_wconf 88' lang='lat' dir='ltr'>ad</span> <span class='ocrx_word' id='word_1_18' title='bbox 1366 827 1595 902; x_wconf 89' lang='lat' dir='ltr'>noctis</span> <span class='ocrx_word' id='word_1_19' title='bbox 1650 829 1956 903; x_wconf 89' lang='lat' dir='ltr'>medium</span> <span class='ocrx_word' id='word_1_20' title='bbox 2020 830 2591 922; x_wconf 79' lang='lat' dir='ltr'>insequebantur.</span> <span class='ocrx_word' id='word_1_21' title='bbox 2674 831 2932 903; x_wconf 89' lang='lat' dir='ltr'>Divino</span> <span class='ocrx_word' id='word_1_22' title='bbox 2996 832 3237 923; x_wconf 86' lang='lat' dir='ltr'>itaque</span> <span class='ocrx_word' id='word_1_23' title='bbox 3302 853 3618 920; x_wconf 91' lang='lat' dir='ltr'>munere,</span> <span class='ocrx_word' id='word_1_24' title='bbox 3684 833 3821 905; x_wconf 88' lang='lat' dir='ltr'>etsi</span> <span class='ocrx_word' id='word_1_25' title='bbox 3888 834 4009 903; x_wconf 83' lang='lat' dir='ltr'>Dux</span> 
     </span>
     <span class='ocr_line' id='line_1_4' title="bbox 947 949 4009 1041; baseline 0.001 -20"><span class='ocrx_word' id='word_1_26' title='bbox 947 949 1222 1023; x_wconf 79' lang='lat' dir='ltr'>Fethko</span> <span class='ocrx_word' id='word_1_27' title='bbox 1278 949 1614 1037; x_wconf 78' lang='lat' dir='ltr'>evaserit,</span> <span class='ocrx_word' id='word_1_28' title='bbox 1671 951 1896 1022; x_wconf 89' lang='lat' dir='ltr'>multa</span> <span class='ocrx_word' id='word_1_29' title='bbox 1950 955 2184 1023; x_wconf 88' lang='lat' dir='ltr'>tamen</span> <span class='ocrx_word' id='word_1_30' title='bbox 2239 950 2467 1024; x_wconf 85' lang='lat' dir='ltr'>millia</span> <span class='ocrx_word' id='word_1_31' title='bbox 2530 952 3057 1040; x_wconf 87' lang='lat' dir='ltr'>Thartarorum,</span> <span class='ocrx_word' id='word_1_32' title='bbox 3116 952 3659 1025; x_wconf 87' lang='lat' dir='ltr'>Besseraborum</span> <span class='ocrx_word' id='word_1_33' title='bbox 3701 954 3780 1041; x_wconf 91' lang='lat'>¹),</span> <span class='ocrx_word' id='word_1_34' title='bbox 3842 953 4009 1024; x_wconf 82' lang='lat' dir='ltr'>Vala-</span> 
     </span>
     <span class='ocr_line' id='line_1_5' title="bbox 947 1070 4009 1159; baseline 0.001 -18"><span class='ocrx_word' id='word_1_35' title='bbox 947 1071 1268 1159; x_wconf 88' lang='lat' dir='ltr'>chorum,</span> <span class='ocrx_word' id='word_1_36' title='bbox 1325 1070 1847 1157; x_wconf 87' lang='lat' dir='ltr'>Ruthenorum,</span> <span class='ocrx_word' id='word_1_37' title='bbox 1915 1074 2084 1144; x_wconf 89' lang='lat' dir='ltr'>tunc</span> <span class='ocrx_word' id='word_1_38' title='bbox 2147 1070 2375 1143; x_wconf 88' lang='lat' dir='ltr'>occisa</span> <span class='ocrx_word' id='word_1_39' title='bbox 2430 1076 2627 1155; x_wconf 91' lang='lat' dir='ltr'>sunt,</span> <span class='ocrx_word' id='word_1_40' title='bbox 2693 1078 2765 1144; x_wconf 93' lang='lat' dir='ltr'>et</span> <span class='ocrx_word' id='word_1_41' title='bbox 2818 1071 3116 1144; x_wconf 88' lang='lat' dir='ltr'>victoria</span> <span class='ocrx_word' id='word_1_42' title='bbox 3172 1070 3537 1159; x_wconf 82' lang='lat' dir='ltr'>notabiliS,</span> <span class='ocrx_word' id='word_1_43' title='bbox 3606 1072 3855 1143; x_wconf 92' lang='lat' dir='ltr'>multis</span> <span class='ocrx_word' id='word_1_44' title='bbox 3904 1094 4009 1144; x_wconf 86' lang='lat' dir='ltr'>me-</span> 
     </span>
     <span class='ocr_line' id='line_1_6' title="bbox 947 1189 4009 1284; baseline 0 -22"><span class='ocrx_word' id='word_1_45' title='bbox 947 1190 1278 1263; x_wconf 88' lang='lat' dir='ltr'>moranda</span> <span class='ocrx_word' id='word_1_46' title='bbox 1333 1189 1670 1277; x_wconf 87' lang='lat' dir='ltr'>saeculis,</span> <span class='ocrx_word' id='word_1_47' title='bbox 1726 1191 1972 1263; x_wconf 87' lang='lat' dir='ltr'>relata.</span> <span class='ocrx_word' id='word_1_48' title='bbox 2032 1190 2249 1283; x_wconf 84' lang='lat' dir='ltr'>Signa</span> <span class='ocrx_word' id='word_1_49' title='bbox 2302 1190 2613 1263; x_wconf 89' lang='lat' dir='ltr'>hostium</span> <span class='ocrx_word' id='word_1_50' title='bbox 2668 1190 3030 1264; x_wconf 89' lang='lat' dir='ltr'>duodecim</span> <span class='ocrx_word' id='word_1_51' title='bbox 3086 1197 3323 1282; x_wconf 86' lang='lat' dir='ltr'>capta,</span> <span class='ocrx_word' id='word_1_52' title='bbox 3382 1191 3455 1263; x_wconf 92' lang='lat' dir='ltr'>in</span> <span class='ocrx_word' id='word_1_53' title='bbox 3496 1192 3776 1284; x_wconf 89' lang='lat' dir='ltr'>signum</span> <span class='ocrx_word' id='word_1_54' title='bbox 3832 1192 4009 1264; x_wconf 84' lang='lat' dir='ltr'>victo-</span> 
     </span>
     <span class='ocr_line' id='line_1_7' title="bbox 947 1309 4011 1399; baseline 0 -16"><span class='ocrx_word' id='word_1_55' title='bbox 947 1311 1094 1384; x_wconf 86' lang='lat' dir='ltr'>riae</span> <span class='ocrx_word' id='word_1_56' title='bbox 1147 1310 1220 1383; x_wconf 94' lang='lat' dir='ltr'>in</span> <span class='ocrx_word' id='word_1_57' title='bbox 1275 1309 1572 1383; x_wconf 88' lang='lat' dir='ltr'>ecclesia</span> <span class='ocrx_word' id='word_1_58' title='bbox 1626 1310 2066 1384; x_wconf 79' lang='lat' dir='ltr'>cracoviensi</span> <span class='ocrx_word' id='word_1_59' title='bbox 2121 1311 2463 1383; x_wconf 86' lang='lat' dir='ltr'>collocata</span> <span class='ocrx_word' id='word_1_60' title='bbox 2520 1316 2686 1382; x_wconf 90' lang='lat' dir='ltr'>sunt</span> <span class='ocrx_word' id='word_1_61' title='bbox 2716 1310 2802 1399; x_wconf 83' lang='lat'>2).</span> <span class='ocrx_word' id='word_1_62' title='bbox 2869 1312 2979 1383; x_wconf 81' lang='lat' dir='ltr'>Ex</span> <span class='ocrx_word' id='word_1_63' title='bbox 3032 1311 3321 1384; x_wconf 91' lang='lat' dir='ltr'>Polonis</span> <span class='ocrx_word' id='word_1_64' title='bbox 3377 1313 3513 1384; x_wconf 91' lang='lat' dir='ltr'>duo</span> <span class='ocrx_word' id='word_1_65' title='bbox 3569 1312 4011 1384; x_wconf 89' lang='lat' dir='ltr'>tantummodo</span> 
     </span>
     <span class='ocr_line' id='line_1_8' title="bbox 945 1428 4009 1525; baseline 0 -21"><span class='ocrx_word' id='word_1_66' title='bbox 945 1431 1294 1504; x_wconf 88' lang='lat' dir='ltr'>notabiles</span> <span class='ocrx_word' id='word_1_67' title='bbox 1326 1428 1412 1519; x_wconf 81' lang='lat'>³),</span> <span class='ocrx_word' id='word_1_68' title='bbox 1469 1431 1765 1503; x_wconf 88' lang='lat' dir='ltr'>Iacobus</span> <span class='ocrx_word' id='word_1_69' title='bbox 1803 1432 2148 1505; x_wconf 87' lang='lat' dir='ltr'>Tresthka</span> <span class='ocrx_word' id='word_1_70' title='bbox 2202 1432 2287 1505; x_wconf 92' lang='lat' dir='ltr'>de</span> <span class='ocrx_word' id='word_1_71' title='bbox 2324 1432 2711 1506; x_wconf 85' lang='lat' dir='ltr'>Michoczin</span> <span class='ocrx_word' id='word_1_72' title='bbox 2744 1433 2807 1522; x_wconf 76' lang='lat'>⁴)</span> <span class='ocrx_word' id='word_1_73' title='bbox 2865 1438 2935 1505; x_wconf 91' lang='lat' dir='ltr'>et</span> <span class='ocrx_word' id='word_1_74' title='bbox 2970 1432 3039 1505; x_wconf 90' lang='lat' dir='ltr'>N</span> <span class='ocrx_word' id='word_1_75' title='bbox 3044 1432 3311 1506; x_wconf 87' lang='lat' dir='ltr'>icolaus</span> <span class='ocrx_word' id='word_1_76' title='bbox 3350 1434 3687 1525; x_wconf 79' lang='lat' dir='ltr'>Myeczlai</span> <span class='ocrx_word' id='word_1_77' title='bbox 3728 1434 3815 1507; x_wconf 92' lang='lat' dir='ltr'>de</span> <span class='ocrx_word' id='word_1_78' title='bbox 3854 1434 4009 1505; x_wconf 81' lang='lat' dir='ltr'>Sino-</span> 
     </span>
     <span class='ocr_line' id='line_1_9' title="bbox 947 1550 4011 1645; baseline 0 -21"><span class='ocrx_word' id='word_1_79' title='bbox 947 1572 1219 1643; x_wconf 83' lang='lat' dir='ltr'>gorzow</span> <span class='ocrx_word' id='word_1_80' title='bbox 1251 1550 1340 1639; x_wconf 64' lang='grc' dir='ltr'>ὅ),</span> <span class='ocrx_word' id='word_1_81' title='bbox 1397 1550 1798 1625; x_wconf 83' lang='grc'><strong>116811161811.</strong></span> <span class='ocrx_word' id='word_1_82' title='bbox 1858 1551 2099 1626; x_wconf 88' lang='grc'><strong>016618</strong></span> <span class='ocrx_word' id='word_1_83' title='bbox 2138 1558 2373 1625; x_wconf 84' lang='grc'><strong>8111616</strong></span> <span class='ocrx_word' id='word_1_84' title='bbox 2410 1554 2617 1626; x_wconf 83' lang='grc'><strong>161811</strong></span> <span class='ocrx_word' id='word_1_85' title='bbox 2656 1554 2996 1644; x_wconf 86' lang='lat' dir='ltr'>triumphi</span> <span class='ocrx_word' id='word_1_86' title='bbox 3052 1560 3123 1626; x_wconf 93' lang='lat' dir='ltr'>et</span> <span class='ocrx_word' id='word_1_87' title='bbox 3160 1558 3437 1645; x_wconf 89' lang='lat' dir='ltr'>ereptae</span> <span class='ocrx_word' id='word_1_88' title='bbox 3474 1558 3645 1626; x_wconf 91' lang='lat' dir='ltr'>tunc</span> <span class='ocrx_word' id='word_1_89' title='bbox 3688 1554 4011 1639; x_wconf 82' lang='lat' dir='ltr'>victoriae,</span> 
     </span>
     <span class='ocr_line' id='line_1_10' title="bbox 951 1671 4014 1765; baseline -0 -21"><span class='ocrx_word' id='word_1_90' title='bbox 951 1672 1414 1763; x_wconf 85' lang='lat' dir='ltr'>expiataeque</span> <span class='ocrx_word' id='word_1_91' title='bbox 1470 1671 1610 1744; x_wconf 89' lang='lat' dir='ltr'>iam</span> <span class='ocrx_word' id='word_1_92' title='bbox 1665 1672 2348 1764; x_wconf 90' lang='lat' dir='ltr'>superimpendentis</span> <span class='ocrx_word' id='word_1_93' title='bbox 2414 1674 2635 1746; x_wconf 89' lang='lat' dir='ltr'>cladis</span> <span class='ocrx_word' id='word_1_94' title='bbox 2690 1674 2903 1746; x_wconf 90' lang='lat' dir='ltr'>decus</span> <span class='ocrx_word' id='word_1_95' title='bbox 2960 1679 3030 1747; x_wconf 88' lang='lat' dir='ltr'>et</span> <span class='ocrx_word' id='word_1_96' title='bbox 3082 1674 3347 1765; x_wconf 88' lang='lat' dir='ltr'>gloria,</span> <span class='ocrx_word' id='word_1_97' title='bbox 3409 1674 3731 1747; x_wconf 81' lang='lat' dir='ltr'>Kemlicz</span> <span class='ocrx_word' id='word_1_98' title='bbox 3788 1673 4014 1745; x_wconf 79' lang='lat' dir='ltr'>tributa</span> 
     </span>
     <span class='ocr_line' id='line_1_11' title="bbox 949 1791 4012 1887; baseline -0.001 -22"><span class='ocrx_word' id='word_1_99' title='bbox 949 1797 1088 1865; x_wconf 89' lang='lat' dir='ltr'>est:</span> <span class='ocrx_word' id='word_1_100' title='bbox 1145 1791 1346 1865; x_wconf 88' lang='lat' dir='ltr'>cuius</span> <span class='ocrx_word' id='word_1_101' title='bbox 1403 1792 1728 1866; x_wconf 88' lang='lat' dir='ltr'>sublatus</span> <span class='ocrx_word' id='word_1_102' title='bbox 1783 1794 2047 1866; x_wconf 86' lang='lat' dir='ltr'>clamor</span> <span class='ocrx_word' id='word_1_103' title='bbox 2075 1795 2138 1883; x_wconf 67' lang='grc' dir='ltr'>θ)</span> <span class='ocrx_word' id='word_1_104' title='bbox 2195 1799 2265 1867; x_wconf 91' lang='grc'>61</span> <span class='ocrx_word' id='word_1_105' title='bbox 2319 1793 2593 1866; x_wconf 80' lang='lat' dir='ltr'>invasio</span> <span class='ocrx_word' id='word_1_106' title='bbox 2650 1794 2721 1866; x_wconf 92' lang='lat' dir='ltr'>in</span> <span class='ocrx_word' id='word_1_107' title='bbox 2778 1798 2975 1887; x_wconf 87' lang='lat' dir='ltr'>terga</span> <span class='ocrx_word' id='word_1_108' title='bbox 3028 1793 3321 1866; x_wconf 89' lang='lat' dir='ltr'>hostilia</span> <span class='ocrx_word' id='word_1_109' title='bbox 3375 1795 3592 1883; x_wconf 88' lang='lat' dir='ltr'>facta,</span> <span class='ocrx_word' id='word_1_110' title='bbox 3649 1792 4012 1866; x_wconf 82' lang='lat' dir='ltr'>conterritis</span> 
     </span>
     <span class='ocr_line' id='line_1_12' title="bbox 948 1912 4011 2005; baseline 0 -22"><span class='ocrx_word' id='word_1_111' title='bbox 948 1912 1272 1986; x_wconf 85' lang='lat' dir='ltr'>hostibus</span> <span class='ocrx_word' id='word_1_112' title='bbox 1305 1913 1400 2002; x_wconf 87' lang='lat'>⁷),</span> <span class='ocrx_word' id='word_1_113' title='bbox 1483 1914 1862 1986; x_wconf 88' lang='lat' dir='ltr'>vincendos</span> <span class='ocrx_word' id='word_1_114' title='bbox 1943 1914 2312 2005; x_wconf 89' lang='lat' dir='ltr'>praebuit,</span> <span class='ocrx_word' id='word_1_115' title='bbox 2388 1914 2872 1988; x_wconf 89' lang='lat' dir='ltr'>vehementius</span> <span class='ocrx_word' id='word_1_116' title='bbox 2958 1935 3085 1985; x_wconf 89' lang='lat' dir='ltr'>suo</span> <span class='ocrx_word' id='word_1_117' title='bbox 3157 1914 3467 2005; x_wconf 91' lang='lat' dir='ltr'>periculo</span> <span class='ocrx_word' id='word_1_118' title='bbox 3541 1919 4011 1987; x_wconf 75' lang='lat' dir='ltr'>consternatos,</span> 
     </span>
     <span class='ocr_line' id='line_1_13' title="bbox 951 2032 4018 2125; baseline 0 -22"><span class='ocrx_word' id='word_1_119' title='bbox 951 2032 1226 2124; x_wconf 85' lang='lat' dir='ltr'>Agebat</span> <span class='ocrx_word' id='word_1_120' title='bbox 1278 2032 1462 2107; x_wconf 87' lang='lat' dir='ltr'>diem</span> <span class='ocrx_word' id='word_1_121' title='bbox 1516 2033 1721 2107; x_wconf 89' lang='lat' dir='ltr'>illum</span> <span class='ocrx_word' id='word_1_122' title='bbox 1778 2033 2217 2107; x_wconf 89' lang='lat' dir='ltr'>Wladislaus</span> <span class='ocrx_word' id='word_1_123' title='bbox 2273 2034 2427 2107; x_wconf 84' lang='lat' dir='ltr'>Rex</span> <span class='ocrx_word' id='word_1_124' title='bbox 2484 2034 2807 2125; x_wconf 91' lang='lat' dir='ltr'>Leopoli,</span> <span class='ocrx_word' id='word_1_125' title='bbox 2865 2039 2935 2107; x_wconf 90' lang='lat' dir='ltr'>et</span> <span class='ocrx_word' id='word_1_126' title='bbox 2988 2034 3061 2105; x_wconf 94' lang='lat' dir='ltr'>in</span> <span class='ocrx_word' id='word_1_127' title='bbox 3110 2035 3403 2107; x_wconf 87' lang='lat' dir='ltr'>ecclesia</span> <span class='ocrx_word' id='word_1_128' title='bbox 3459 2034 3759 2107; x_wconf 77' lang='lat' dir='ltr'>Sanctae</span> <span class='ocrx_word' id='word_1_129' title='bbox 3814 2034 4018 2106; x_wconf 77' lang='lat' dir='ltr'>Crucis</span> 
     </span>
     <span class='ocr_line' id='line_1_14' title="bbox 951 2152 4014 2247; baseline 0 -24"><span class='ocrx_word' id='word_1_130' title='bbox 951 2154 1244 2226; x_wconf 84' lang='lat' dir='ltr'>fratrum</span> <span class='ocrx_word' id='word_1_131' title='bbox 1317 2152 1662 2226; x_wconf 83' lang='lat' dir='ltr'>Minorum</span> <span class='ocrx_word' id='word_1_132' title='bbox 1726 2152 1989 2226; x_wconf 90' lang='lat' dir='ltr'>divinis</span> <span class='ocrx_word' id='word_1_133' title='bbox 2058 2154 2311 2228; x_wconf 86' lang='lat' dir='ltr'>officiis</span> <span class='ocrx_word' id='word_1_134' title='bbox 2378 2159 2447 2227; x_wconf 89' lang='lat' dir='ltr'>et</span> <span class='ocrx_word' id='word_1_135' title='bbox 2504 2154 2936 2228; x_wconf 90' lang='lat' dir='ltr'>orationibus</span> <span class='ocrx_word' id='word_1_136' title='bbox 3008 2176 3300 2244; x_wconf 84' lang='lat' dir='ltr'>vacans,</span> <span class='ocrx_word' id='word_1_137' title='bbox 3367 2175 3591 2247; x_wconf 87' lang='lat' dir='ltr'>usque</span> <span class='ocrx_word' id='word_1_138' title='bbox 3662 2155 3755 2227; x_wconf 88' lang='lat' dir='ltr'>ad</span> <span class='ocrx_word' id='word_1_139' title='bbox 3810 2174 4014 2243; x_wconf 83' lang='lat' dir='ltr'>vespe-</span> 
     </span>
     <span class='ocr_line' id='line_1_15' title="bbox 949 2272 4015 2365; baseline 0 -20"><span class='ocrx_word' id='word_1_140' title='bbox 949 2295 1098 2347; x_wconf 85' lang='lat' dir='ltr'>ram</span> <span class='ocrx_word' id='word_1_141' title='bbox 1154 2272 1562 2362; x_wconf 80' lang='lat' dir='ltr'>insistebat,</span> <span class='ocrx_word' id='word_1_142' title='bbox 1619 2274 1969 2346; x_wconf 86' lang='lat' dir='ltr'>auxilium</span> <span class='ocrx_word' id='word_1_143' title='bbox 2023 2274 2110 2347; x_wconf 90' lang='lat' dir='ltr'>de</span> <span class='ocrx_word' id='word_1_144' title='bbox 2147 2276 2363 2364; x_wconf 90' lang='lat' dir='ltr'>coelo,</span> <span class='ocrx_word' id='word_1_145' title='bbox 2424 2276 2673 2349; x_wconf 87' lang='lat' dir='ltr'>erectis</span> <span class='ocrx_word' id='word_1_146' title='bbox 2730 2276 2955 2349; x_wconf 89' lang='lat' dir='ltr'>oculis</span> <span class='ocrx_word' id='word_1_147' title='bbox 3010 2280 3081 2347; x_wconf 92' lang='lat' dir='ltr'>et</span> <span class='ocrx_word' id='word_1_148' title='bbox 3132 2274 3442 2348; x_wconf 89' lang='lat' dir='ltr'>brachiis</span> <span class='ocrx_word' id='word_1_149' title='bbox 3498 2276 3753 2362; x_wconf 86' lang='grc'><strong>166818,</strong></span> <span class='ocrx_word' id='word_1_150' title='bbox 3809 2275 4015 2365; x_wconf 85' lang='lat' dir='ltr'>depre-</span> 
     </span>
     <span class='ocr_line' id='line_1_16' title="bbox 951 2392 4019 2487; baseline -0.001 -22"><span class='ocrx_word' id='word_1_151' title='bbox 951 2394 1201 2466; x_wconf 87' lang='lat' dir='ltr'>cando:</span> <span class='ocrx_word' id='word_1_152' title='bbox 1261 2392 1584 2466; x_wconf 89' lang='lat' dir='ltr'>solicitus</span> <span class='ocrx_word' id='word_1_153' title='bbox 1639 2394 1823 2468; x_wconf 91' lang='lat' dir='ltr'>enim</span> <span class='ocrx_word' id='word_1_154' title='bbox 1879 2399 2029 2467; x_wconf 89' lang='lat' dir='ltr'>erat</span> <span class='ocrx_word' id='word_1_155' title='bbox 2083 2395 2166 2467; x_wconf 93' lang='lat' dir='ltr'>de</span> <span class='ocrx_word' id='word_1_156' title='bbox 2207 2394 2391 2481; x_wconf 90' lang='lat' dir='ltr'>suis,</span> <span class='ocrx_word' id='word_1_157' title='bbox 2450 2416 2623 2487; x_wconf 84' lang='lat' dir='ltr'>quos</span> <span class='ocrx_word' id='word_1_158' title='bbox 2664 2395 2929 2469; x_wconf 83' lang='lat' dir='ltr'>sciebat</span> <span class='ocrx_word' id='word_1_159' title='bbox 2982 2395 3169 2467; x_wconf 90' lang='lat' dir='ltr'>inter</span> <span class='ocrx_word' id='word_1_160' title='bbox 3220 2394 3533 2466; x_wconf 88' lang='lat' dir='ltr'>hostium</span> <span class='ocrx_word' id='word_1_161' title='bbox 3586 2394 4019 2487; x_wconf 84' lang='lat' dir='ltr'>gravissimas</span> 
     </span>
     <span class='ocr_line' id='line_1_17' title="bbox 949 2513 4019 2607; baseline -0.002 -20"><span class='ocrx_word' id='word_1_162' title='bbox 949 2514 1246 2587; x_wconf 89' lang='lat' dir='ltr'>insidias</span> <span class='ocrx_word' id='word_1_163' title='bbox 1301 2518 1372 2587; x_wconf 91' lang='lat' dir='ltr'>et</span> <span class='ocrx_word' id='word_1_164' title='bbox 1425 2513 1737 2606; x_wconf 89' lang='lat' dir='ltr'>pericula</span> <span class='ocrx_word' id='word_1_165' title='bbox 1801 2514 1874 2587; x_wconf 94' lang='lat' dir='ltr'>in</span> <span class='ocrx_word' id='word_1_166' title='bbox 1929 2514 2162 2605; x_wconf 88' lang='lat' dir='ltr'>capita</span> <span class='ocrx_word' id='word_1_167' title='bbox 2216 2535 2452 2587; x_wconf 90' lang='lat' dir='ltr'>eorum</span> <span class='ocrx_word' id='word_1_168' title='bbox 2508 2520 2907 2607; x_wconf 87' lang='lat' dir='ltr'>comparata</span> <span class='ocrx_word' id='word_1_169' title='bbox 2960 2514 3249 2588; x_wconf 84' lang='lat' dir='ltr'>versari.</span> <span class='ocrx_word' id='word_1_170' title='bbox 3325 2514 3476 2587; x_wconf 86' lang='lat' dir='ltr'>Nec</span> <span class='ocrx_word' id='word_1_171' title='bbox 3518 2534 3687 2587; x_wconf 86' lang='lat' dir='ltr'>voce</span> <span class='ocrx_word' id='word_1_172' title='bbox 3744 2518 4019 2586; x_wconf 83' lang='lat' dir='ltr'>tantum-</span> 
     </span>
     <span class='ocr_line' id='line_1_18' title="bbox 949 2632 4023 2727; baseline -0.001 -20"><span class='ocrx_word' id='word_1_173' title='bbox 949 2634 1183 2723; x_wconf 89' lang='lat' dir='ltr'>modo,</span> <span class='ocrx_word' id='word_1_174' title='bbox 1243 2639 1584 2727; x_wconf 89' lang='lat' dir='ltr'>quantum</span> <span class='ocrx_word' id='word_1_175' title='bbox 1613 2632 1681 2724; x_wconf 82' lang='lat'>⁸)</span> <span class='ocrx_word' id='word_1_176' title='bbox 1745 2633 2089 2722; x_wconf 79' lang='lat' dir='ltr'>lacrimiS,</span> <span class='ocrx_word' id='word_1_177' title='bbox 2158 2634 2443 2726; x_wconf 90' lang='lat' dir='ltr'>superni</span> <span class='ocrx_word' id='word_1_178' title='bbox 2508 2634 2816 2708; x_wconf 89' lang='lat' dir='ltr'>muneris</span> <span class='ocrx_word' id='word_1_179' title='bbox 2883 2633 3220 2726; x_wconf 85' lang='lat' dir='ltr'>suffragia</span> <span class='ocrx_word' id='word_1_180' title='bbox 3273 2634 3668 2725; x_wconf 85' lang='lat' dir='ltr'>flagitabat3</span> <span class='ocrx_word' id='word_1_181' title='bbox 3749 2655 3875 2707; x_wconf 86' lang='lat' dir='ltr'>nec</span> <span class='ocrx_word' id='word_1_182' title='bbox 3922 2654 4023 2723; x_wconf 92' lang='lat' dir='ltr'>po-</span> 
     </span>
     <span class='ocr_line' id='line_1_19' title="bbox 948 2751 4023 2847; baseline -0.002 -21"><span class='ocrx_word' id='word_1_183' title='bbox 948 2753 1237 2828; x_wconf 88' lang='lat' dir='ltr'>tiundae</span> <span class='ocrx_word' id='word_1_184' title='bbox 1291 2773 1380 2826; x_wconf 87' lang='grc'>61</span> <span class='ocrx_word' id='word_1_185' title='bbox 1433 2754 1636 2826; x_wconf 89' lang='lat' dir='ltr'>hoste</span> <span class='ocrx_word' id='word_1_186' title='bbox 1692 2753 2060 2841; x_wconf 87' lang='lat' dir='ltr'>victoriae,</span> <span class='ocrx_word' id='word_1_187' title='bbox 2119 2753 2239 2826; x_wconf 90' lang='lat' dir='ltr'>sed</span> <span class='ocrx_word' id='word_1_188' title='bbox 2280 2753 2466 2826; x_wconf 88' lang='lat' dir='ltr'>vitae</span> <span class='ocrx_word' id='word_1_189' title='bbox 2522 2753 2828 2825; x_wconf 91' lang='lat' dir='ltr'>militum</span> <span class='ocrx_word' id='word_1_190' title='bbox 2886 2774 3202 2842; x_wconf 92' lang='lat' dir='ltr'>suorum,</span> <span class='ocrx_word' id='word_1_191' title='bbox 3262 2774 3437 2845; x_wconf 89' lang='grc'><strong>111168</strong></span> <span class='ocrx_word' id='word_1_192' title='bbox 3491 2754 3565 2825; x_wconf 91' lang='grc'>16</span> <span class='ocrx_word' id='word_1_193' title='bbox 3604 2758 3749 2826; x_wconf 85' lang='lat' dir='ltr'>tam</span> <span class='ocrx_word' id='word_1_194' title='bbox 3804 2751 4023 2847; x_wconf 88' lang='lat' dir='ltr'>grandi</span> 
     </span>
     <span class='ocr_line' id='line_1_20' title="bbox 950 2871 4028 2965; baseline -0.002 -20"><span class='ocrx_word' id='word_1_195' title='bbox 950 2874 1196 2946; x_wconf 89' lang='lat' dir='ltr'>doctus</span> <span class='ocrx_word' id='word_1_196' title='bbox 1251 2875 1480 2947; x_wconf 89' lang='lat' dir='ltr'>fuerat</span> <span class='ocrx_word' id='word_1_197' title='bbox 1534 2872 1800 2946; x_wconf 88' lang='lat' dir='ltr'>versari</span> <span class='ocrx_word' id='word_1_198' title='bbox 1853 2872 2191 2963; x_wconf 88' lang='lat' dir='ltr'>periculo,</span> <span class='ocrx_word' id='word_1_199' title='bbox 2250 2871 2575 2964; x_wconf 90' lang='lat' dir='ltr'>cupidine</span> <span class='ocrx_word' id='word_1_200' title='bbox 2612 2872 2837 2965; x_wconf 87' lang='lat' dir='ltr'>magis</span> <span class='ocrx_word' id='word_1_201' title='bbox 2894 2872 3249 2961; x_wconf 88' lang='lat' dir='ltr'>solicitus,</span> <span class='ocrx_word' id='word_1_202' title='bbox 3308 2873 3553 2946; x_wconf 88' lang='lat' dir='ltr'>diebus</span> <span class='ocrx_word' id='word_1_203' title='bbox 3610 2894 3692 2945; x_wconf 88' lang='lat' dir='ltr'>ac</span> <span class='ocrx_word' id='word_1_204' title='bbox 3731 2873 4028 2945; x_wconf 84' lang='lat' dir='ltr'>noctibus</span> 
     </span>
     <span class='ocr_line' id='line_1_21' title="bbox 950 2992 4031 3084; baseline -0.001 -18"><span class='ocrx_word' id='word_1_205' title='bbox 950 2994 1025 3066; x_wconf 91' lang='lat' dir='ltr'>in</span> <span class='ocrx_word' id='word_1_206' title='bbox 1079 2992 1514 3067; x_wconf 87' lang='lat' dir='ltr'>orationibus</span> <span class='ocrx_word' id='word_1_207' title='bbox 1569 2992 1982 3066; x_wconf 76' lang='lat' dir='ltr'>excubabat.</span> <span class='ocrx_word' id='word_1_208' title='bbox 2056 2994 2226 3084; x_wconf 88' lang='lat' dir='ltr'>Ipso</span> <span class='ocrx_word' id='word_1_209' title='bbox 2293 2992 2531 3084; x_wconf 90' lang='lat' dir='ltr'>itaque</span> <span class='ocrx_word' id='word_1_210' title='bbox 2594 2992 2821 3065; x_wconf 85' lang='lat' dir='ltr'>adhuc</span> <span class='ocrx_word' id='word_1_211' title='bbox 2885 2993 2957 3063; x_wconf 89' lang='lat' dir='ltr'>in</span> <span class='ocrx_word' id='word_1_212' title='bbox 3011 2993 3325 3084; x_wconf 85' lang='lat' dir='ltr'>praefata</span> <span class='ocrx_word' id='word_1_213' title='bbox 3388 2994 3685 3066; x_wconf 88' lang='lat' dir='ltr'>ecclesia</span> <span class='ocrx_word' id='word_1_214' title='bbox 3756 2994 4031 3067; x_wconf 73' lang='lat' dir='ltr'>Sanctae</span> 
     </span>
     <span class='ocr_line' id='line_1_22' title="bbox 952 3112 4047 3205; baseline -0.002 -19"><span class='ocrx_word' id='word_1_215' title='bbox 952 3112 1190 3186; x_wconf 86' lang='lat' dir='ltr'>Crucis</span> <span class='ocrx_word' id='word_1_216' title='bbox 1263 3116 1754 3205; x_wconf 84' lang='lat' dir='ltr'>perseverante</span> <span class='ocrx_word' id='word_1_217' title='bbox 1826 3118 1896 3185; x_wconf 91' lang='lat' dir='ltr'>et</span> <span class='ocrx_word' id='word_1_218' title='bbox 1969 3112 2466 3204; x_wconf 89' lang='lat' dir='ltr'>omnipotentis</span> <span class='ocrx_word' id='word_1_219' title='bbox 2539 3112 2671 3185; x_wconf 92' lang='lat' dir='ltr'>Dei</span> <span class='ocrx_word' id='word_1_220' title='bbox 2743 3112 3185 3185; x_wconf 90' lang='lat' dir='ltr'>clementiam</span> <span class='ocrx_word' id='word_1_221' title='bbox 3258 3113 3717 3205; x_wconf 84' lang='lat' dir='ltr'>implorante,</span> <span class='ocrx_word' id='word_1_222' title='bbox 3799 3113 4047 3185; x_wconf 85' lang='lat' dir='ltr'>vicisse.</span> 
     </span>
     <span class='ocr_line' id='line_1_23' title="bbox 952 3232 4033 3326; baseline -0.002 -20"><span class='ocrx_word' id='word_1_223' title='bbox 952 3232 1336 3307; x_wconf 82' lang='lat' dir='ltr'>exercitum</span> <span class='ocrx_word' id='word_1_224' title='bbox 1400 3232 1649 3326; x_wconf 90' lang='lat' dir='ltr'>Regis,</span> <span class='ocrx_word' id='word_1_225' title='bbox 1724 3238 1794 3305; x_wconf 92' lang='lat' dir='ltr'>et</span> <span class='ocrx_word' id='word_1_226' title='bbox 1856 3233 1940 3306; x_wconf 93' lang='lat' dir='ltr'>de</span> <span class='ocrx_word' id='word_1_227' title='bbox 1991 3234 2357 3305; x_wconf 87' lang='lat' dir='ltr'>Fethkone</span> <span class='ocrx_word' id='word_1_228' title='bbox 2429 3237 2498 3305; x_wconf 92' lang='lat' dir='ltr'>et</span> <span class='ocrx_word' id='word_1_229' title='bbox 2561 3233 2645 3305; x_wconf 93' lang='lat' dir='ltr'>de</span> <span class='ocrx_word' id='word_1_230' title='bbox 2700 3232 3063 3305; x_wconf 86' lang='lat' dir='ltr'>Thartaris</span> <span class='ocrx_word' id='word_1_231' title='bbox 3120 3233 3485 3305; x_wconf 83' lang='lat' dir='ltr'>victoriam</span> <span class='ocrx_word' id='word_1_232' title='bbox 3546 3234 3927 3321; x_wconf 86' lang='lat' dir='ltr'>retulisse,</span> <span class='ocrx_word' id='word_1_233' title='bbox 3977 3240 4033 3301; x_wconf 80' lang='lat' dir='ltr'>et</span> 
     </span>
     <span class='ocr_line' id='line_1_24' title="bbox 953 3352 4037 3447; baseline -0.001 -21"><span class='ocrx_word' id='word_1_234' title='bbox 953 3360 1286 3447; x_wconf 88' lang='lat' dir='ltr'>utrosque</span> <span class='ocrx_word' id='word_1_235' title='bbox 1349 3353 1755 3447; x_wconf 87' lang='lat' dir='ltr'>profligatos</span> <span class='ocrx_word' id='word_1_236' title='bbox 1819 3354 2186 3445; x_wconf 86' lang='lat' dir='ltr'>vulgatum</span> <span class='ocrx_word' id='word_1_237' title='bbox 2251 3356 2391 3441; x_wconf 88' lang='lat' dir='ltr'>est,</span> <span class='ocrx_word' id='word_1_238' title='bbox 2466 3374 2604 3424; x_wconf 92' lang='lat' dir='ltr'>non</span> <span class='ocrx_word' id='word_1_239' title='bbox 2670 3352 2949 3444; x_wconf 90' lang='lat' dir='ltr'>quidem</span> <span class='ocrx_word' id='word_1_240' title='bbox 3016 3373 3103 3424; x_wconf 89' lang='grc'>61</span> <span class='ocrx_word' id='word_1_241' title='bbox 3170 3355 3461 3425; x_wconf 80' lang='lat' dir='ltr'>authore</span> <span class='ocrx_word' id='word_1_242' title='bbox 3532 3354 3779 3445; x_wconf 87' lang='lat' dir='ltr'>aliquo</span> <span class='ocrx_word' id='word_1_243' title='bbox 3846 3367 4037 3434; x_wconf 83' lang='lat' dir='ltr'>certo,</span> 
     </span>
     <span class='ocr_line' id='line_1_25' title="bbox 952 3472 4037 3565; baseline -0.002 -19"><span class='ocrx_word' id='word_1_244' title='bbox 952 3495 1109 3547; x_wconf 90' lang='lat' dir='ltr'>cum</span> <span class='ocrx_word' id='word_1_245' title='bbox 1147 3475 1344 3547; x_wconf 90' lang='lat' dir='ltr'>locus</span> <span class='ocrx_word' id='word_1_246' title='bbox 1381 3473 1665 3565; x_wconf 89' lang='lat' dir='ltr'>praelii,</span> <span class='ocrx_word' id='word_1_247' title='bbox 1723 3472 2188 3565; x_wconf 86' lang='lat' dir='ltr'>quadraginta</span> <span class='ocrx_word' id='word_1_248' title='bbox 2224 3472 2651 3545; x_wconf 84' lang='lat' dir='ltr'>milliaribus</span> <span class='ocrx_word' id='word_1_249' title='bbox 2697 3494 2739 3545; x_wconf 88' lang='lat' dir='ltr'>a</span> <span class='ocrx_word' id='word_1_250' title='bbox 2774 3472 3065 3563; x_wconf 85' lang='lat' dir='ltr'>Leopoli</span> <span class='ocrx_word' id='word_1_251' title='bbox 3104 3473 3613 3562; x_wconf 82' lang='lat' dir='ltr'>distaret;·sed</span> <span class='ocrx_word' id='word_1_252' title='bbox 3650 3475 3833 3547; x_wconf 89' lang='lat' dir='ltr'>adeo</span> <span class='ocrx_word' id='word_1_253' title='bbox 3881 3492 4037 3543; x_wconf 86' lang='lat' dir='ltr'>unus</span> 
     </span>
     <span class='ocr_line' id='line_1_26' title="bbox 953 3592 4041 3685; baseline -0.002 -18"><span class='ocrx_word' id='word_1_254' title='bbox 953 3596 1042 3667; x_wconf 87' lang='lat' dir='ltr'>ad</span> <span class='ocrx_word' id='word_1_255' title='bbox 1095 3593 1346 3682; x_wconf 84' lang='lat' dir='ltr'>alium,</span> <span class='ocrx_word' id='word_1_256' title='bbox 1404 3600 1732 3667; x_wconf 86' lang='lat' dir='ltr'>eventum</span> <span class='ocrx_word' id='word_1_257' title='bbox 1797 3592 2163 3681; x_wconf 86' lang='lat' dir='ltr'>victoriae,</span> <span class='ocrx_word' id='word_1_258' title='bbox 2232 3592 2545 3665; x_wconf 89' lang='lat' dir='ltr'>nescitur</span> <span class='ocrx_word' id='word_1_259' title='bbox 2608 3613 2747 3683; x_wconf 88' lang='lat' dir='ltr'>quo</span> <span class='ocrx_word' id='word_1_260' title='bbox 2812 3613 3087 3665; x_wconf 89' lang='lat' dir='ltr'>rumore</span> <span class='ocrx_word' id='word_1_261' title='bbox 3152 3598 3411 3680; x_wconf 89' lang='lat' dir='ltr'>ortum,</span> <span class='ocrx_word' id='word_1_262' title='bbox 3478 3594 3917 3685; x_wconf 83' lang='lat' dir='ltr'>perferebat,</span> <span class='ocrx_word' id='word_1_263' title='bbox 3976 3596 4041 3661; x_wconf 84' lang='lat' dir='ltr'>ut</span> 
     </span>
    </p>
   </div>
   <div class='ocr_carea' id='block_1_3' title="bbox 863 3711 4041 3807">
    <p class='ocr_par' dir='ltr' id='par_1_3' title="bbox 863 3711 4041 3807">
     <span class='ocr_line' id='line_1_27' title="bbox 863 3711 4041 3807; baseline -0.002 -20"><span class='ocrx_word' id='word_1_264' title='bbox 863 3744 872 3751; x_wconf 94' lang='lat'><strong>·</strong></span> <span class='ocrx_word' id='word_1_265' title='bbox 956 3717 1166 3807; x_wconf 87' lang='lat' dir='ltr'>plena</span> <span class='ocrx_word' id='word_1_266' title='bbox 1221 3714 1565 3787; x_wconf 80' lang='lat' dir='ltr'>certitudo</span> <span class='ocrx_word' id='word_1_267' title='bbox 1631 3713 1972 3805; x_wconf 87' lang='lat' dir='ltr'>triumphi</span> <span class='ocrx_word' id='word_1_268' title='bbox 2037 3716 2207 3785; x_wconf 90' lang='lat' dir='ltr'>tunc</span> <span class='ocrx_word' id='word_1_269' title='bbox 2268 3712 2511 3785; x_wconf 86' lang='lat' dir='ltr'>habita</span> <span class='ocrx_word' id='word_1_270' title='bbox 2575 3718 2793 3801; x_wconf 89' lang='lat' dir='ltr'>esset,</span> <span class='ocrx_word' id='word_1_271' title='bbox 2869 3720 2940 3785; x_wconf 93' lang='lat' dir='ltr'>et</span> <span class='ocrx_word' id='word_1_272' title='bbox 3004 3712 3279 3786; x_wconf 86' lang='lat' dir='ltr'>laetitia</span> <span class='ocrx_word' id='word_1_273' title='bbox 3343 3734 3593 3805; x_wconf 88' lang='lat' dir='ltr'>magna</span> <span class='ocrx_word' id='word_1_274' title='bbox 3657 3714 3737 3786; x_wconf 92' lang='lat' dir='ltr'>in</span> <span class='ocrx_word' id='word_1_275' title='bbox 3806 3711 4041 3805; x_wconf 87' lang='lat' dir='ltr'>populo</span> 
     </span>
    </p>
   </div>
   <div class='ocr_carea' id='block_1_4' title="bbox 953 3819 4059 4886">
    <p class='ocr_par' dir='ltr' id='par_1_4' title="bbox 953 3819 4059 4886">
     <span class='ocr_line' id='line_1_28' title="bbox 953 3819 4043 3925; baseline -0.002 -18"><span class='ocrx_word' id='word_1_276' title='bbox 953 3840 1228 3923; x_wconf 85' lang='lat' dir='ltr'>exorta,</span> <span class='ocrx_word' id='word_1_277' title='bbox 1286 3819 1487 3907; x_wconf 78' lang='lat' dir='ltr'>iussu</span> <span class='ocrx_word' id='word_1_278' title='bbox 1541 3833 1754 3907; x_wconf 90' lang='lat' dir='ltr'>etiam</span> <span class='ocrx_word' id='word_1_279' title='bbox 1819 3832 2066 3925; x_wconf 78' lang='lat' dir='ltr'>Regia,</span> <span class='ocrx_word' id='word_1_280' title='bbox 2124 3834 2220 3905; x_wconf 91' lang='lat' dir='ltr'>Te</span> <span class='ocrx_word' id='word_1_281' title='bbox 2264 3834 2489 3905; x_wconf 91' lang='lat' dir='ltr'>Deum</span> <span class='ocrx_word' id='word_1_282' title='bbox 2543 3833 2912 3905; x_wconf 79' lang='lat' dir='ltr'>laudamus</span> <span class='ocrx_word' id='word_1_283' title='bbox 2941 3832 3028 3920; x_wconf 77' lang='lat'>9),</span> <span class='ocrx_word' id='word_1_284' title='bbox 3088 3854 3207 3904; x_wconf 90' lang='lat' dir='ltr'>ora</span> <span class='ocrx_word' id='word_1_285' title='bbox 3259 3832 3717 3905; x_wconf 81' lang='lat' dir='ltr'>ecclesiarum</span> <span class='ocrx_word' id='word_1_286' title='bbox 3781 3852 4043 3906; x_wconf 84' lang='lat' dir='ltr'>resona·</span> 
     </span>
     <span class='ocr_line' id='line_1_29' title="bbox 953 3949 4046 4046; baseline -0.002 -19"><span class='ocrx_word' id='word_1_287' title='bbox 953 3960 1133 4028; x_wconf 89' lang='lat' dir='ltr'>rent.</span> <span class='ocrx_word' id='word_1_288' title='bbox 1189 3955 1404 4046; x_wconf 89' lang='lat' dir='ltr'>Isque</span> <span class='ocrx_word' id='word_1_289' title='bbox 1459 3974 1683 4027; x_wconf 89' lang='lat' dir='ltr'>sermo</span> <span class='ocrx_word' id='word_1_290' title='bbox 1739 3952 2106 4027; x_wconf 83' lang='lat' dir='ltr'>confestim</span> <span class='ocrx_word' id='word_1_291' title='bbox 2162 3952 2463 4025; x_wconf 86' lang='lat' dir='ltr'>diffusus</span> <span class='ocrx_word' id='word_1_292' title='bbox 2519 3952 2591 4024; x_wconf 93' lang='lat' dir='ltr'>in</span> <span class='ocrx_word' id='word_1_293' title='bbox 2628 3952 2961 4025; x_wconf 88' lang='lat' dir='ltr'>Poloniae</span> <span class='ocrx_word' id='word_1_294' title='bbox 3016 3953 3369 4044; x_wconf 85' lang='lat' dir='ltr'>Regnum,</span> <span class='ocrx_word' id='word_1_295' title='bbox 3425 3952 3811 4025; x_wconf 86' lang='grc'><strong>1161161868</strong></span> <span class='ocrx_word' id='word_1_296' title='bbox 3866 3949 4046 4025; x_wconf 84' lang='grc'><strong>61111·</strong></span> 
     </span>
     <span class='ocr_line' id='line_1_30' title="bbox 956 4072 4049 4166; baseline -0.002 -20"><span class='ocrx_word' id='word_1_297' title='bbox 956 4073 1222 4147; x_wconf 84' lang='grc'><strong>1811666</strong></span> <span class='ocrx_word' id='word_1_298' title='bbox 1275 4078 1346 4148; x_wconf 86' lang='grc'>61</span> <span class='ocrx_word' id='word_1_299' title='bbox 1397 4072 1868 4165; x_wconf 86' lang='lat' dir='ltr'>gratulatione</span> <span class='ocrx_word' id='word_1_300' title='bbox 1923 4072 2258 4166; x_wconf 89' lang='lat' dir='ltr'>replevit;</span> <span class='ocrx_word' id='word_1_301' title='bbox 2316 4094 2473 4145; x_wconf 89' lang='lat' dir='ltr'>cum</span> <span class='ocrx_word' id='word_1_302' title='bbox 2511 4094 2673 4146; x_wconf 86' lang='lat' dir='ltr'>vero</span> <span class='ocrx_word' id='word_1_303' title='bbox 2713 4072 2865 4145; x_wconf 91' lang='lat' dir='ltr'>eius</span> <span class='ocrx_word' id='word_1_304' title='bbox 2903 4073 3127 4145; x_wconf 89' lang='lat' dir='ltr'>famae</span> <span class='ocrx_word' id='word_1_305' title='bbox 3170 4072 3257 4161; x_wconf 88' lang='lat'><strong>¹⁰)</strong></span> <span class='ocrx_word' id='word_1_306' title='bbox 3312 4077 3545 4145; x_wconf 86' lang='lat' dir='ltr'>certus</span> <span class='ocrx_word' id='word_1_307' title='bbox 3599 4094 3751 4145; x_wconf 89' lang='lat' dir='ltr'>non</span> <span class='ocrx_word' id='word_1_308' title='bbox 3793 4076 4049 4146; x_wconf 84' lang='lat' dir='ltr'>extaret</span> 
     </span>
     <span class='ocr_line' id='line_1_31' title="bbox 957 4192 4051 4285; baseline -0.002 -20"><span class='ocrx_word' id='word_1_309' title='bbox 957 4195 1232 4280; x_wconf 86' lang='lat' dir='ltr'>author,</span> <span class='ocrx_word' id='word_1_310' title='bbox 1286 4192 1568 4265; x_wconf 85' lang='lat' dir='ltr'>resedit.</span> <span class='ocrx_word' id='word_1_311' title='bbox 1627 4192 1840 4265; x_wconf 89' lang='lat' dir='ltr'>Venit</span> <span class='ocrx_word' id='word_1_312' title='bbox 1894 4194 2117 4266; x_wconf 88' lang='lat' dir='ltr'>altera</span> <span class='ocrx_word' id='word_1_313' title='bbox 2170 4192 2283 4265; x_wconf 94' lang='lat' dir='ltr'>die</span> <span class='ocrx_word' id='word_1_314' title='bbox 2340 4192 2629 4264; x_wconf 91' lang='lat' dir='ltr'>nuntius</span> <span class='ocrx_word' id='word_1_315' title='bbox 2686 4215 2726 4263; x_wconf 86' lang='lat' dir='ltr'>a</span> <span class='ocrx_word' id='word_1_316' title='bbox 2780 4192 3169 4285; x_wconf 86' lang='lat' dir='ltr'>capitaneis</span> <span class='ocrx_word' id='word_1_317' title='bbox 3224 4193 3575 4265; x_wconf 85' lang='lat' dir='ltr'>exercitus</span> <span class='ocrx_word' id='word_1_318' title='bbox 3630 4193 3945 4281; x_wconf 82' lang='grc'><strong>61188118,</strong></span> <span class='ocrx_word' id='word_1_319' title='bbox 3994 4196 4051 4261; x_wconf 84' lang='lat' dir='ltr'>et</span> 
     </span>
     <span class='ocr_line' id='line_1_32' title="bbox 954 4312 4054 4405; baseline -0.001 -18"><span class='ocrx_word' id='word_1_320' title='bbox 954 4334 1100 4387; x_wconf 92' lang='lat' dir='ltr'>rem</span> <span class='ocrx_word' id='word_1_321' title='bbox 1154 4313 1256 4386; x_wconf 89' lang='lat' dir='ltr'>ita</span> <span class='ocrx_word' id='word_1_322' title='bbox 1308 4318 1610 4405; x_wconf 85' lang='lat' dir='ltr'>gestam,</span> <span class='ocrx_word' id='word_1_323' title='bbox 1667 4318 1749 4385; x_wconf 88' lang='lat' dir='ltr'>ut</span> <span class='ocrx_word' id='word_1_324' title='bbox 1795 4314 1976 4385; x_wconf 87' lang='lat' dir='ltr'>fama</span> <span class='ocrx_word' id='word_1_325' title='bbox 2011 4314 2461 4405; x_wconf 85' lang='lat' dir='ltr'>vulgaverat,</span> <span class='ocrx_word' id='word_1_326' title='bbox 2517 4316 2887 4404; x_wconf 89' lang='lat' dir='ltr'>postquam</span> <span class='ocrx_word' id='word_1_327' title='bbox 2941 4312 3336 4401; x_wconf 87' lang='lat' dir='ltr'>retulisset,</span> <span class='ocrx_word' id='word_1_328' title='bbox 3396 4317 3538 4385; x_wconf 84' lang='lat' dir='ltr'>tam</span> <span class='ocrx_word' id='word_1_329' title='bbox 3580 4312 4054 4386; x_wconf 78' lang='lat' dir='ltr'>wladislaum</span> 
     </span>
     <span class='ocr_line' id='line_1_33' title="bbox 957 4432 4055 4527; baseline -0.002 -20"><span class='ocrx_word' id='word_1_330' title='bbox 957 4434 1251 4527; x_wconf 86' lang='lat' dir='ltr'>Regem,</span> <span class='ocrx_word' id='word_1_331' title='bbox 1311 4454 1517 4525; x_wconf 86' lang='lat' dir='ltr'>quam</span> <span class='ocrx_word' id='word_1_332' title='bbox 1573 4454 1810 4507; x_wconf 92' lang='lat' dir='ltr'>omnes</span> <span class='ocrx_word' id='word_1_333' title='bbox 1866 4454 2030 4506; x_wconf 86' lang='lat' dir='ltr'>suos</span> <span class='ocrx_word' id='word_1_334' title='bbox 2084 4439 2154 4506; x_wconf 89' lang='lat' dir='ltr'>et</span> <span class='ocrx_word' id='word_1_335' title='bbox 2208 4432 2283 4505; x_wconf 92' lang='lat' dir='ltr'>in</span> <span class='ocrx_word' id='word_1_336' title='bbox 2320 4432 2759 4505; x_wconf 85' lang='lat' dir='ltr'>devotionem</span> <span class='ocrx_word' id='word_1_337' title='bbox 2814 4433 3223 4523; x_wconf 88' lang='lat' dir='ltr'>ampliorem</span> <span class='ocrx_word' id='word_1_338' title='bbox 3280 4438 3349 4505; x_wconf 88' lang='lat' dir='ltr'>et</span> <span class='ocrx_word' id='word_1_339' title='bbox 3399 4433 3475 4505; x_wconf 89' lang='lat' dir='ltr'>in</span> <span class='ocrx_word' id='word_1_340' title='bbox 3520 4432 4055 4506; x_wconf 87' lang='lat' dir='ltr'>admirationem</span> 
     </span>
     <span class='ocr_line' id='line_1_34' title="bbox 955 4551 4055 4647; baseline -0.001 -22"><span class='ocrx_word' id='word_1_341' title='bbox 955 4575 1080 4627; x_wconf 90' lang='grc'><strong>8611</strong></span> <span class='ocrx_word' id='word_1_342' title='bbox 1135 4552 1542 4647; x_wconf 88' lang='lat' dir='ltr'>religionem</span> <span class='ocrx_word' id='word_1_343' title='bbox 1601 4553 1946 4645; x_wconf 88' lang='lat' dir='ltr'>quandam</span> <span class='ocrx_word' id='word_1_344' title='bbox 1984 4553 2355 4626; x_wconf 86' lang='lat' dir='ltr'>convertit.</span> <span class='ocrx_word' id='word_1_345' title='bbox 2414 4552 2567 4624; x_wconf 85' lang='lat' dir='ltr'>Tali</span> <span class='ocrx_word' id='word_1_346' title='bbox 2606 4551 2901 4625; x_wconf 91' lang='lat' dir='ltr'>victoria</span> <span class='ocrx_word' id='word_1_347' title='bbox 2956 4573 3043 4625; x_wconf 84' lang='lat' dir='ltr'>ex</span> <span class='ocrx_word' id='word_1_348' title='bbox 3078 4552 3405 4625; x_wconf 86' lang='lat' dir='ltr'>hostibus</span> <span class='ocrx_word' id='word_1_349' title='bbox 3460 4556 3530 4625; x_wconf 92' lang='lat' dir='ltr'>et</span> <span class='ocrx_word' id='word_1_350' title='bbox 3566 4553 3748 4626; x_wconf 85' lang='lat' dir='ltr'>fidei</span> <span class='ocrx_word' id='word_1_351' title='bbox 3792 4562 3869 4627; x_wconf 92' lang='lat' dir='ltr'>et</span> <span class='ocrx_word' id='word_1_352' title='bbox 3904 4554 4055 4636; x_wconf 76' lang='grc'><strong>81118,</strong></span> 
     </span>
     <span class='ocr_line' id='line_1_35' title="bbox 955 4672 4057 4765; baseline -0.001 -18"><span class='ocrx_word' id='word_1_353' title='bbox 955 4674 1396 4747; x_wconf 85' lang='lat' dir='ltr'>Wladislaus</span> <span class='ocrx_word' id='word_1_354' title='bbox 1449 4674 1642 4761; x_wconf 83' lang='lat' dir='ltr'>Rex,</span> <span class='ocrx_word' id='word_1_355' title='bbox 1699 4674 1955 4761; x_wconf 88' lang='lat' dir='ltr'>relata,</span> <span class='ocrx_word' id='word_1_356' title='bbox 2013 4674 2085 4745; x_wconf 89' lang='lat' dir='ltr'>in</span> <span class='ocrx_word' id='word_1_357' title='bbox 2138 4672 2683 4765; x_wconf 86' lang='lat' dir='ltr'>gratulationem</span> <span class='ocrx_word' id='word_1_358' title='bbox 2739 4695 2989 4745; x_wconf 87' lang='lat' dir='ltr'>novam</span> <span class='ocrx_word' id='word_1_359' title='bbox 3046 4672 3397 4765; x_wconf 91' lang='lat' dir='ltr'>prorupit,</span> <span class='ocrx_word' id='word_1_360' title='bbox 3456 4694 3534 4745; x_wconf 89' lang='grc' dir='ltr'>6ο</span> <span class='ocrx_word' id='word_1_361' title='bbox 3588 4674 3901 4764; x_wconf 86' lang='lat' dir='ltr'>quidem</span> <span class='ocrx_word' id='word_1_362' title='bbox 3936 4692 4057 4746; x_wconf 78' lang='lat' dir='ltr'>ma-</span> 
     </span>
     <span class='ocr_line' id='line_1_36' title="bbox 953 4792 4059 4886; baseline -0.002 -19"><span class='ocrx_word' id='word_1_363' title='bbox 953 4794 1088 4867; x_wconf 93' lang='lat' dir='ltr'>iori</span> <span class='ocrx_word' id='word_1_364' title='bbox 1139 4796 1298 4869; x_wconf 78' lang='lat' dir='ltr'>cum</span> <span class='ocrx_word' id='word_1_365' title='bbox 1351 4793 1639 4886; x_wconf 88' lang='lat' dir='ltr'>gaudio,</span> <span class='ocrx_word' id='word_1_366' title='bbox 1707 4815 1842 4885; x_wconf 89' lang='lat' dir='ltr'>quo</span> <span class='ocrx_word' id='word_1_367' title='bbox 1907 4814 2120 4884; x_wconf 89' lang='lat' dir='ltr'>prope</span> <span class='ocrx_word' id='word_1_368' title='bbox 2158 4793 2249 4882; x_wconf 89' lang='lat'>¹¹)</span> <span class='ocrx_word' id='word_1_369' title='bbox 2314 4796 2575 4865; x_wconf 88' lang='lat' dir='ltr'>metum</span> <span class='ocrx_word' id='word_1_370' title='bbox 2632 4793 2879 4865; x_wconf 87' lang='lat' dir='ltr'>fuerat.</span> <span class='ocrx_word' id='word_1_371' title='bbox 2939 4794 3039 4866; x_wconf 92' lang='lat' dir='ltr'>De</span> <span class='ocrx_word' id='word_1_372' title='bbox 3094 4792 3386 4884; x_wconf 89' lang='lat' dir='ltr'>Leopoli</span> <span class='ocrx_word' id='word_1_373' title='bbox 3451 4792 3755 4866; x_wconf 87' lang='lat' dir='ltr'>tandem</span> <span class='ocrx_word' id='word_1_374' title='bbox 3827 4813 4059 4867; x_wconf 86' lang='lat' dir='ltr'>versus</span> 
     </span>
    </p>
   </div>
   <div class='ocr_carea' id='block_1_5' title="bbox 956 4940 1368 4951">
    <p class='ocr_par' dir='ltr' id='par_1_5' title="bbox 956 4940 1368 4951">
     <span class='ocr_line' id='line_1_37' title="bbox 956 4940 1368 4951; baseline 0 1433"><span class='ocrx_word' id='word_1_375' title='bbox 956 4940 1368 4951; x_wconf 95' lang='lat' dir='ltr'> </span> 
     </span>
    </p>
   </div>
   <div class='ocr_carea' id='block_1_6' title="bbox 1371 4940 1677 4947">
    <p class='ocr_par' dir='ltr' id='par_1_6' title="bbox 1371 4940 1677 4947">
     <span class='ocr_line' id='line_1_38' title="bbox 1371 4940 1677 4947; baseline 0 1437"><span class='ocrx_word' id='word_1_376' title='bbox 1371 4940 1677 4947; x_wconf 95' lang='lat' dir='ltr'> </span> 
     </span>
    </p>
   </div>
   <div class='ocr_carea' id='block_1_7' title="bbox 962 4994 4067 5493">
    <p class='ocr_par' dir='ltr' id='par_1_7' title="bbox 962 4994 4067 5493">
     <span class='ocr_line' id='line_1_39' title="bbox 1173 4994 4064 5080; baseline -0.002 -20"><span class='ocrx_word' id='word_1_377' title='bbox 1173 4997 1217 5077; x_wconf 88' lang='lat'>¹)</span> <span class='ocrx_word' id='word_1_378' title='bbox 1267 5000 1730 5062; x_wconf 85' lang='lat' dir='ltr'>Bessaraborum</span> <span class='ocrx_word' id='word_1_379' title='bbox 1777 4995 1903 5060; x_wconf 79' lang='lat' dir='ltr'>Ed.</span> <span class='ocrx_word' id='word_1_380' title='bbox 1938 4995 2118 5080; x_wconf 74' lang='lat' dir='ltr'>Lips.</span> <span class='ocrx_word' id='word_1_381' title='bbox 2168 4996 2221 5077; x_wconf 78' lang='lat'>¹¹)</span> <span class='ocrx_word' id='word_1_382' title='bbox 2267 4998 2328 5058; x_wconf 90' lang='lat' dir='ltr'>in</span> <span class='ocrx_word' id='word_1_383' title='bbox 2360 4998 2673 5058; x_wconf 84' lang='lat' dir='ltr'>ecclesiam</span> <span class='ocrx_word' id='word_1_384' title='bbox 2704 4998 3155 5059; x_wconf 72' lang='lat' dir='ltr'>cracoviensem</span> <span class='ocrx_word' id='word_1_385' title='bbox 3199 4999 3448 5059; x_wconf 80' lang='lat' dir='ltr'>collecta</span> <span class='ocrx_word' id='word_1_386' title='bbox 3478 5002 3635 5057; x_wconf 83' lang='lat' dir='ltr'>sunt.</span> <span class='ocrx_word' id='word_1_387' title='bbox 3696 4994 3871 5061; x_wconf 76' lang='lat' dir='ltr'>cod.</span> <span class='ocrx_word' id='word_1_388' title='bbox 3894 4996 4064 5061; x_wconf 76' lang='lat' dir='ltr'>Rozr.</span> 
     </span>
     <span class='ocr_line' id='line_1_40' title="bbox 962 5097 4067 5182; baseline -0.001 -21"><span class='ocrx_word' id='word_1_389' title='bbox 962 5100 1014 5181; x_wconf 72' lang='grc'>3)</span> <span class='ocrx_word' id='word_1_390' title='bbox 1060 5102 1350 5164; x_wconf 84' lang='lat' dir='ltr'>notabiles</span> <span class='ocrx_word' id='word_1_391' title='bbox 1395 5104 1624 5165; x_wconf 87' lang='lat' dir='ltr'>nobiles</span> <span class='ocrx_word' id='word_1_392' title='bbox 1675 5097 1829 5165; x_wconf 80' lang='lat' dir='ltr'>Cod.</span> <span class='ocrx_word' id='word_1_393' title='bbox 1876 5098 2051 5163; x_wconf 76' lang='lat' dir='ltr'>Kost.</span> <span class='ocrx_word' id='word_1_394' title='bbox 2128 5098 2185 5179; x_wconf 83' lang='lat'>⁴)</span> <span class='ocrx_word' id='word_1_395' title='bbox 2229 5102 2523 5161; x_wconf 84' lang='lat' dir='ltr'>Mikoezin</span> <span class='ocrx_word' id='word_1_396' title='bbox 2578 5098 2704 5161; x_wconf 78' lang='lat' dir='ltr'>Ed.</span> <span class='ocrx_word' id='word_1_397' title='bbox 2748 5098 2929 5182; x_wconf 76' lang='lat' dir='ltr'>Lips.</span> <span class='ocrx_word' id='word_1_398' title='bbox 3010 5097 3061 5179; x_wconf 76' lang='lat'>⁶)</span> <span class='ocrx_word' id='word_1_399' title='bbox 3110 5102 3429 5177; x_wconf 79' lang='lat' dir='ltr'>Myeczslai</span> <span class='ocrx_word' id='word_1_400' title='bbox 3488 5100 3563 5159; x_wconf 88' lang='lat' dir='ltr'>de</span> <span class='ocrx_word' id='word_1_401' title='bbox 3627 5101 4067 5181; x_wconf 72' lang='lat' dir='ltr'>synogorthow</span> 
     </span>
     <span class='ocr_line' id='line_1_41' title="bbox 972 5198 4066 5283; baseline -0.001 -17"><span class='ocrx_word' id='word_1_402' title='bbox 972 5202 1123 5269; x_wconf 77' lang='lat' dir='ltr'>cod.</span> <span class='ocrx_word' id='word_1_403' title='bbox 1181 5202 1357 5267; x_wconf 78' lang='lat' dir='ltr'>C‘alv.</span> <span class='ocrx_word' id='word_1_404' title='bbox 1423 5206 1692 5267; x_wconf 81' lang='lat' dir='ltr'>Mieczlai</span> <span class='ocrx_word' id='word_1_405' title='bbox 1761 5204 1836 5265; x_wconf 84' lang='grc'>116</span> <span class='ocrx_word' id='word_1_406' title='bbox 1895 5204 2265 5264; x_wconf 81' lang='lat' dir='ltr'>Moskorzow</span> <span class='ocrx_word' id='word_1_407' title='bbox 2334 5198 2485 5265; x_wconf 84' lang='lat' dir='ltr'>Cod.</span> <span class='ocrx_word' id='word_1_408' title='bbox 2532 5200 2708 5265; x_wconf 76' lang='lat' dir='ltr'>Kost.</span> <span class='ocrx_word' id='word_1_409' title='bbox 2782 5200 2837 5283; x_wconf 60' lang='grc' dir='ltr'>θ)</span> <span class='ocrx_word' id='word_1_410' title='bbox 2884 5204 3101 5264; x_wconf 85' lang='lat' dir='ltr'>clamor</span> <span class='ocrx_word' id='word_1_411' title='bbox 3160 5210 3219 5263; x_wconf 84' lang='lat' dir='ltr'>et</span> <span class='ocrx_word' id='word_1_412' title='bbox 3261 5202 3603 5262; x_wconf 82' lang='lat' dir='ltr'>vociferatio</span> <span class='ocrx_word' id='word_1_413' title='bbox 3694 5204 3867 5269; x_wconf 71' lang='lat' dir='ltr'>eod.</span> <span class='ocrx_word' id='word_1_414' title='bbox 3914 5203 4066 5266; x_wconf 59' lang='lat' dir='ltr'>Kosa</span> 
     </span>
     <span class='ocr_line' id='line_1_42' title="bbox 967 5301 4067 5387; baseline -0.001 -18"><span class='ocrx_word' id='word_1_415' title='bbox 967 5304 1018 5387; x_wconf 79' lang='lat'>⁷)</span> <span class='ocrx_word' id='word_1_416' title='bbox 1065 5308 1411 5369; x_wconf 83' lang='lat' dir='ltr'>conterritos</span> <span class='ocrx_word' id='word_1_417' title='bbox 1455 5308 1657 5368; x_wconf 85' lang='lat' dir='ltr'>hostes</span> <span class='ocrx_word' id='word_1_418' title='bbox 1705 5303 1858 5369; x_wconf 80' lang='lat' dir='ltr'>Cod.</span> <span class='ocrx_word' id='word_1_419' title='bbox 1890 5304 2082 5368; x_wconf 81' lang='lat' dir='ltr'>Rozr.</span> <span class='ocrx_word' id='word_1_420' title='bbox 2133 5305 2185 5382; x_wconf 67' lang='grc' dir='ltr'>Β)</span> <span class='ocrx_word' id='word_1_421' title='bbox 2232 5306 2339 5365; x_wconf 83' lang='grc'><strong>8611</strong></span> <span class='ocrx_word' id='word_1_422' title='bbox 2384 5312 2444 5365; x_wconf 84' lang='grc'>61</span> <span class='ocrx_word' id='word_1_423' title='bbox 2490 5301 2643 5367; x_wconf 80' lang='lat' dir='ltr'>Cod.</span> <span class='ocrx_word' id='word_1_424' title='bbox 2688 5303 2880 5367; x_wconf 80' lang='lat' dir='ltr'>Rozr.</span> <span class='ocrx_word' id='word_1_425' title='bbox 2938 5304 2993 5383; x_wconf 69' lang='grc' dir='ltr'>ς’)</span> <span class='ocrx_word' id='word_1_426' title='bbox 3037 5307 3333 5383; x_wconf 86' lang='lat' dir='ltr'>IIymnum</span> <span class='ocrx_word' id='word_1_427' title='bbox 3378 5306 3467 5365; x_wconf 84' lang='lat' dir='ltr'>Te</span> <span class='ocrx_word' id='word_1_428' title='bbox 3510 5307 3725 5368; x_wconf 85' lang='lat' dir='ltr'>Deum</span> <span class='ocrx_word' id='word_1_429' title='bbox 3774 5312 4067 5371; x_wconf 73' lang='lat' dir='ltr'>laudamus</span> 
     </span>
     <span class='ocr_line' id='line_1_43' title="bbox 967 5396 3100 5493; baseline -0.001 -17"><span class='ocrx_word' id='word_1_430' title='bbox 967 5405 1120 5477; x_wconf 80' lang='lat' dir='ltr'>Cod.</span> <span class='ocrx_word' id='word_1_431' title='bbox 1165 5408 1358 5474; x_wconf 79' lang='lat' dir='ltr'>Rozr.</span> <span class='ocrx_word' id='word_1_432' title='bbox 1415 5409 1492 5493; x_wconf 88' lang='lat'>¹⁰)</span> <span class='ocrx_word' id='word_1_433' title='bbox 1535 5412 1622 5473; x_wconf 86' lang='lat' dir='ltr'>rei</span> <span class='ocrx_word' id='word_1_434' title='bbox 1641 5396 1654 5405; x_wconf 66' lang='grc'>’</span> <span class='ocrx_word' id='word_1_435' title='bbox 1676 5408 1829 5477; x_wconf 73' lang='lat' dir='ltr'>cod.</span> <span class='ocrx_word' id='word_1_436' title='bbox 1861 5409 2061 5473; x_wconf 79' lang='lat' dir='ltr'>Rozr.</span> <span class='ocrx_word' id='word_1_437' title='bbox 2133 5408 2152 5445; x_wconf 89' lang='lat'><strong>¹</strong></span> <span class='ocrx_word' id='word_1_438' title='bbox 2165 5406 2210 5493; x_wconf 90' lang='lat'>¹)</span> <span class='ocrx_word' id='word_1_439' title='bbox 2258 5426 2375 5491; x_wconf 89' lang='lat' dir='ltr'>quo</span> <span class='ocrx_word' id='word_1_440' title='bbox 2418 5409 2661 5487; x_wconf 85' lang='lat' dir='ltr'>propius</span> <span class='ocrx_word' id='word_1_441' title='bbox 2708 5404 2862 5471; x_wconf 76' lang='lat' dir='ltr'>cod.</span> <span class='ocrx_word' id='word_1_442' title='bbox 2908 5406 3100 5473; x_wconf 80' lang='lat' dir='ltr'>Rozr.</span> 
     </span>
    </p>
   </div>
  </div>
 </body>
</html>
