4342 6384
411 589 545 691 (Α.
587 586 677 665 D.
719 588 950 689 1410.)
1585 616 1810 667 Limen
1863 616 2323 669 [monemus.
3416 602 3511 672 35

410 800 818 893 terrigeniS,
877 822 1114 875 omnes
1171 802 1588 893 oppidanOS,
1645 802 2050 893 popula-rest,
2109 808 2453 894 agrestes,
2512 804 2681 875 item
2740 826 2977 877 omnes
3034 808 3388 878 matronas
3444 812 3515 879 et

409 921 753 1014 virgines,
813 920 1270 1014 singulasque
1325 922 1685 1010 muliereS,
1745 921 2245 1014 cuiuscumque
2301 922 2758 1011 conditioniS,
2826 946 2866 995 a
2920 924 3338 1015 captivitate
3393 928 3511 999 ab·

409 1042 655 1131 solvit,
731 1040 1054 1134 diligenti
1121 1040 1410 1133 insuper
1484 1042 1833 1129 custodia,
1915 1065 2000 1115 ne
2067 1043 2225 1133 quis
2289 1044 2375 1115 de
2438 1043 2751 1116 exercitu
2824 1066 2951 1116 suo
3028 1044 3203 1117 viris
3280 1051 3351 1119 et
3416 1050 3510 1120 fe-

407 1161 618 1234 minis
673 1161 1017 1234 absolutis
1064 1166 1375 1249 noceret,
1433 1160 1765 1235 illuderet
1819 1166 1942 1233 aut
1997 1182 2112 1235 eos
2159 1162 2552 1251 invaderet,
2603 1164 2945 1255 providet.
3007 1166 3152 1237 Sub
3192 1187 3510 1239 occasum

407 1288 740 1374 vergente
795 1280 938 1370 die,
997 1281 1452 1373 pronuntiare
1507 1280 1643 1354 iter
1697 1281 1768 1353 in
1807 1282 1991 1355 diem
2047 1283 2378 1371 alterum,
2438 1282 2842 1375 militesque
2897 1284 3348 1359 tabernacula
3392 1308 3510 1378 pe-

408 1406 555 1475 tere
610 1406 682 1474 et
737 1422 1024 1493 corpora
1088 1422 1330 1474 curare
1385 1400 1616 1489 iubet,
1686 1423 1821 1493 quo
1878 1402 2184 1474 crastino
2251 1403 2667 1475 antelucano
2722 1405 3052 1496 tempori,
3120 1407 3304 1497 quod
3358 1408 3513 1479 Rex

409 1522 1006 1615 pronuntiandum
1079 1522 1565 1609 mandaverat,
1643 1524 2081 1595 efficerentur
2146 1521 2477 1615 aptiores.
2554 1524 3000 1616 Subsequens
3064 1532 3300 1598 autem
3372 1548 3513 1599 nox

405 1642 479 1715 in
511 1642 795 1715 stativis
831 1640 1046 1734 regiis
1083 1641 1384 1735 benigna
1423 1648 1492 1714 et
1527 1642 1820 1733 pacifica
1856 1647 2036 1729 erat,
2095 1642 2296 1715 cuius
2353 1642 2425 1714 in
2464 1644 2777 1716 exercitu
2815 1643 3231 1719 Crucifcrico
3272 1646 3513 1737 dispar

407 1766 556 1836 erat
610 1760 850 1836 facieS.
907 1762 1179 1834 Ventus
1218 1763 1478 1854 quippe
1533 1762 1813 1849 validus
1871 1763 2152 1854 singula
2190 1762 2643 1836 tabernacula
2698 1764 3108 1855 quatiendo,
3168 1766 3315 1837 solo
3352 1788 3509 1857 pro-

408 1886 788 1970 straverat,
847 1886 1259 1973 noctemque
1314 1904 1488 1974 pene
1528 1883 1913 1956 insomnem
1969 1888 2475 1976 transegerant.
2537 1884 2681 1956 Sub
2721 1904 2801 1956 ea
2854 1888 3088 1957 autem
3144 1890 3346 1959 nocte
3400 1887 3507 1957 lu-

405 2025 599 2090 nam,
669 2024 846 2094 quae
908 2006 1078 2075 tunc
1141 2003 1347 2094 pleno
1413 2004 1694 2075 lucebat
1758 2003 1952 2091 orbe,
2022 2002 2420 2096 prodigium
2496 2003 2851 2097 singulare
2924 2004 3373 2077 denuntiasse
3442 2012 3513 2079 et

405 2123 584 2216 Regi
649 2122 1016 2196 victoriam
1080 2124 1550 2215 portendisse,
1619 2124 1802 2215 quod
1869 2123 2228 2215 sequentis
2293 2122 2433 2195 dici
2506 2123 2861 2214 probavit,
2938 2125 3512 2217 confirmavitque

405 2248 733 2332 eventus,
790 2243 1194 2316 nuntiatum
1253 2248 1382 2316 est.
1440 2244 1899 2334 Conspectum
1957 2242 2304 2335 siquidem
2358 2242 2495 2314 fuit
2550 2266 2591 2314 a
2645 2244 3006 2316 nonnullis
3060 2266 3185 2335 per
3238 2250 3511 2317 noctem

406 2363 952 2452 excubantibus,
1011 2368 1214 2435 atrox
1271 2362 1684 2455 aliquandiu
1750 2363 1822 2435 111
1877 2364 2086 2437 lunae
2142 2364 2438 2452 circuIO,
2498 2363 2685 2435 inter
2738 2364 3001 2457 Regem
3068 2365 3153 2437 ab
3210 2387 3382 2453 una,
3441 2369 3511 2437 ct

405 2484 820 2557 monachum
857 2482 1178 2575 partibus
1218 2485 1271 2573 ¹)
1327 2485 1420 2559 ab.
1451 2485 1703 2567 altera,
1763 2482 2167 2557 certaminis
2208 2482 2491 2557 stetisse
2528 2482 2937 2571 discrimen3
2995 2485 3080 2556 ad
3120 2489 3510 2558 extremum

405 2608 636 2677 tamen
692 2604 1106 2675 monachum
1161 2624 1202 2675 a
1255 2604 1445 2696 Rege
1500 2604 1766 2677 victum
1832 2609 1901 2676 et
1964 2624 2051 2676 ex
2107 2624 2391 2696 corpore
2458 2604 2666 2676 lunae
2730 2604 3107 2692 deiectum,
3167 2604 3507 2696 praecipi-

402 2728 772 2815 tatumque
827 2722 1179 2797 extitisse.
1255 2724 1338 2795 Id
1368 2722 1432 2813 ²)
1496 2724 1892 2816 prodigium
1961 2722 2312 2815 frequenti
2374 2722 2715 2797 relatione
2778 2723 2851 2795 in
2906 2724 3131 2797 altera
3184 2724 3297 2797 die
3350 2725 3507 2797 vul-

402 2850 679 2938 gatum,
739 2843 1262 2916 Bartholomaei
1317 2844 1601 2935 plebani
1657 2843 1730 2915 in
1767 2844 2211 2932 Klobuczko,
2270 2843 2619 2935 capellani
2672 2843 2881 2936 regii,
2940 2842 3164 2916 oculis
3221 2865 3295 2917 se
3348 2865 3507 2935 pro-

403 2964 580 3056 priis
635 2962 975 3037 visionem
1031 2962 1434 3035 huiusmodi
1490 2968 1844 3055 spectasse
1899 2964 2405 3052 asseverantiS,
2463 2964 2757 3036 assertio
2815 2964 3297 3036 confirmabat:
3358 2964 3507 3037 sive

403 3086 477 3157 id
532 3084 751 3157 animi
806 3082 1173 3158 victoriam
1227 3084 1738 3177 praesagientis
1797 3083 2009 3158 fuerit
2062 3084 2434 3173 indicium,
2494 3083 2643 3157 sive
2689 3104 3042 3158 aerearum
3098 3086 3324 3177 figura
3376 3083 3505 3156 im·

403 3204 875 3297 pressionum,
935 3204 1085 3276 sive
1143 3204 1498 3295 quaelibet
1552 3205 1696 3277 alia
1760 3226 1848 3277 ex
1902 3204 2165 3278 abditis
2222 3204 2455 3278 causis
2518 3204 2936 3296 proveniens
2993 3202 3332 3293 ostensio,
3398 3204 3504 3276 in-

404 3330 674 3399 certum
727 3325 1090 3398 habemus,
1148 3325 1666 3397 Nonnullorum
1722 3326 2010 3417 insuper
2065 3325 2375 3398 militum
2431 3345 2521 3397 ex
2558 3324 2976 3398 Cruciferico
3016 3323 3330 3399 exercitu
3368 3348 3507 3397 non

403 3452 698 3533 temera,
755 3465 979 3536 neque
1033 3445 1383 3537 vulgaris,
1455 3446 1578 3519 sed
1633 3448 1962 3518 constans
2027 3450 2096 3519 et
2151 3445 2377 3518 solida
2431 3444 2733 3517 habebat
2785 3443 3067 3518 relatio:
3144 3446 3276 3517 sub
3332 3449 3505 3517 tem-

402 3586 569 3659 pore
624 3564 845 3654 omni,
905 3587 1041 3657 quo
1095 3566 1437 3657 praelium
1493 3565 1904 3653 habebatur,
1962 3564 2100 3638 diei
2158 3564 2507 3639 crastinae
2562 3563 2793 3636 visum
2850 3586 2891 3637 a
2930 3586 3003 3637 se
3058 3586 3270 3655 supra
3308 3586 3502 3637 exer-

401 3686 621 3760 citum
677 3684 1120 3773 Polonicum‚
1179 3685 1530 3758 hominem
1565 3686 2054 3773 reverendum,
2112 3683 2501 3776 pontificali
2556 3683 2890 3758 vestitum
2947 3682 3207 3755 amictu
3239 3682 3325 3772 ³),
3384 3684 3505 3775 qui

402 3810 476 3879 et
526 3804 1082 3878 benedictionem
1149 3809 1220 3875 et
1274 3804 1630 3877 assiduam
1695 3803 2271 3877 confortationem
2335 3802 2623 3875 Polonis
2687 3803 3184 3877 dimicantibus
3249 3802 3502 3896 largie-

401 3927 612 3999 batur
665 3930 736 3997 et
790 3930 1048 3998 certam
1101 3926 1633 4017 repromittebat
1669 3923 1956 3997 Polonis
2013 3923 2403 3997 victoriam.
2464 3924 2655 3996 Haec
2709 3924 2779 3995 in
2836 3923 3312 4015 prodigiorum
3351 3925 3501 3996 loco

403 4048 596 4119 fuere
650 4044 1008 4133 nuntiata,
1066 4066 1190 4137 per
1247 4066 1424 4136 quae
1477 4043 1765 4118 indubie
1819 4046 2058 4115 futura
2111 4044 2330 4137 Regis
2387 4043 2683 4117 victoria
2740 4042 3170 4136 signabatur.

527 4408 918 4481 wladislaus
961 4408 1134 4495 Rex,
1181 4408 1476 4497 quamvis
1519 4408 1648 4480 iam
1691 4407 1826 4478 fere
1872 4410 2207 4497 premente
2252 4408 2482 4493 hoste,
2538 4423 2577 4477 a
2620 4406 2829 4477 sacris
2872 4408 3095 4476 tamen
3142 4404 3369 4476 abduci

1743 4546 1875 4599 non
1919 4530 2164 4618 potest.

609 4766 818 4839 Feria
871 4766 1084 4839 tertia
1137 4766 1211 4839 in
1267 4766 1378 4839 die
1417 4766 1806 4838 Divisionis
1847 4766 2379 4857 Apostolorum,
2440 4763 2879 4855 quindecima
2916 4763 3029 4836 die
3068 4762 3273 4850 Iulii,
3331 4762 3499 4835 licet

397 4886 840 4959 wladislaus
895 4887 1318 4959 Polonorum
1350 4886 1412 4975 ⁴)
1469 4887 1624 4958 Rex
1682 4884 1754 4956 in
1810 4886 1960 4957 loco
2017 4884 2402 4957 stationum
2442 4884 2514 4955 in
2552 4884 2865 4956 diluculo
2924 4882 3292 4955 statuisset
3332 4883 3495 4954 mis-

397 5028 515 5081 sas
571 5005 844 5093 audire,
921 5005 1300 5078 tentorium
1375 5010 1638 5094 tamen,
1715 5005 1844 5077 sub
1919 5027 2054 5096 quo
2111 5004 2497 5097 agebantur
2552 5005 2821 5091 divina,
2898 5008 3105 5077 vento
3162 5004 3373 5075 fiante
3430 5010 3499 5075 et

393 5126 749 5219 rapiente,
807 5125 1166 5200 celeritate
1223 5148 1361 5217 qua
1414 5126 1818 5214 iubebatur,
1877 5146 2100 5216 neque
2155 5125 2279 5217 figi
2334 5146 2557 5216 neque
2613 5123 2954 5215 explicari
3007 5129 3311 5215 poterat,
3370 5144 3497 5195 nec

617 5400 662 5478 ¹)
707 5407 876 5478 parte
924 5396 1075 5463 Cod.
1123 5398 1315 5463 Rozr.
1369 5398 1420 5479 ⁹)
1469 5402 1596 5459 Hoc
1645 5394 1795 5461 Cod.
1850 5396 2035 5461 Rozr.
2096 5398 2150 5477 ³)
2198 5400 2473 5459 amictum
2518 5400 2734 5459 vestitu
2784 5392 2935 5460 Cocl.
2984 5394 3174 5459 Rozr.
3224 5393 3278 5475 ⁴)
3326 5398 3495 5457 Polo-

395 5507 536 5567 niae
583 5500 736 5567 Cod.
783 5502 974 5567 Rozr.
