4342 6384
991 524 1150 597 480
2172 544 2403 596 mmm
2452 543 2915 596 unnncnms.
3530 520 3664 619 (Α.
3702 518 3794 593 D.
3830 520 4015 619 1432.)

993 730 1346 822 pervenit,
1403 734 1476 802 et
1527 730 1790 801 Ducem
1845 728 2204 821 Switrigal
2256 730 2343 801 de
2397 732 2649 803 throno
2702 730 3017 801 Ducatus
3056 728 3293 819 Magni
3330 727 3752 799 Lithuaniae
3788 727 3943 799 eiicit
3967 734 4013 799 et
4135 716 4138 807 J

993 850 1322 942 expellit,
1379 854 1450 923 et
1503 854 1646 922 tam
1701 868 1990 922 uxorem
2047 870 2279 935 suam,
2338 870 2549 939 quam
2602 870 2841 921 omnes
2898 870 3063 920 suos
3100 848 3179 936 ¹),
3236 848 3576 938 captivat.
3632 847 3795 919 Dux
3842 852 4013 918 autem
4135 818 4138 895 ἶ

995 970 1148 1062 ipse
1201 968 1560 1062 Switrigal
1612 990 1860 1041 manus
1913 988 2078 1039 suas
2117 967 2399 1061 effugit,
2456 952 2785 1061 quoniam
2822 967 3247 1059 conspiratio
3286 972 3527 1039 contra
3564 988 3721 1039 eum
3760 967 4015 1039 conclusa
4138 1058 4140 1067 Ι

995 1090 1168 1161 adeo
1221 1094 1488 1161 secreta
1541 1109 1696 1161 esse
1747 1109 1886 1160 non
1940 1091 2249 1177 poterat,
2310 1087 2479 1179 quin
2536 1088 2607 1159 in
2639 1086 2703 1176 2)
2756 1088 3083 1159 notitiam
3130 1108 3255 1177 per
3290 1088 3720 1159 Iwaskonem
3754 1085 3813 1173 3)
3858 1087 4017 1157 Moni-
4138 1068 4140 1071 Α

997 1207 1342 1282 widowicz
1397 1208 1828 1280 Lithuanum
1881 1207 2313 1299 pertingeret
2342 1208 2429 1295 ⁴).
2488 1208 2799 1299 Fugiens
2855 1212 3089 1280 autem
3118 1206 3205 1294 ⁵),
3262 1207 3521 1280 nullibi
3577 1207 3649 1279 in
3704 1206 4013 1277 Lithuania

997 1327 1382 1401 subsistere
1417 1348 1664 1416 ausus,
1719 1327 1982 1419 ubique
2017 1327 2203 1399 enim
2234 1327 2298 1416 θ)
2352 1328 2706 1399 metuebat
2760 1327 3257 1418 proditionem,
3316 1328 3435 1399 sed
3494 1327 3569 1398 in
3604 1331 3825 1399 terras
3854 1327 4018 1398 Russ-

999 1448 1108 1523 iae
1161 1470 1238 1522 se
1289 1447 1640 1522 convertit
1668 1446 1755 1536 ⁷),
1813 1446 2042 1519 sciens
2097 1448 2283 1540 quod
2338 1448 2849 1521 Lithuanorum
2904 1446 3175 1519 animos
3234 1446 3533 1519 offensos
3568 1446 3873 1533 haberet,
3916 1446 4020 1517 Ru·

1001 1568 1372 1641 thenorum
1426 1588 1588 1642 vero
1643 1567 2026 1658 plurimum
2045 1624 2062 1656 ,
2119 1572 2271 1639 tum
2327 1588 2417 1639 ex
2470 1567 3002 1659 largitionibus,
3060 1572 3209 1639 tum
3247 1588 3337 1639 ex
3376 1567 3611 1639 favore
3648 1566 3815 1637 ritui
3848 1586 4021 1637 eorum

998 1687 1349 1779 impenso,
1415 1686 1825 1761 conciliatos
1879 1692 1950 1759 et
2003 1686 2402 1760 obstrictos.
2472 1688 2632 1759 Dux
2697 1708 2863 1759 vero
2892 1686 2958 1775 Β)
3014 1686 3505 1779 Sigismundus
3570 1686 3802 1757 omnia
3858 1690 4027 1756 castra

1001 1807 1460 1896 Lithuaniae,
1513 1807 1846 1880 videlicet
1899 1806 2217 1895 Vilnam,
2276 1808 2577 1897 Trokky‚
2634 1807 2913 1880 Grodno
2933 1864 2950 1892 ,
2992 1807 3065 1878 in
3104 1828 3301 1878 suam
3338 1806 3607 1898 redegit
3644 1809 4026 1896 potestatem}

1001 1932 1228 2002 terrae
1280 1948 1446 2001 vero
1499 1926 1832 2016 Bussiae,
1899 1926 2354 2014 Smolensko‚
2420 1926 2843 2017 Withepsko
2872 1927 2960 2015 9),
3018 1926 3235 1998 Ducis
3299 1925 3654 2017 Switrigal
3722 1925 3905 1997 fidem
3952 1943 4026 1992 se·

1005 2046 1419 2139 quebantur.
1477 2045 1912 2137 Expulsione
1966 2045 2185 2119 Ducis
2241 2045 2627 2137 Switrigal‚
2685 2047 3016 2119 Prussiae
3052 2045 3387 2137 Magister
3421 2046 3689 2119 Paulus
3746 2046 3827 2117 de
3864 2044 4031 2115 Russ-

1013 2166 1222 2255 dorff,
1311 2166 1434 2257 qui
1516 2169 1684 2239 tunc
1745 2165 1932 2257 apud
2003 2166 2444 2257 Ragnetham
2510 2186 2667 2238 cum
2730 2166 3349 2257 principalioribus
3414 2162 4033 2238 Commendatoribus

1013 2286 1264 2379 agebat
1315 2290 1767 2373 conventum,
1823 2284 2100 2373 audita,
2159 2306 2413 2377 magno
2468 2291 2657 2359 metu
2712 2306 2870 2358 cum
2924 2285 3246 2358 omnibus
3302 2285 3486 2373 suis,
3542 2286 3859 2358 conscius
3904 2284 4035 2354 ziza-

1003 2404 1280 2479 niarum
1317 2427 1492 2498 quas
1527 2405 1934 2492 diffuderat,
1973 2404 2088 2497 agi
2125 2405 2218 2494 ¹⁰)
2258 2406 2521 2497 coepit,
2562 2412 2633 2479 et
2668 2428 2705 2479 e
2742 2405 3044 2497 vestigio
3084 2406 3518 2478 Ludovicum
3556 2405 3641 2477 de
3676 2407 3930 2477 Lansze
3956 2402 4037 2488 ιι),

1005 2526 1394 2599 Conradum
1447 2526 1532 2599 de
1585 2525 1889 2611 Thrucz,
1956 2524 2595 2613 commendatoreS,
2662 2526 2993 2598 Iodocum
3058 2526 3629 2612 Thesaurarium‚
3690 2530 3763 2598 et
3814 2522 4037 2599 Gabrie-

1005 2647 1144 2718 lem
1177 2645 1266 2719 de
1302 2645 1626 2737 Bayszen
1661 2642 1756 2734 12)
1801 2644 2130 2731 militem,
2174 2666 2331 2717 cum
2368 2645 2569 2717 donis
2607 2645 2697 2716 ad
2734 2644 3260 2738 sigismundum
3296 2646 3559 2717 Ducem
3599 2644 4041 2731 Starodubsky‚

1003 2764 1508 2839 conciliaturus
1571 2765 1810 2853 illum,
1877 2764 2070 2837 Duce
2136 2763 2562 2856 Switrigello
2624 2764 2905 2853 relicto,
2974 2765 3112 2837 sibi
3166 2770 3237 2838 et
3291 2764 3533 2838 Ordini
3551 2822 3568 2854 ,
3639 2765 3843 2857 quasi
3888 2764 4040 2835 fidem

1007 2906 1164 2958 cnm
1218 2886 1500 2957 fortuna
1562 2887 1916 2976 oporteret
1977 2884 2395 2971 consistere,
2464 2884 2913 2957 transmittit.
2980 2883 3249 2975 Quibus
3313 2886 3557 2957 vacuis
3621 2883 4043 2965 redeunt-ibim,

1009 3003 1336 3096 ampliori
1387 3023 1643 3095 pavore
1696 3002 2032 3076 cruciferi
2085 3002 2321 3075 territi
2374 3003 2925 3093 distinebantur,
2982 3024 3140 3076 cum
3186 3026 3297 3077 res
3335 3006 3540 3097 longe
3594 3005 3841 3091 aliter,
3892 3022 4049 3093 quam

1011 3122 1152 3215 ipsi
1203 3123 1342 3197 rati
1396 3124 1704 3214 fuerant,
1761 3122 2203 3197 cecidissent.

1011 3476 1403 3549 'ladislaus
1443 3477 1586 3549 Rex
1629 3480 1975 3551 unctores
2019 3478 2104 3550 ad
2147 3495 2257 3550 res
2301 3479 2686 3550 Lithuaniae
2731 3478 3126 3551 ordinandas
3168 3478 3381 3551 mittit
3426 3480 3498 3550 et
3542 3481 3835 3550 castrum
3880 3474 4059 3548 elem

2389 3599 2732 3689 conquirit.

1222 3844 1393 3917 Cum
1455 3848 1688 3917 autem
1755 3844 2194 3918 Wladislaus
2254 3845 2412 3918 Rex
2475 3845 2749 3917 Novam
2804 3846 3177 3919 Civitatem
3240 3846 3607 3937 linquens,
3680 3868 3811 3937 per
3870 3844 4064 3916 solitas

1025 3963 1368 4037 stationes
1429 3984 1554 4054 pro
1619 3964 1798 4036 festo
1861 3963 2283 4037 Nativitatis
2340 3964 2635 4038 Sanctae
2680 3966 2939 4039 Mariae
2986 3966 3061 4039 in
3098 3965 3609 4039 Sandomiriam
3658 3964 4066 4057 pervenisset

1017 4082 1229 4156 celeri
1289 4083 1540 4155 nuntio
1592 4083 1914 4186 ,Iohanne
1969 4084 2468 4175 Nyemirowicz
2508 4084 2601 4175 ¹³)
2664 4087 3091 4159 certificatus
3146 4088 3231 4159 de
3284 4086 3501 4159 Ducis
3568 4088 3927 4180 Switrigal
3980 4100 4065 4152 ex-

1017 4202 1372 4294 pulsione,
1436 4187 1704 4275 vocatis
1767 4202 2142 4276 baronibus
2200 4208 2272 4277 et
2324 4204 2673 4277 Praelatis
2735 4207 3181 4298 propinquis,
3248 4206 3625 4296 deliberat,
3702 4207 3873 4299 qnid
3932 4204 4069 4277 circa

1019 4326 1350 4395 eventum
1400 4322 1802 4395 huiusmodi
1855 4323 2197 4396 novitatis
2252 4325 2595 4417 agendum
2650 4332 2837 4399 esset
2874 4326 2990 4416 ¹4),
3048 4332 3117 4399 et
3172 4327 3235 4400 si
3288 4328 3605 4400 Ducatus
3668 4328 3959 4420 Magnus
3989 4320 4071 4394 Li-

1019 4441 1352 4515 thuaniae
1405 4442 1588 4515 Duci
1642 4443 2090 4535 Sigismundo
2145 4446 2635 4519 conferendus:
2694 4467 2900 4537 quem
2954 4467 3078 4538 per
3127 4447 3415 4519 nuntios
3451 4446 3527 4519 in
3563 4448 3845 4522 Lublin
3880 4449 4071 4536 πρωϊ

1021 4562 1306 4651 missos,
1365 4562 1506 4637 sibi
1557 4563 1889 4653 conferri,
1948 4568 2018 4637 et
2071 4585 2158 4637 se·
2201 4565 2275 4637 in
2332 4565 2457 4637 illo
2512 4566 2907 4638 confirmari
2943 4587 3065 4657 per
3102 4566 3365 4659 Regem
3420 4572 3488 4641 et
3534 4568 3905 4661 Regnum,
3955 4584 4075 4651 sup-

1017 4681 1349 4775 plicabat.
1407 4682 1926 4756 Deliberatione
1981 4688 2219 4757 autem
2272 4690 2585 4777 sumpta,
2654 4692 2921 4777 septem
2986 4686 3425 4759 consiliarios
3491 4686 3985 4771 Lithuaniam‚
4024 4681 4075 4753 in

1021 4802 1286 4875 Lublin
1323 4802 1413 4890 15)
1468 4823 1593 4894 pro
1649 4805 1826 4874 festo
1883 4804 2124 4877 Sancti
2178 4805 2546 4877 Michaelis
2600 4807 3044 4897 pervenienS,
3104 4806 3506 4895 trasmittit‚
3568 4808 3917 4881 videlicet
3962 4800 4075 4875 Sbi-

1237 5008 1284 5087 ¹)
1332 5028 1534 5070 omnes
1581 5010 1848 5086 captivos
1893 5026 2034 5069 suos
2084 5004 2235 5071 Cod.
2284 5006 2475 5072 Rozr.
2525 5008 2581 5087 Ω)
2624 5010 2701 5069 ad
2750 5006 2900 5073 Cod.
2947 5009 3141 5073 Rozr.
3192 5010 3239 5089 ³)
3289 5010 3695 5072 Iuaschonem
3746 5010 3899 5075 Cod.
3938 5007 4077 5070 Rozr.

1026 5108 1084 5188 ⁴)
1125 5112 1479 5188 perveniret.
1545 5110 1697 5174 0001.
1743 5108 1937 5175 Rozr.
2001 5110 2055 5191 ⁵)
2103 5132 2245 5172 vero
2311 5108 2461 5173 Cod.
2508 5110 2700 5172 Rozr.
2764 5110 2821 5191 ⁶)
2865 5132 3000 5173 nam
3045 5116 3264 5189 ubique
3312 5108 3463 5175 Cod.
3510 5110 3727 5176 Rozr.
3794 5116 3847 5193 ⁷)
3894 5110 4079 5175 contulit

1030 5208 1183 5275 Cod.
1247 5210 1437 5276 Rozr.
1503 5214 1554 5283 ⁸)
1615 5221 1812 5277 autem
1873 5210 2025 5276 Cod.
2085 5212 2279 5276 Rozr.
2350 5212 2403 5293 ⁰)
2464 5215 2829 5291 Vythewsko
2894 5211 3043 5277 Cod.
3116 5214 3293 5278 Oalv.
3366 5214 3441 5293 ¹⁰)
3503 5221 3661 5294 ang-i
3732 5214 3886 5282 cod.
3938 5214 4077 5277 Βοττ-

1037 5312 1116 5391 ¹¹)
1149 5316 1460 5378 Launsche
1509 5313 1662 5380 Cod.
1707 5316 1888 5379 Kost.
1933 5318 2249 5379 Lanusche
2291 5315 2419 5377 Ed.
2466 5316 2647 5400 Lips.
2706 5314 2785 5401 ¹²)
2832 5319 3015 5378 Bazin
3065 5314 3215 5379 Cod.
3264 5318 3440 5379 Kost.
3512 5317 3605 5398 ¹³)
3656 5320 4079 5383 Niemienowiex

1032 5409 1186 5478 Cod.
1230 5413 1406 5479 Kost.
1461 5415 1541 5497 ¹⁴)
1587 5422 1664 5480 sit
1711 5414 1862 5482 Cod.
1909 5416 2100 5482 Rozr.
2157 5418 2236 5500 ¹⁵)
2282 5420 2604 5481 Lublinnm
2652 5415 2803 5482 God.
2848 5418 3041 5482 Rozr.
