4342 6384
343 528 477 643 (Ᾱ.
516 534 609 617 ὓ.
650 526 905 641 1433.)
1484 556 1709 620 niens
1760 556 2220 621 11111111οω03.
3287 532 3435 613 509

344 762 525 838 11163,
582 750 848 841 pariter
900 755 973 822 et
1024 750 1359 835 victores,
1418 751 1799 826 venissent.
1858 752 2059 825 Unde
2114 756 2187 823 et
2240 754 2478 843 plures
2531 754 2701 822 tunc
2738 748 2988 822 Poloni
3043 749 3116 820 in
3172 736 3440 821 milites

342 870 559 942 creati
618 877 688 943 et
744 876 1175 943 sacramento
1232 870 1532 945 militiae
1585 871 1851 944 addicti
1907 877 2105 961 sunt3
2162 876 2233 945 01
2293 870 2612 963 plerique
2669 888 2756 943 ex
2796 867 3132 941 Bchemis
3189 884 3441 959 aquam

345 990 559 1061 maris
616 989 690 1062 in
746 988 1033 1082 lagenas
1090 991 1493 1079 fundente8‚
1551 992 1638 1063 ad
1674 996 1961 1083 penates
2015 992 2334 1084 proprios
2389 990 2464 1063 in
2503 990 2780 1083 signum
2837 994 2978 1061 tam
3019 993 3439 1061 memoratae

344 1108 643 1182 militiae
698 1109 1127 1183 detulerunt.
1212 1112 1449 1185 Pressi
1512 1112 1703 1185 cives
1768 1112 1853 1185 de
1910 1112 2196 1186 Gdanslr
2237 1114 2288 1200 ¹)
2342 1110 2667 1203 pluribus
2720 1107 3176 1181 incommodis
3231 1113 3438 1199 (pro-

341 1227 677 1301 iectiones
734 1228 918 1302 enim
964 1228 1495 1302 bombardarum
1550 1230 1933 1321 plurimum
1969 1252 2085 1304 eos
2141 1231 2568 1319 atterebant,
2627 1234 2698 1303 et
2751 1228 2981 1301 facilis
3037 1227 3195 1299 visa
3249 1229 3358 1299 est
3375 1222 3440 1313 ²)

342 1347 657 1419 civit-atis
730 1348 1187 1440 conquisitio,
1263 1349 1325 1422 si
1397 1350 1749 1423 exercitus
1820 1351 1895 1423 in
1968 1350 2119 1423 eius
2195 1350 2552 1423 obsidione
2628 1353 2698 1420 et
2769 1344 3287 1439 expugnatione
3359 1364 3440 1416 ea

344 1480 582 1559 opera,
640 1488 779 1560 qua
833 1467 1017 1541 circa
1070 1469 1560 1560 Choyniczam,
1618 1491 1793 1542 usus
1848 1470 2167 1560 fuisset),
2237 1472 2320 1543 de
2383 1490 2552 1563 pace
2607 1467 2986 1560 agendum,
3051 1464 3263 1537 veriti
3318 1482 3438 1538 ex-

344 1594 598 1675 trema,
656 1588 1040 1661 duxeruut:
1098 1608 1225 1680 pro
1278 1610 1417 1681 qua
1470 1594 1541 1663 et
1594 1588 1666 1661 in
1723 1590 2005 1681 Pelplin
2060 1595 2131 1664 et
2185 1590 2347 1664 aliis
2405 1588 2579 1661 locis
2633 1606 2758 1679 per
2811 1589 3154 1658 tractatus
3208 1581 3440 1656 varios

342 1705 819 1799 interpositio,
886 1728 1089 1780 cassa
1152 1713 1385 1782 tamen
1448 1710 1633 1781 facta
1697 1714 1877 1797 erat3
1954 1714 2025 1783 et
2078 1710 2246 1783 licet
2300 1710 2662 1801 aliquanto
2731 1710 3040 1795 tempore
3091 1724 3216 1794 pro
3271 1722 3440 1794 pace

344 1825 595 1899 fuisset
648 1826 1073 1915 laboratum,
1132 1827 1393 1901 infecto
1448 1832 1679 1901 tamen
1736 1827 2015 1922 negotio
2070 1829 2459 1903 discessum
2491 1827 2578 1918 ³).

861 2190 1155 2263 oestrum
1198 2190 1632 2281 luchonmz
1680 2209 1721 2263 a
1760 2192 2015 2265 Polonis
2058 2192 2359 2281 diripitur
2402 2194 2476 2264 et
2518 2192 2907 2264 incenditur.

546 2426 755 2499 Feria
809 2427 1113 2499 secunda
1180 2434 1342 2518 post
1406 2428 1646 2501 Sancti
1710 2428 2077 2502 Laurentii
2104 2430 2167 2518 ⁴)
2233 2452 2274 2501 a
2329 2428 2615 2503 Gdanslr
2645 2428 2706 2517 5)
2773 2450 2910 2500 11011
2967 2427 3118 2501 31110
3181 2429 3436 2519 plausu

340 2550 413 2619 et
465 2546 739 2619 laetitia
776 2545 1068 2632 civium,
1127 2547 1560 2640 consumptis
1600 2549 1945 2637 omnibuS,
2004 2570 2182 2641 quae
2218 2549 2291 2621 in
2332 2548 2591 2621 vicinia
2627 2551 2856 2637 erant,
2913 2547 3263 2621 exercitus
3302 2547 3432 2618 Po-

338 2666 568 2737 loniae
621 2664 943 2755 recessit,
1020 2672 1090 2739 et
1152 2667 1239 2738 ad
1304 2667 1634 2759 oppidum
1699 2669 2056 2761 Tucholya
2118 2667 2344 2741 sextis
2412 2666 2694 2740 stativis
2759 2666 3204 2757 perveniens,
3271 2666 3436 2737 dum

340 2784 605 2857 stativa
656 2806 872 2877 prope
936 2784 1267 2876 oppidum
1328 2808 1583 2878 ponere
1648 2787 2027 2875 voluisset,
2094 2786 2627 2860 bombardarum
2693 2785 3142 2879 quassatione
3172 2784 3234 2874 θ)
3289 2806 3434 2857 ma-

339 2924 513 2995 gua,
570 2904 807 2977 crebro
862 2925 949 2976 ex
986 2909 1216 2977 castro
1254 2906 1501 2994 missa,
1558 2908 1823 2980 vetitus
1862 2912 2000 2979 est:
2056 2913 2344 2999 propter
2394 2907 2577 2999 quod
2631 2906 2706 2978 in
2743 2906 2974 2979 locum
3029 2906 3172 2978 fere
3225 2902 3437 2977 medii

340 3022 673 3096 milliaris
735 3024 821 3096 ab
876 3024 1128 3116 oppido
1194 3026 1483 3099 secessit
1547 3032 1617 3099 et
1680 3027 1833 3100 illic
1896 3033 2127 3100 castra
2188 3028 2473 3100 locavit.
2525 3025 2823 3099 ‘Abinde
2885 3043 3306 3116 consurgens
3361 3023 3434 3093 in

340 3143 807 3235 Iaschenyecz
840 3146 901 3233 ⁷)
956 3143 1183 3234 venit,
1224 3145 1345 3218 ubi
1384 3146 1631 3219 diebus
1670 3152 1971 3239 quatuor
2009 3147 2272 3219 stat-iva
2307 3147 2580 3221 habuit.
2638 3146 2992 3219 Venerant
3029 3144 3213 3217 euim
3240 3143 3434 3215 Com-

340 3261 809 3344 mendatores,
873 3262 1139 3336 milites
1204 3267 1273 3337 et
1337 3264 1526 3337 cives
1590 3267 1922 3339 Prussiae
1984 3268 2072 3339 ad
2126 3267 2566 3339 tractandum
2633 3265 2717 3338 de
2769 3284 2963 3356 pace.
3037 3264 3234 3335 Infra
3288 3260 3438 3334 dies

342 3386 577 3454 autem
633 3382 829 3468 11103,
887 3402 1043 3454 011111
1096 3382 1435 3474 primores
1488 3386 1683 3477 pacis
1738 3386 2073 3458 tractatui
2130 3391 2488 3472 vacarent,
2567 3382 2919 3465 exercitus
2973 3383 3438 3454 Bohemorum

341 3520 591 3573 versus
647 3502 1083 3593 Bidgostiam
1138 3503 1497 3591 discessit,
1554 3511 1634 3576 ut
1672 3504 1982 3592 facilius,
2042 3506 2222 3577 fame
2260 3504 2597 3592 afflictus,
2655 3504 2728 3576 in
2771 3501 3066 3575 Polouia
3103 3500 3441 3572 alimenta

342 3619 791 3710 conquirens,
848 3621 1039 3694 refici
1092 3628 1361 3713 posset:
1418 3624 1727 3697 iuniores
1781 3624 2043 3696 milites
2100 3646 2176 3697 se
2221 3623 2518 3697 invicem
2573 3621 2950 3709 cohortati,
3008 3640 3163 3692 cum
3203 3621 3439 3691 essent

340 3757 627 3811 numero
681 3739 919 3831 pauci,
986 3738 1073 3812 ad
1128 3744 1667 3835 expugnandum
1732 3750 2040 3816 castrum
2095 3744 2558 3835 Iaschenyecz
2587 3742 2652 3831 ⁸)
2708 3741 2984 3814 iniussu
3040 3739 3433 3831 capitaneo-

340 3877 499 3929 rum
550 3858 956 3949 procedunt.
1016 3860 1205 3950 Quae
1242 3861 1519 3933 novitas
1558 3863 1723 3935 dum
1760 3863 1836 3935 111
1872 3862 2187 3936 exercitu
2226 3862 2768 3955 percrebuisset,
2824 3859 3197 3932 universus
3237 3874 3432 3931 exer-

342 3974 561 4063 citus,
618 3976 829 4049 armis
884 3978 1221 4071 sumptis,
1280 3979 1483 4071 quasi
1536 3980 1737 4071 signo
1776 3982 1969 4070 dato,
2026 4002 2144 4054 eos
2185 3987 2293 4054 est
2347 3986 2632 4053 secutus
2661 3980 2747 4068 ⁹).
2806 3977 3244 4052 Circumdato
3298 3976 3431 4048 ita-

344 4114 481 4185 que
534 4096 622 4169 ab
678 4096 864 4167 omni
917 4103 1116 4187 parte
1169 4103 1429 4184 castre,
1499 4098 1767 4191 ingenti
1822 4100 2190 4173 alacritate
2251 4106 2321 4173 et
2373 4100 2664 4172 audacia
2725 4099 2814 4172 ad
2866 4097 3019 4172 eius
3074 4109 3430 4188 expugna·

343 4214 605 4287 tionem
663 4219 860 4286 tanta
896 4214 1001 4302 vi,
1059 4221 1259 4288 tanta
1312 4219 1683 4293 velocitate
1739 4222 1809 4291 et
1846 4220 2185 4292 violentia
2237 4219 2682 4306 incumbunt,
2739 4224 2820 4289 ut
2855 4238 3072 4289 unum
3127 4214 3436 4289 animum

342 4354 581 4407 omnes
636 4334 923 4421 habere,
984 4339 1193 4426 atque
1230 4338 1400 4411 haec
1438 4357 1666 4409 coram
1704 4356 1981 4411 cernere
2018 4339 2281 4430 Regem
2321 4359 2525 4409 suum
2565 4337 3031 4423 existimares,
3089 4335 3436 4408 Dobeslao

338 4452 657 4525 Puchala
710 4452 1073 4543 capitaneo
1142 4454 1619 4548 Bidgostiensi
1684 4456 1832 4529 suis
1895 4457 2294 4530 bombardis
2349 4462 2658 4530 castrum
2723 4455 2999 4530 fortiter
3052 4452 3434 4547 quatiente.

342 4571 546 4644 Licet
599 4578 835 4644 autem·
887 4593 1009 4662 per
1046 4574 1259 4645 castri
1316 4574 1745 4647 habitatores
1800 4576 2148 4648 notabiles
2187 4572 2442 4649 fuisset
2477 4574 2886 4649 resistentia
2939 4574 3210 4665 aliquot
3244 4570 3437 4643 horis

340 4690 693 4781 opposita3
750 4695 941 4763 metu
980 4696 1211 4765 tamen
1248 4693 1575 4783 perculsi,
1634 4693 1801 4767 dum
1838 4694 2057 4766 nimia
2109 4694 2498 4785 pertinacia
2551 4694 2872 4767 viderent
2909 4714 2982 4766 se
3021 4688 3436 4783 expugnari,

340 4810 629 4897 cedunt,
697 4816 767 4883 et
820 4809 1069 4883 Poloni
1134 4818 1363 4883 castro
1426 4811 1887 4905 Iaschenyecz
1950 4813 2342 4905 potiuntur,
2416 4835 2554 4885 uno
2611 4812 3090 4885 tantummodo
3144 4810 3228 4883 de
3285 4806 3436 4881 suis

532 5108 603 5196 ⁴¹)
652 5116 1037 5178 Gedanenses
1102 5112 1255 5179 Geel.
1302 5114 1496 5179 Bozr.
1575 5114 1623 5195 ²)
1668 5122 1735 5177 ut
1778 5118 1970 5179 facilis
2028 5119 2161 5179 visa
2205 5124 2364 5179 esset
2421 5114 2548 5180 Ed.
2603 5114 2786 5199 Lips.
2863 5114 2912 5195 ³)
2957 5117 3284 5177 discessum
3328 5118 3437 5176 est.

344 5215 498 5282 Coa.
556 5216 748 5280 Rozr.
800 5216 851 5298 ⁴)
898 5226 1035 5295 post
1076 5221 1291 5281 festum
1336 5220 1395 5281 S.
1440 5220 1749 5281 Laurentii
1796 5216 1950 5282 cod.
1997 5217 2191 5281 Rozr.
2257 5218 2309 5297 ⁵)
2354 5239 2393 5280 a
2436 5221 2684 5281 Gedano
2733 5213 2886 5281 Coa.
2933 5214 3127 5279 Rozr.
3177 5214 3230 5295 ⁸)
3277 5218 3438 5276 bom—

339 5320 531 5383 barda
594 5318 719 5383 Ed.
781 5318 961 5403 Εὗρε.
1057 5320 1107 5401 ⁷)
1152 5300 1473 5385 'Iasieuiecz
1544 5318 1696 5385 (lod.
1760 5320 1935 5389 Kost.
2012 5320 2065 5407 ⁸)
2110 5324 2434 5387 Iasieuieca
2497 5317 2650 5389 Cod.
2711 5319 2887 5390 Koet.
2963 5319 3020 5406 ⁰)
3065 5326 3440 5388 consecutus·

346 5418 499 5491 Cod.
548 5419 741 5487 Rozr.
