4342 6384
939 542 1089 613 654
2117 566 2345 620 mmm
2392 564 2907 621 nuonncnms.
3478 539 3618 639 (Α.
3662 538 3755 611 D.
3792 535 4000 635 1440.)

935 748 1154 821 clesia
1205 750 1528 824 incendio
1581 754 2006 847 conflagrata
2043 754 2122 843 ¹).
2198 754 2302 826 De
2358 751 2629 825 familia
2674 751 3071 825 cardinalis
3124 756 3197 825 et
3247 750 3393 837 hia,
3452 750 3577 841 qni
3636 769 3869 821 secum
3912 768 3995 820 co-

936 868 1393 959 mitabantur,
1450 874 1696 945 nullus
1748 880 2100 958 mortuum
2157 875 2279 947 sed
2333 874 2572 965 plures
2626 873 2965 945 extabant
3018 870 3373 943 vulnerati
3402 870 3493 961 ²).
3578 869 3931 941 Poloniam
3952 867 3999 955 ³)

935 989 1090 1081 ipse
1145 990 1540 1064 cardinalis
1603 993 1788 1066 circa
1841 994 2191 1066 Iaszliska
2242 1000 2313 1067 et
2366 993 2753 1080 Rimanovv‚
2810 992 3105 1063 visitata
3158 991 3423 1083 Sophia
3486 990 3801 1083 Regina,
3860 1010 3999 1079 quae

937 1116 1108 1183 tunc
1159 1109 1238 1183 in
1291 1111 1526 1185 Sanok
1579 1114 1860 1205 agebat,
1927 1119 1999 1187 et
2051 1114 2398 1206 expositis
2462 1113 2528 1186 ei
2590 1112 2915 1185 omnibus
2978 1112 3221 1199 rebus,
3298 1132 3477 1203 quae
3538 1110 3619 1183 in
3676 1109 3999 1201 Hungaris

935 1230 1378 1323 contigerant
1441 1237 1514 1304 ct
1577 1232 1898 1305 ordinata
1961 1240 2191 1321 erant,
2265 1234 2341 1305 in
2402 1232 2515 1305 die
2592 1232 2833 1305 Sancti
2898 1230 3259 1323 Hippoliti
3330 1230 3721 1305 tredecima
3784 1228 3999 1300 mensis

939 1350 1250 1444 Augusti
1321 1352 1516 1425 venit
1569 1352 2005 1442 Cracoviam,
2080 1352 2205 1426 ubi
2266 1374 2309 1425 a
2362 1352 2513 1425 suis
2576 1352 2929 1425 Praelatis
2994 1357 3065 1424 et
3128 1352 3499 1425 canonicis
3572 1358 3651 1423 et
3714 1348 3999 1422 universa

939 1470 1230 1544 civitate
1282 1472 1726 1546 Cracoviensi
1787 1494 1946 1545 cum
2009 1495 2261 1565 magno
2323 1472 2677 1565 excipitur
2736 1472 3017 1565 gaudio.
3104 1472 3322 1563 Quem
3382 1478 3636 1563 postea
3692 1471 3997 1543 Iohannes

935 1590 1024 1664 de
1075 1592 1430 1665 Thanczin
1481 1593 1844 1684 palatinus
1897 1592 2377 1666 cracoviensis
2430 1598 2715 1665 secutus
2770 1598 2911 1680 est,
2968 1598 3039 1666 et
3092 1598 3253 1684 post
3284 1613 3545 1683 paucos
3602 1592 3791 1677 (1103,
3843 1590 3995 1662 vide-

937 1711 1108 1784 licet
1157 1710 1234 1782 in
1287 1712 1402 1784 die
1455 1713 1698 1787 Sancti
1753 1714 2311 1803 Bartholomaci,
2368 1714 2441 1786 in
2496 1713 2700 1787 Nova
2754 1713 3057 1786 civitate
3110 1713 3449 1800 Korczin,
3504 1712 3585 1784 in
3644 1708 3995 1803 praesentia

939 1830 1244 1923 Sophiae
1297 1832 1613 1926 Reginae
1665 1834 2034 1907 conventio
2087 1833 2541 1926 particularis
2592 1833 2837 1907 habita
2890 1840 3030 1920 est,
3088 1834 3204 1905 0111
3258 1832 3411 1925 ipse
3466 1832 3825 1927 Sbigneus
3870 1830 3993 1903 Car-

937 1949 1200 2024 dinalis
1255 1958 1328 2025 et
1381 1954 1730 2026 Iohannes
1785 1954 1871 2027 de
1924 1954 2279 2028 Thanczin
2330 1954 2691 2045 palatinus
2729 1954 3233 2041 cracoviensis,
3290 1954 3698 2045 caeterique
3749 1954 3995 2026 barones

937 2072 1248 2163 partium
1275 2073 1340 2163 ⁴)
1398 2072 1964 2147 Cracoviensium
2027 2076 2437 2149 interfuere:
2511 2075 2635 2148 ubi
2688 2079 3069 2148 tractatum
3134 2074 3269 2145 fuit
3331 2074 3417 2146 de
3470 2074 3821 2149 mittendo
3870 2072 3993 2144 sub·

941 2190 1122 2262 sidio
1177 2191 1570 2265 Wladislao
1626 2195 1805 2287 Regi
1859 2195 1933 2267 in
1987 2194 2448 2288 Hungariam.
2516 2196 2790 2287 Expost
2844 2215 3119 2287 quoque
3170 2215 3295 2285 pro
3349 2194 3463 2267 die
3518 2192 3929 2267 Nativitatis
3950 2190 3995 2278 5)

941 2311 1240 2385 Sanctae
1293 2313 1554 2387 Mariae
1619 2314 1691 2387 in
1744 2315 2104 2408 praedicta
2165 2317 2371 2389 Nova
2424 2314 2725 2389 Civitate
2779 2315 3087 2388 Korczin
3148 2314 3404 2388 iterum
3470 2314 3617 2387 alia
3674 2312 3993 2388 conventio

937 2452 1062 2523 per
1113 2433 1410 2507 barones
1461 2440 1658 2509 tenta
1713 2435 1850 2508 fuit
1875 2436 1966 2525 θ),
2039 2436 2128 2509 ad
2180 2458 2389 2528 quam
2452 2436 2605 2528 ipse
2670 2436 3021 2528 Sbigneus
3084 2434 3477 2509 cardinalis
3542 2432 3995 2527 multipliciter

937 2567 1064 2645 per
1113 2554 1442 2643 barones,
1503 2578 1799 2648 quorum
1852 2562 2021 2630 tunc
2073 2578 2214 2629 non
2266 2578 2485 2649 parva
2540 2556 2935 2649 frequentia
2988 2560 3438 2645 convenerat,
3494 2561 3823 2649 rogatus,
3870 2574 3989 2645 pro·

935 2676 1095 2764 pter
1148 2674 1626 2750 infirmitatem
1683 2698 1882 2751 suam
1935 2698 2219 2770 gravem
2272 2697 2360 2750 ex
2395 2697 2553 2750 aere
2600 2675 3066 2770 Hungaricali
3120 2681 3191 2749 et
3226 2698 3410 2769 aqua
3461 2676 3779 2769 regionis
3811 2673 3988 2757 illius,

937 2816 1148 2886 quam
1201 2794 1367 2867 vino
1423 2796 1792 2885 miscebat,
1851 2802 2330 2886 contraxerat,
2388 2797 2803 2870 descendere
2855 2818 2995 2869 non
3050 2796 3314 2888 potuit:
3374 2796 3447 2868 in
3486 2818 3629 2888 qna
3690 2796 3823 2868 fuit
3867 2814 3988 2865 ron-

937 2914 1247 3003 clusum,
1303 2921 1386 2988 ut
1440 2916 1514 2988 in
1569 2917 1964 2991 subsidium
2017 2917 2413 2989 Wladislao
2467 2917 2648 3010 Regi
2712 2917 3013 3009 quilibet
3074 2918 3321 2989 laneus
3350 2916 3412 3006 ⁷)
3478 2916 3553 2989 in
3608 2917 3823 2991 terris
3868 2914 3989 2987 cn«

937 3033 1384 3108 coviensibns
1453 3058 1672 3109 unum
1744 3039 2081 3111 fertonem
2153 3039 2492 3125 solveret,
2565 3040 2637 3111 et
2708 3037 2967 3111 nobilis
3040 3037 3339 3129 quilibet
3408 3038 3827 3111 kmethones
3888 3054 3989 3106 non

937 3154 1236 3245 habenS,
1293 3160 1364 3229 et
1419 3158 1798 3247 scultetus,
1854 3180 2066 3231 unam
2120 3180 2445 3232 marcam.
2519 3158 2855 3250 Exempti
2906 3163 3141 3231 tamen
3193 3163 3393 3231 erant
3446 3180 3695 3231 omnes
3749 3159 3990 3231 barones

937 3280 1008 3349 et
1061 3276 1336 3350 nobiles
1389 3290 1601 3371 atque
1656 3280 2066 3354 kmethones
2119 3302 2391 3369 eorum,
2448 3280 2572 3371 qui
2624 3278 3089 3371 personaliter
3141 3278 3217 3350 in
3270 3278 3673 3367 subsidium
3726 3274 3987 3351 wladis-

895 3390 902 3395 ’
935 3396 1050 3469 lao
1103 3397 1284 3491 Regi
1335 3404 1534 3472 erant
1587 3400 1979 3473 transituri.

933 3764 1298 3838 Kazimirus
1339 3766 1547 3839 stater
1589 3764 1926 3839 wladislai
1968 3764 2164 3855 Regis
2208 3780 2351 3836 cun
2394 3781 2629 3853 magno
2673 3763 2987 3841 comitatu
3030 3763 3100 3833 in
3132 3762 3539 3835 Lithuanim
3584 3760 3989 3851 proficiscitur.

1143 4006 1416 4098 Agente
1480 4004 1874 4078 Wladislao
1937 4005 2130 4097 Rege
2202 4006 2276 4076 in
2340 4003 2735 4097 Hungaria,
2809 4002 3213 4075 Kazimirus
3277 4022 3659 4095 germanus
3724 4020 3883 4073 suus
3932 3995 3989 4067 in

934 4124 1422 4213 Lithuaniam,
1480 4127 1826 4198 Ducatum
1881 4125 2211 4225 Magnum
2264 4125 2811 4217 gubernaturus,
2869 4121 3241 4215 processit,
3298 4126 3371 4193 et
3424 4120 3783 4193 thesauris
3831 4136 3987 4209 rega·

935 4244 1124 4319 libus
1180 4244 1582 4333 Cracoviae,
1641 4246 1960 4318 omnibus
2001 4244 2447 4333 necessariis,
2488 4244 2723 4336 equiS,
2782 4242 3135 4330 curribuS,
3175 4240 3653 4330 vestimentiS,
3694 4234 3989 4314 clenodiis

934 4366 1207 4440 abunde
1263 4366 1669 4459 expeditne,
1727 4387 1886 4439 cum
1921 4364 2330 4457 Principum
2387 4369 2456 4437 et
2489 4365 2827 4438 baronum
2854 4362 3179 4449 ‚exercitu
3225 4362 3611 4435 ducebatur
3639 4360 3733 4449 εῑ).
3812 4356 3991 4430 Erant

933 4490 1169 4559 autem
1223 4488 1296 4560 in
1353 4487 1692 4561 comitatu
1745 4508 1872 4559 suo
1928 4487 2156 4560 Duces
2212 4484 2565 4558 Masoviae
2626 4483 3031 4557 Kazimirus
3086 4487 3157 4555 et
3218 4482 3625 4569 Boleslaus,
3685 4481 3988 4553 Iohannes

933 4608 1020 4682 de
1056 4608 1358 4682 Cziszow
1413 4607 1844 4682 castellanus
1899 4612 1970 4680 et
2007 4606 2417 4699 capitaneus
2456 4602 2967 4691 Cracoviensi8‚
3026 4600 3413 4676 Dobeslaus
3450 4600 3535 4673 de
3574 4596 3989 4673 oleschnicza

933 4729 1292 4823 palatinus
1350 4726 1972 4816 Sandomiriensis,
2030 4728 2377 4800 Iohannes
2417 4725 2735 4799 Glowacz
2772 4724 2857 4797 de
2894 4722 3349 4797 Oleschnicza
3383 4720 3815 4793 castellanus
3850 4717 3987 4789 San·

931 4850 1408 4937 domiriensis,
1475 4848 1780 4921 Hriczko
1811 4848 1873 4939 9)
1937 4846 2299 4941 palatinus
2362 4844 2725 4931 Podoliae,
2783 4842 3108 4916 Warsius
3148 4843 3235 4931 ¹⁰)
3300 4841 3387 4913 de
3439 4839 3716 4913 Ostrow
3778 4832 3987 4910 castel·

1150 5162 1192 5241 ι)
1225 5164 1643 5240 deflagrarunt.
1693 5154 1846 5223 God.
1880 5156 2014 5219 Lis.
2077 5154 2132 5237 ςῑ)
2177 5158 2379 5233 plures
2423 5150 2719 5214 vulnerati
2760 5152 3067 5213 Poloniam
3112 5148 3353 5210 reversi.
3403 5141 3557 5209 Cod.
3605 5142 3820 5209 sz.
3863 5140 3904 5220 ³)
3938 5138 3989 5197 1¹¹

931 5270 1236 5331 Poloniam
1281 5264 1408 5327 Ed.
1455 5262 1639 5347 Lips.
1689 5262 1741 5342 ⁴)
1787 5269 2075 5325 terrarum
2123 5256 2277 5322 Cod.
2323 5256 2459 5320 Lis.
2510 5254 2564 5332 ⁵)
2610 5255 2847 5317 Natalis
2894 5250 3047 5316 God.
3092 5250 3269 5314 Kost.
3327 5247 3379 5327 ⁶)
3426 5250 3633 5310 habita
3677 5245 3801 5310 Ed.
3844 5242 3987 5324 Leps-

937 5369 1448 5521 Ohhneikso‘zagr}
1469 5364 1620 5431 Cocl.
1664 5364 1847 5429 Kost.
1913 5362 1965 5445 ⁸)
2012 5364 2415 5442 gradiebatur.
2474 5356 2625 5422 Cod.
2668 5356 2847 5420 Kost.
2912 5357 2967 5437 ο)
3013 5355 3280 5417 Striczko
3324 5351 3450 5416 Ed.
3497 5350 3683 5435 Lipa.
3740 5349 3815 5431 ¹⁰)
3856 5346 3986 5405 war-

935 5478 1000 5523 sc
1045 5459 1135 5519 ’us
1313 5500 1329 5518 .
1439 5462 1553 5518 ost.
