<?xml version="1.0" encoding="UTF-8"?>
<!DOCTYPE html PUBLIC "-//W3C//DTD XHTML 1.0 Transitional//EN"
    "http://www.w3.org/TR/xhtml1/DTD/xhtml1-transitional.dtd">
<html xmlns="http://www.w3.org/1999/xhtml" xml:lang="en" lang="en">
 <head>
  <title>
</title>
<meta http-equiv="Content-Type" content="text/html;charset=utf-8" />
  <meta name='ocr-system' content='tesseract 3.04.00' />
  <meta name='ocr-capabilities' content='ocr_page ocr_carea ocr_par ocr_line ocrx_word'/>
</head>
<body>
  <div class='ocr_page' id='page_1' title='image "./dzieawszystkie00unkngoog_0154.png"; bbox 0 0 4342 6384; ppageno 0'>
   <div class='ocr_carea' id='block_1_1' title="bbox 387 590 3475 699">
    <p class='ocr_par' dir='ltr' id='par_1_1' title="bbox 387 590 3475 699">
     <span class='ocr_line' id='line_1_1' title="bbox 387 590 3475 699; baseline -0.001 -26"><span class='ocrx_word' id='word_1_1' title='bbox 387 593 524 699; x_wconf 85' lang='grc' dir='ltr'>(Α.</span> <span class='ocrx_word' id='word_1_2' title='bbox 563 595 653 673; x_wconf 87' lang='lat' dir='ltr'>D.</span> <span class='ocrx_word' id='word_1_3' title='bbox 694 590 923 695; x_wconf 83' lang='grc'>1412.)</span> <span class='ocrx_word' id='word_1_4' title='bbox 1543 614 1770 671; x_wconf 73' lang='lat' dir='ltr'>mssa</span> <span class='ocrx_word' id='word_1_5' title='bbox 1820 612 2279 671; x_wconf 70' lang='lat' dir='ltr'>unnncmus.</span> <span class='ocrx_word' id='word_1_6' title='bbox 3329 596 3475 671; x_wconf 85' lang='lat'>143</span> 
     </span>
    </p>
   </div>
   <div class='ocr_carea' id='block_1_2' title="bbox 387 802 3483 1477">
    <p class='ocr_par' dir='ltr' id='par_1_2' title="bbox 387 802 3483 1477">
     <span class='ocr_line' id='line_1_2' title="bbox 387 802 3481 897; baseline 0 -20"><span class='ocrx_word' id='word_1_7' title='bbox 387 826 522 897; x_wconf 91' lang='lat' dir='ltr'>pus</span> <span class='ocrx_word' id='word_1_8' title='bbox 578 804 972 892; x_wconf 90' lang='lat' dir='ltr'>continuat,</span> <span class='ocrx_word' id='word_1_9' title='bbox 1039 807 1110 877; x_wconf 89' lang='lat' dir='ltr'>et</span> <span class='ocrx_word' id='word_1_10' title='bbox 1161 802 1525 895; x_wconf 90' lang='lat' dir='ltr'>repentino</span> <span class='ocrx_word' id='word_1_11' title='bbox 1581 803 1655 875; x_wconf 93' lang='lat' dir='ltr'>in</span> <span class='ocrx_word' id='word_1_12' title='bbox 1710 802 1994 878; x_wconf 85' lang='lat' dir='ltr'>Italiam</span> <span class='ocrx_word' id='word_1_13' title='bbox 2059 803 2405 893; x_wconf 78' lang='lat' dir='ltr'><strong>discessu,</strong></span> <span class='ocrx_word' id='word_1_14' title='bbox 2474 825 2597 896; x_wconf 91' lang='lat' dir='ltr'>pro</span> <span class='ocrx_word' id='word_1_15' title='bbox 2651 825 2904 897; x_wconf 87' lang='lat' dir='ltr'>guerra</span> <span class='ocrx_word' id='word_1_16' title='bbox 2968 825 3123 877; x_wconf 91' lang='lat' dir='ltr'>cum</span> <span class='ocrx_word' id='word_1_17' title='bbox 3188 804 3481 879; x_wconf 90' lang='lat' dir='ltr'>Venetis</span> 
     </span>
     <span class='ocr_line' id='line_1_3' title="bbox 387 922 3476 1016; baseline 0 -19"><span class='ocrx_word' id='word_1_18' title='bbox 387 946 513 1015; x_wconf 92' lang='lat' dir='ltr'>pro</span> <span class='ocrx_word' id='word_1_19' title='bbox 569 925 811 1015; x_wconf 91' lang='lat' dir='ltr'>Regno</span> <span class='ocrx_word' id='word_1_20' title='bbox 865 922 1260 996; x_wconf 74' lang='lat' dir='ltr'>Dalmatiae</span> <span class='ocrx_word' id='word_1_21' title='bbox 1315 923 1728 1011; x_wconf 85' lang='lat' dir='ltr'>ordinanda,</span> <span class='ocrx_word' id='word_1_22' title='bbox 1786 944 1861 995; x_wconf 91' lang='lat' dir='ltr'>se</span> <span class='ocrx_word' id='word_1_23' title='bbox 1917 928 2329 1015; x_wconf 88' lang='lat' dir='ltr'>occupatum</span> <span class='ocrx_word' id='word_1_24' title='bbox 2386 922 2473 995; x_wconf 93' lang='lat' dir='ltr'>iri</span> <span class='ocrx_word' id='word_1_25' title='bbox 2510 925 3005 1016; x_wconf 78' lang='lat' dir='ltr'>praetendenS‚</span> <span class='ocrx_word' id='word_1_26' title='bbox 3062 924 3149 996; x_wconf 89' lang='lat' dir='ltr'>ad</span> <span class='ocrx_word' id='word_1_27' title='bbox 3188 925 3476 998; x_wconf 89' lang='lat' dir='ltr'>audien-</span> 
     </span>
     <span class='ocr_line' id='line_1_4' title="bbox 391 1042 3479 1136; baseline 0.001 -21"><span class='ocrx_word' id='word_1_28' title='bbox 391 1045 556 1115; x_wconf 93' lang='lat' dir='ltr'>dum</span> <span class='ocrx_word' id='word_1_29' title='bbox 618 1043 926 1136; x_wconf 88' lang='lat' dir='ltr'>partium</span> <span class='ocrx_word' id='word_1_30' title='bbox 989 1043 1328 1115; x_wconf 79' lang='lat' dir='ltr'>ulteriora</span> <span class='ocrx_word' id='word_1_31' title='bbox 1389 1044 1726 1134; x_wconf 88' lang='lat' dir='ltr'>producta</span> <span class='ocrx_word' id='word_1_32' title='bbox 1788 1043 2179 1117; x_wconf 80' lang='lat' dir='ltr'>Iohannem</span> <span class='ocrx_word' id='word_1_33' title='bbox 2244 1042 2794 1135; x_wconf 87' lang='lat' dir='ltr'>Strigoniensem</span> <span class='ocrx_word' id='word_1_34' title='bbox 2857 1044 3479 1136; x_wconf 86' lang='lat' dir='ltr'>archiepiscopum,</span> 
     </span>
     <span class='ocr_line' id='line_1_5' title="bbox 393 1162 3483 1255; baseline 0.001 -20"><span class='ocrx_word' id='word_1_35' title='bbox 393 1163 760 1236; x_wconf 78' lang='lat' dir='ltr'>Nicolaum</span> <span class='ocrx_word' id='word_1_36' title='bbox 817 1164 900 1236; x_wconf 92' lang='lat' dir='ltr'>de</span> <span class='ocrx_word' id='word_1_37' title='bbox 955 1162 1140 1236; x_wconf 80' lang='lat' dir='ltr'>Gara</span> <span class='ocrx_word' id='word_1_38' title='bbox 1203 1168 1272 1237; x_wconf 92' lang='lat' dir='ltr'>et</span> <span class='ocrx_word' id='word_1_39' title='bbox 1333 1163 1510 1235; x_wconf 87' lang='lat' dir='ltr'>alios</span> <span class='ocrx_word' id='word_1_40' title='bbox 1575 1162 1984 1255; x_wconf 88' lang='lat' dir='ltr'>Hungariae</span> <span class='ocrx_word' id='word_1_41' title='bbox 2046 1163 2339 1235; x_wconf 86' lang='lat' dir='ltr'>barones</span> <span class='ocrx_word' id='word_1_42' title='bbox 2408 1167 2758 1254; x_wconf 85' lang='lat' dir='ltr'>surrogat,</span> <span class='ocrx_word' id='word_1_43' title='bbox 2825 1168 2894 1235; x_wconf 91' lang='lat' dir='ltr'>et</span> <span class='ocrx_word' id='word_1_44' title='bbox 2957 1163 3133 1255; x_wconf 90' lang='lat' dir='ltr'>ipsis</span> <span class='ocrx_word' id='word_1_45' title='bbox 3200 1185 3483 1237; x_wconf 87' lang='lat' dir='ltr'>causam</span> 
     </span>
     <span class='ocr_line' id='line_1_6' title="bbox 395 1282 3483 1375; baseline 0 -20"><span class='ocrx_word' id='word_1_46' title='bbox 395 1284 578 1356; x_wconf 89' lang='lat' dir='ltr'>inter</span> <span class='ocrx_word' id='word_1_47' title='bbox 629 1284 892 1375; x_wconf 85' lang='lat' dir='ltr'>Regem</span> <span class='ocrx_word' id='word_1_48' title='bbox 949 1282 1282 1355; x_wconf 86' lang='lat' dir='ltr'>Poloniae</span> <span class='ocrx_word' id='word_1_49' title='bbox 1337 1287 1406 1355; x_wconf 88' lang='lat' dir='ltr'>et</span> <span class='ocrx_word' id='word_1_50' title='bbox 1460 1282 1846 1355; x_wconf 86' lang='lat' dir='ltr'>Cruciferos</span> <span class='ocrx_word' id='word_1_51' title='bbox 1901 1282 2336 1355; x_wconf 88' lang='lat' dir='ltr'>tractandam</span> <span class='ocrx_word' id='word_1_52' title='bbox 2392 1288 2464 1356; x_wconf 90' lang='lat' dir='ltr'>et</span> <span class='ocrx_word' id='word_1_53' title='bbox 2518 1282 2617 1353; x_wconf 95' lang='lat' dir='ltr'>ad</span> <span class='ocrx_word' id='word_1_54' title='bbox 2657 1283 2943 1374; x_wconf 88' lang='lat' dir='ltr'>plenum</span> <span class='ocrx_word' id='word_1_55' title='bbox 2981 1283 3483 1375; x_wconf 83' lang='lat' dir='ltr'>expediendam</span> 
     </span>
     <span class='ocr_line' id='line_1_7' title="bbox 397 1403 789 1477; baseline 0.005 -2"><span class='ocrx_word' id='word_1_56' title='bbox 397 1403 789 1477; x_wconf 87' lang='lat' dir='ltr'>demandat.</span> 
     </span>
    </p>
   </div>
   <div class='ocr_carea' id='block_1_3' title="bbox 396 1753 3487 2087">
    <p class='ocr_par' dir='ltr' id='par_1_3' title="bbox 396 1753 3487 2087">
     <span class='ocr_line' id='line_1_8' title="bbox 396 1753 3483 1846; baseline 0 -19"><span class='ocrx_word' id='word_1_57' title='bbox 396 1757 557 1828; x_wconf 72' lang='lat' dir='ltr'>Pace</span> <span class='ocrx_word' id='word_1_58' title='bbox 599 1773 714 1846; x_wconf 78' lang='lat' dir='ltr'>per</span> <span class='ocrx_word' id='word_1_59' title='bbox 755 1755 1172 1828; x_wconf 62' lang='lat' dir='ltr'>wladislaum</span> <span class='ocrx_word' id='word_1_60' title='bbox 1214 1755 1450 1844; x_wconf 74' lang='lat' dir='ltr'>Regem</span> <span class='ocrx_word' id='word_1_61' title='bbox 1491 1754 1668 1827; x_wconf 76' lang='lat' dir='ltr'>inter</span> <span class='ocrx_word' id='word_1_62' title='bbox 1709 1754 1992 1826; x_wconf 71' lang='lat' dir='ltr'>Venetos</span> <span class='ocrx_word' id='word_1_63' title='bbox 2038 1757 2108 1827; x_wconf 78' lang='lat' dir='ltr'>ot</span> <span class='ocrx_word' id='word_1_64' title='bbox 2153 1753 2627 1844; x_wconf 73' lang='lat' dir='ltr'>sigimundum</span> <span class='ocrx_word' id='word_1_65' title='bbox 2669 1753 3033 1843; x_wconf 69' lang='lat' dir='ltr'>nugariae</span> <span class='ocrx_word' id='word_1_66' title='bbox 3074 1754 3338 1845; x_wconf 74' lang='lat' dir='ltr'>Regem,</span> <span class='ocrx_word' id='word_1_67' title='bbox 3384 1774 3483 1828; x_wconf 84' lang='lat' dir='ltr'>oc·</span> 
     </span>
     <span class='ocr_line' id='line_1_9' title="bbox 398 1873 3487 1964; baseline 0 -17"><span class='ocrx_word' id='word_1_68' title='bbox 398 1876 660 1947; x_wconf 65' lang='lat' dir='ltr'>cadone</span> <span class='ocrx_word' id='word_1_69' title='bbox 701 1874 904 1964; x_wconf 74' lang='lat' dir='ltr'>Regni</span> <span class='ocrx_word' id='word_1_70' title='bbox 948 1873 1304 1947; x_wconf 70' lang='lat' dir='ltr'>Dalmatiae</span> <span class='ocrx_word' id='word_1_71' title='bbox 1348 1892 1480 1945; x_wconf 83' lang='lat' dir='ltr'>non</span> <span class='ocrx_word' id='word_1_72' title='bbox 1526 1875 1913 1963; x_wconf 72' lang='lat' dir='ltr'>conposita,</span> <span class='ocrx_word' id='word_1_73' title='bbox 1966 1874 2185 1945; x_wconf 69' lang='lat' dir='ltr'>Budas</span> <span class='ocrx_word' id='word_1_74' title='bbox 2228 1874 2418 1963; x_wconf 74' lang='lat' dir='ltr'>signa</span> <span class='ocrx_word' id='word_1_75' title='bbox 2461 1874 2846 1947; x_wconf 71' lang='lat' dir='ltr'>Venetorum</span> <span class='ocrx_word' id='word_1_76' title='bbox 2899 1874 3129 1946; x_wconf 73' lang='lat' dir='ltr'>bellica</span> <span class='ocrx_word' id='word_1_77' title='bbox 3171 1878 3373 1948; x_wconf 72' lang='lat' dir='ltr'>autea</span> <span class='ocrx_word' id='word_1_78' title='bbox 3416 1877 3487 1948; x_wconf 80' lang='lat' dir='ltr'>iu</span> 
     </span>
     <span class='ocr_line' id='line_1_10' title="bbox 482 1991 3403 2087; baseline 0.001 -23"><span class='ocrx_word' id='word_1_79' title='bbox 482 1993 726 2083; x_wconf 78' lang='lat' dir='ltr'>proelio</span> <span class='ocrx_word' id='word_1_80' title='bbox 769 1994 994 2082; x_wconf 72' lang='lat' dir='ltr'>capta,</span> <span class='ocrx_word' id='word_1_81' title='bbox 1040 1991 1484 2082; x_wconf 71' lang='lat' dir='ltr'>Sigismundu</span> <span class='ocrx_word' id='word_1_82' title='bbox 1527 1992 1736 2065; x_wconf 72' lang='lat' dir='ltr'>iratus</span> <span class='ocrx_word' id='word_1_83' title='bbox 1779 1992 2148 2079; x_wconf 72' lang='lat' dir='ltr'>conculcat,</span> <span class='ocrx_word' id='word_1_84' title='bbox 2194 1992 2448 2065; x_wconf 76' lang='lat' dir='ltr'>nuntiis</span> <span class='ocrx_word' id='word_1_85' title='bbox 2490 1993 2877 2066; x_wconf 71' lang='lat' dir='ltr'>Venetorum</span> <span class='ocrx_word' id='word_1_86' title='bbox 2928 1995 3403 2087; x_wconf 75' lang='lat' dir='ltr'>praesentibus.</span> 
     </span>
    </p>
   </div>
   <div class='ocr_carea' id='block_1_4' title="bbox 377 2236 3569 5189">
    <p class='ocr_par' dir='ltr' id='par_1_4' title="bbox 377 2236 3569 5189">
     <span class='ocr_line' id='line_1_11' title="bbox 608 2236 3489 2331; baseline 0.001 -22"><span class='ocrx_word' id='word_1_87' title='bbox 608 2238 922 2311; x_wconf 89' lang='lat' dir='ltr'>Veniunt</span> <span class='ocrx_word' id='word_1_88' title='bbox 961 2239 1015 2327; x_wconf 88' lang='lat'>¹)</span> <span class='ocrx_word' id='word_1_89' title='bbox 1053 2236 1337 2311; x_wconf 88' lang='lat' dir='ltr'>interim</span> <span class='ocrx_word' id='word_1_90' title='bbox 1372 2237 1588 2311; x_wconf 91' lang='lat' dir='ltr'>biduo</span> <span class='ocrx_word' id='word_1_91' title='bbox 1619 2240 1680 2327; x_wconf 82' lang='grc'>2)</span> <span class='ocrx_word' id='word_1_92' title='bbox 1737 2238 2156 2312; x_wconf 82' lang='lat' dir='ltr'>Venetorum</span> <span class='ocrx_word' id='word_1_93' title='bbox 2204 2239 2292 2311; x_wconf 89' lang='lat' dir='ltr'>ad</span> <span class='ocrx_word' id='word_1_94' title='bbox 2328 2238 2799 2312; x_wconf 88' lang='lat' dir='ltr'>Wladislaum</span> <span class='ocrx_word' id='word_1_95' title='bbox 2854 2238 3189 2312; x_wconf 89' lang='lat' dir='ltr'>Poloniae</span> <span class='ocrx_word' id='word_1_96' title='bbox 3224 2239 3489 2331; x_wconf 83' lang='lat' dir='ltr'>Regem</span> 
     </span>
     <span class='ocr_line' id='line_1_12' title="bbox 399 2355 3487 2451; baseline 0 -20"><span class='ocrx_word' id='word_1_97' title='bbox 399 2359 474 2431; x_wconf 89' lang='lat' dir='ltr'>in</span> <span class='ocrx_word' id='word_1_98' title='bbox 530 2359 802 2431; x_wconf 91' lang='lat' dir='ltr'>Budam</span> <span class='ocrx_word' id='word_1_99' title='bbox 857 2357 1122 2445; x_wconf 92' lang='lat' dir='ltr'>nuntii,</span> <span class='ocrx_word' id='word_1_100' title='bbox 1180 2356 1508 2431; x_wconf 85' lang='lat' dir='ltr'>videlicet</span> <span class='ocrx_word' id='word_1_101' title='bbox 1561 2358 1980 2431; x_wconf 84' lang='lat' dir='ltr'>Franciscus</span> <span class='ocrx_word' id='word_1_102' title='bbox 2035 2359 2467 2451; x_wconf 83' lang='lat' dir='ltr'>Moczenigo,</span> <span class='ocrx_word' id='word_1_103' title='bbox 2524 2363 2775 2450; x_wconf 82' lang='lat' dir='ltr'>expost</span> <span class='ocrx_word' id='word_1_104' title='bbox 2805 2355 2867 2448; x_wconf 77' lang='lat'>³)</span> <span class='ocrx_word' id='word_1_105' title='bbox 2922 2358 2997 2430; x_wconf 94' lang='lat' dir='ltr'>in</span> <span class='ocrx_word' id='word_1_106' title='bbox 3051 2358 3314 2431; x_wconf 90' lang='lat' dir='ltr'>Ducem</span> <span class='ocrx_word' id='word_1_107' title='bbox 3353 2359 3487 2432; x_wconf 93' lang='lat' dir='ltr'>Ve-</span> 
     </span>
     <span class='ocr_line' id='line_1_13' title="bbox 399 2476 3488 2568; baseline 0 -18"><span class='ocrx_word' id='word_1_108' title='bbox 399 2483 752 2565; x_wconf 87' lang='lat' dir='ltr'>netorum,</span> <span class='ocrx_word' id='word_1_109' title='bbox 809 2477 1147 2551; x_wconf 86' lang='lat' dir='ltr'>Michaele</span> <span class='ocrx_word' id='word_1_110' title='bbox 1204 2478 1416 2550; x_wconf 89' lang='lat' dir='ltr'>Steno</span> <span class='ocrx_word' id='word_1_111' title='bbox 1471 2477 1873 2568; x_wconf 88' lang='lat' dir='ltr'>absumpto,</span> <span class='ocrx_word' id='word_1_112' title='bbox 1930 2483 2323 2568; x_wconf 79' lang='lat' dir='ltr'>promotuS,</span> <span class='ocrx_word' id='word_1_113' title='bbox 2381 2481 2451 2549; x_wconf 92' lang='lat' dir='ltr'>et</span> <span class='ocrx_word' id='word_1_114' title='bbox 2506 2476 2859 2549; x_wconf 90' lang='lat' dir='ltr'>Antonius</span> <span class='ocrx_word' id='word_1_115' title='bbox 2914 2477 2998 2549; x_wconf 92' lang='lat' dir='ltr'>de</span> <span class='ocrx_word' id='word_1_116' title='bbox 3054 2477 3488 2566; x_wconf 90' lang='lat' dir='ltr'>Lauredano‚</span> 
     </span>
     <span class='ocr_line' id='line_1_14' title="bbox 398 2594 3489 2690; baseline 0 -21"><span class='ocrx_word' id='word_1_117' title='bbox 398 2618 612 2689; x_wconf 89' lang='lat' dir='ltr'>super</span> <span class='ocrx_word' id='word_1_118' title='bbox 664 2598 906 2690; x_wconf 90' lang='lat' dir='ltr'>Regno</span> <span class='ocrx_word' id='word_1_119' title='bbox 970 2595 1364 2669; x_wconf 83' lang='lat' dir='ltr'>Dalmatiae</span> <span class='ocrx_word' id='word_1_120' title='bbox 1428 2616 1584 2669; x_wconf 92' lang='lat' dir='ltr'>cum</span> <span class='ocrx_word' id='word_1_121' title='bbox 1649 2594 2098 2687; x_wconf 88' lang='lat' dir='ltr'>Sigismundo</span> <span class='ocrx_word' id='word_1_122' title='bbox 2163 2596 2634 2669; x_wconf 89' lang='lat' dir='ltr'>Romanorum</span> <span class='ocrx_word' id='word_1_123' title='bbox 2688 2600 2757 2669; x_wconf 91' lang='lat' dir='ltr'>et</span> <span class='ocrx_word' id='word_1_124' title='bbox 2813 2597 3220 2690; x_wconf 88' lang='lat' dir='ltr'>Hungariae</span> <span class='ocrx_word' id='word_1_125' title='bbox 3273 2597 3489 2689; x_wconf 83' lang='lat' dir='ltr'>Rege,</span> 
     </span>
     <span class='ocr_line' id='line_1_15' title="bbox 400 2713 3494 2808; baseline 0 -19"><span class='ocrx_word' id='word_1_126' title='bbox 400 2717 798 2789; x_wconf 89' lang='lat' dir='ltr'>Wladislao</span> <span class='ocrx_word' id='word_1_127' title='bbox 853 2716 1187 2788; x_wconf 84' lang='lat' dir='ltr'>Poloniae</span> <span class='ocrx_word' id='word_1_128' title='bbox 1241 2715 1432 2807; x_wconf 90' lang='lat' dir='ltr'>Rege</span> <span class='ocrx_word' id='word_1_129' title='bbox 1471 2714 1878 2787; x_wconf 88' lang='lat' dir='ltr'>mediatoris</span> <span class='ocrx_word' id='word_1_130' title='bbox 1916 2714 2138 2787; x_wconf 85' lang='lat' dir='ltr'>vicem</span> <span class='ocrx_word' id='word_1_131' title='bbox 2174 2721 2490 2808; x_wconf 87' lang='lat' dir='ltr'>gerente,</span> <span class='ocrx_word' id='word_1_132' title='bbox 2545 2713 2980 2807; x_wconf 86' lang='lat' dir='ltr'>placitaturi.</span> <span class='ocrx_word' id='word_1_133' title='bbox 3038 2715 3297 2789; x_wconf 89' lang='lat' dir='ltr'>Verum</span> <span class='ocrx_word' id='word_1_134' title='bbox 3332 2720 3494 2808; x_wconf 90' lang='lat' dir='ltr'>post</span> 
     </span>
     <span class='ocr_line' id='line_1_16' title="bbox 397 2834 3489 2927; baseline -0.001 -19"><span class='ocrx_word' id='word_1_135' title='bbox 397 2839 638 2909; x_wconf 77' lang='lat' dir='ltr'>varias</span> <span class='ocrx_word' id='word_1_136' title='bbox 691 2834 1206 2927; x_wconf 84' lang='lat' dir='ltr'>propositiones</span> <span class='ocrx_word' id='word_1_137' title='bbox 1262 2838 1334 2907; x_wconf 89' lang='lat' dir='ltr'>et</span> <span class='ocrx_word' id='word_1_138' title='bbox 1384 2855 1750 2925; x_wconf 89' lang='lat' dir='ltr'>responsa,</span> <span class='ocrx_word' id='word_1_139' title='bbox 1805 2839 2174 2925; x_wconf 86' lang='lat' dir='ltr'>postquam</span> <span class='ocrx_word' id='word_1_140' title='bbox 2229 2834 2461 2907; x_wconf 84' lang='lat' dir='ltr'>varias</span> <span class='ocrx_word' id='word_1_141' title='bbox 2508 2834 2999 2908; x_wconf 88' lang='lat' dir='ltr'>altercationes</span> <span class='ocrx_word' id='word_1_142' title='bbox 3064 2835 3137 2908; x_wconf 90' lang='lat' dir='ltr'>in</span> <span class='ocrx_word' id='word_1_143' title='bbox 3202 2835 3489 2909; x_wconf 87' lang='lat' dir='ltr'>audien-</span> 
     </span>
     <span class='ocr_line' id='line_1_17' title="bbox 393 2953 3492 3045; baseline 0 -18"><span class='ocrx_word' id='word_1_144' title='bbox 393 2956 510 3028; x_wconf 84' lang='lat' dir='ltr'>tia</span> <span class='ocrx_word' id='word_1_145' title='bbox 560 2954 896 3027; x_wconf 88' lang='lat' dir='ltr'>Poloniae</span> <span class='ocrx_word' id='word_1_146' title='bbox 950 2953 1168 3045; x_wconf 89' lang='lat' dir='ltr'>Regis</span> <span class='ocrx_word' id='word_1_147' title='bbox 1223 2975 1345 3045; x_wconf 89' lang='lat' dir='ltr'>per</span> <span class='ocrx_word' id='word_1_148' title='bbox 1397 2958 1766 3045; x_wconf 89' lang='lat' dir='ltr'>utramque</span> <span class='ocrx_word' id='word_1_149' title='bbox 1818 2958 2086 3044; x_wconf 88' lang='lat' dir='ltr'>partem</span> <span class='ocrx_word' id='word_1_150' title='bbox 2139 2953 2452 3041; x_wconf 85' lang='lat' dir='ltr'>habitas,</span> <span class='ocrx_word' id='word_1_151' title='bbox 2510 2954 2931 3028; x_wconf 83' lang='lat' dir='ltr'>Venetorum</span> <span class='ocrx_word' id='word_1_152' title='bbox 2985 2954 3257 3027; x_wconf 91' lang='lat' dir='ltr'>nuntiis</span> <span class='ocrx_word' id='word_1_153' title='bbox 3292 2954 3492 3027; x_wconf 92' lang='lat' dir='ltr'>nullo</span> 
     </span>
     <span class='ocr_line' id='line_1_18' title="bbox 393 3072 3489 3167; baseline -0 -21"><span class='ocrx_word' id='word_1_154' title='bbox 393 3080 607 3166; x_wconf 87' lang='lat' dir='ltr'>pacto</span> <span class='ocrx_word' id='word_1_155' title='bbox 665 3094 752 3147; x_wconf 80' lang='lat' dir='ltr'>ex</span> <span class='ocrx_word' id='word_1_156' title='bbox 806 3074 1199 3146; x_wconf 84' lang='lat' dir='ltr'>Dalmatiae</span> <span class='ocrx_word' id='word_1_157' title='bbox 1229 3074 1292 3161; x_wconf 84' lang='lat'>⁴)</span> <span class='ocrx_word' id='word_1_158' title='bbox 1345 3072 1786 3164; x_wconf 90' lang='lat' dir='ltr'>possessione</span> <span class='ocrx_word' id='word_1_159' title='bbox 1841 3094 2062 3167; x_wconf 89' lang='lat' dir='ltr'>nuper</span> <span class='ocrx_word' id='word_1_160' title='bbox 2106 3072 2289 3164; x_wconf 91' lang='lat' dir='ltr'>Regi</span> <span class='ocrx_word' id='word_1_161' title='bbox 2326 3076 2395 3145; x_wconf 90' lang='lat' dir='ltr'>et</span> <span class='ocrx_word' id='word_1_162' title='bbox 2430 3073 2674 3164; x_wconf 90' lang='lat' dir='ltr'>Regno</span> <span class='ocrx_word' id='word_1_163' title='bbox 2709 3073 3116 3165; x_wconf 88' lang='lat' dir='ltr'>Hungariae</span> <span class='ocrx_word' id='word_1_164' title='bbox 3151 3074 3489 3163; x_wconf 88' lang='lat' dir='ltr'>detracta,</span> 
     </span>
     <span class='ocr_line' id='line_1_19' title="bbox 395 3191 3494 3285; baseline -0 -18"><span class='ocrx_word' id='word_1_165' title='bbox 395 3194 647 3267; x_wconf 90' lang='lat' dir='ltr'>cedere</span> <span class='ocrx_word' id='word_1_166' title='bbox 700 3193 886 3267; x_wconf 83' lang='lat' dir='ltr'>velle</span> <span class='ocrx_word' id='word_1_167' title='bbox 939 3192 1448 3280; x_wconf 78' lang='lat' dir='ltr'>asserentibu8‚</span> <span class='ocrx_word' id='word_1_168' title='bbox 1515 3197 1586 3265; x_wconf 91' lang='lat' dir='ltr'>et</span> <span class='ocrx_word' id='word_1_169' title='bbox 1642 3191 1924 3265; x_wconf 90' lang='lat' dir='ltr'>nonnisi</span> <span class='ocrx_word' id='word_1_170' title='bbox 1985 3193 2223 3265; x_wconf 88' lang='lat' dir='ltr'>album</span> <span class='ocrx_word' id='word_1_171' title='bbox 2288 3213 2577 3284; x_wconf 90' lang='lat' dir='ltr'>equum,</span> <span class='ocrx_word' id='word_1_172' title='bbox 2644 3214 2955 3285; x_wconf 88' lang='lat' dir='ltr'>purpura</span> <span class='ocrx_word' id='word_1_173' title='bbox 3018 3198 3313 3281; x_wconf 89' lang='lat' dir='ltr'>tectum,</span> <span class='ocrx_word' id='word_1_174' title='bbox 3368 3214 3494 3285; x_wconf 91' lang='lat' dir='ltr'>pro</span> 
     </span>
     <span class='ocr_line' id='line_1_20' title="bbox 393 3311 3493 3404; baseline -0 -19"><span class='ocrx_word' id='word_1_175' title='bbox 393 3313 671 3385; x_wconf 87' lang='lat' dir='ltr'>tributo</span> <span class='ocrx_word' id='word_1_176' title='bbox 729 3333 955 3384; x_wconf 88' lang='lat' dir='ltr'>annuo</span> <span class='ocrx_word' id='word_1_177' title='bbox 1011 3311 1148 3384; x_wconf 92' lang='lat' dir='ltr'>sibi</span> <span class='ocrx_word' id='word_1_178' title='bbox 1185 3316 1255 3383; x_wconf 91' lang='lat' dir='ltr'>et</span> <span class='ocrx_word' id='word_1_179' title='bbox 1293 3311 1442 3384; x_wconf 92' lang='lat' dir='ltr'>suis</span> <span class='ocrx_word' id='word_1_180' title='bbox 1497 3311 2013 3385; x_wconf 88' lang='lat' dir='ltr'>successoribus</span> <span class='ocrx_word' id='word_1_181' title='bbox 2067 3311 2473 3404; x_wconf 83' lang='lat' dir='ltr'>Hungariae</span> <span class='ocrx_word' id='word_1_182' title='bbox 2518 3311 2867 3403; x_wconf 89' lang='lat' dir='ltr'>Regibus,</span> <span class='ocrx_word' id='word_1_183' title='bbox 2908 3312 3092 3385; x_wconf 84' lang='lat' dir='ltr'>solvi</span> <span class='ocrx_word' id='word_1_184' title='bbox 3127 3333 3170 3384; x_wconf 87' lang='lat' dir='ltr'>a</span> <span class='ocrx_word' id='word_1_185' title='bbox 3204 3312 3493 3386; x_wconf 89' lang='lat' dir='ltr'>Venetis</span> 
     </span>
     <span class='ocr_line' id='line_1_21' title="bbox 394 3429 3569 3523; baseline 0 -20"><span class='ocrx_word' id='word_1_186' title='bbox 394 3454 532 3523; x_wconf 92' lang='lat' dir='ltr'>pro</span> <span class='ocrx_word' id='word_1_187' title='bbox 595 3432 838 3523; x_wconf 86' lang='lat' dir='ltr'>Regno</span> <span class='ocrx_word' id='word_1_188' title='bbox 901 3429 1294 3503; x_wconf 81' lang='lat' dir='ltr'>Dalmatiae</span> <span class='ocrx_word' id='word_1_189' title='bbox 1360 3435 1428 3503; x_wconf 90' lang='lat' dir='ltr'>et</span> <span class='ocrx_word' id='word_1_190' title='bbox 1482 3430 1634 3503; x_wconf 91' lang='lat' dir='ltr'>eius</span> <span class='ocrx_word' id='word_1_191' title='bbox 1697 3430 2102 3517; x_wconf 86' lang='lat' dir='ltr'>donatione,</span> <span class='ocrx_word' id='word_1_192' title='bbox 2169 3431 2233 3503; x_wconf 89' lang='lat' dir='ltr'>si</span> <span class='ocrx_word' id='word_1_193' title='bbox 2296 3431 2523 3523; x_wconf 86' lang='lat' dir='ltr'>ipsam</span> <span class='ocrx_word' id='word_1_194' title='bbox 2589 3430 2737 3503; x_wconf 92' lang='lat' dir='ltr'>illis</span> <span class='ocrx_word' id='word_1_195' title='bbox 2804 3432 3027 3505; x_wconf 83' lang='lat' dir='ltr'>facere</span> <span class='ocrx_word' id='word_1_196' title='bbox 3090 3432 3487 3523; x_wconf 89' lang='lat' dir='ltr'>contigerit,</span> <span class='ocrx_word' id='word_1_197' title='bbox 3552 3438 3569 3457; x_wconf 83' lang='lat'><em>⁰</em></span> 
     </span>
     <span class='ocr_line' id='line_1_22' title="bbox 392 3548 3495 3641; baseline 0.001 -19"><span class='ocrx_word' id='word_1_198' title='bbox 392 3548 892 3624; x_wconf 85' lang='lat' dir='ltr'>offerentibus:</span> <span class='ocrx_word' id='word_1_199' title='bbox 953 3548 1443 3641; x_wconf 88' lang='lat' dir='ltr'>Sigismundus</span> <span class='ocrx_word' id='word_1_200' title='bbox 1498 3551 1685 3638; x_wconf 63' lang='lat' dir='ltr'>Reiz,</span> <span class='ocrx_word' id='word_1_201' title='bbox 1743 3571 1882 3620; x_wconf 92' lang='lat' dir='ltr'>non</span> <span class='ocrx_word' id='word_1_202' title='bbox 1935 3550 2347 3640; x_wconf 88' lang='lat' dir='ltr'>placitatum</span> <span class='ocrx_word' id='word_1_203' title='bbox 2403 3570 2509 3638; x_wconf 90' lang='lat' dir='ltr'>se,</span> <span class='ocrx_word' id='word_1_204' title='bbox 2568 3551 2688 3623; x_wconf 89' lang='lat' dir='ltr'>sed</span> <span class='ocrx_word' id='word_1_205' title='bbox 2742 3549 3026 3623; x_wconf 89' lang='lat' dir='ltr'>irrisum</span> <span class='ocrx_word' id='word_1_206' title='bbox 3075 3555 3144 3623; x_wconf 91' lang='lat' dir='ltr'>et</span> <span class='ocrx_word' id='word_1_207' title='bbox 3180 3550 3495 3624; x_wconf 86' lang='lat' dir='ltr'>ludifica-</span> 
     </span>
     <span class='ocr_line' id='line_1_23' title="bbox 390 3667 3497 3763; baseline 0.001 -23"><span class='ocrx_word' id='word_1_208' title='bbox 390 3675 558 3741; x_wconf 86' lang='lat' dir='ltr'>tum</span> <span class='ocrx_word' id='word_1_209' title='bbox 609 3669 702 3741; x_wconf 92' lang='lat' dir='ltr'>iri</span> <span class='ocrx_word' id='word_1_210' title='bbox 757 3668 1030 3757; x_wconf 89' lang='lat' dir='ltr'>dolens,</span> <span class='ocrx_word' id='word_1_211' title='bbox 1090 3667 1162 3739; x_wconf 90' lang='lat' dir='ltr'>in</span> <span class='ocrx_word' id='word_1_212' title='bbox 1215 3688 1534 3760; x_wconf 90' lang='lat' dir='ltr'>magnam</span> <span class='ocrx_word' id='word_1_213' title='bbox 1591 3668 1766 3740; x_wconf 89' lang='lat' dir='ltr'>iram</span> <span class='ocrx_word' id='word_1_214' title='bbox 1821 3668 2363 3757; x_wconf 74' lang='lat' dir='ltr'>excandescens,</span> <span class='ocrx_word' id='word_1_215' title='bbox 2440 3668 2749 3761; x_wconf 89' lang='lat' dir='ltr'>quinque</span> <span class='ocrx_word' id='word_1_216' title='bbox 2822 3669 3246 3742; x_wconf 89' lang='lat' dir='ltr'>Venetorum</span> <span class='ocrx_word' id='word_1_217' title='bbox 3292 3669 3497 3763; x_wconf 90' lang='lat' dir='ltr'>signa</span> 
     </span>
     <span class='ocr_line' id='line_1_24' title="bbox 387 3786 3495 3879; baseline 0 -18"><span class='ocrx_word' id='word_1_218' title='bbox 387 3789 692 3876; x_wconf 86' lang='lat' dir='ltr'>bellica,</span> <span class='ocrx_word' id='word_1_219' title='bbox 749 3808 875 3879; x_wconf 92' lang='lat' dir='ltr'>per</span> <span class='ocrx_word' id='word_1_220' title='bbox 927 3786 1368 3879; x_wconf 85' lang='lat' dir='ltr'>capitaneum</span> <span class='ocrx_word' id='word_1_221' title='bbox 1415 3808 1618 3859; x_wconf 91' lang='lat' dir='ltr'>suum</span> <span class='ocrx_word' id='word_1_222' title='bbox 1656 3787 1990 3877; x_wconf 91' lang='lat' dir='ltr'>Piponem</span> <span class='ocrx_word' id='word_1_223' title='bbox 2030 3789 2114 3860; x_wconf 90' lang='lat' dir='ltr'>de</span> <span class='ocrx_word' id='word_1_224' title='bbox 2150 3788 2546 3877; x_wconf 83' lang='lat' dir='ltr'>Florentia,</span> <span class='ocrx_word' id='word_1_225' title='bbox 2604 3810 2803 3862; x_wconf 88' lang='lat' dir='ltr'>caeso</span> <span class='ocrx_word' id='word_1_226' title='bbox 2842 3790 3263 3863; x_wconf 89' lang='lat' dir='ltr'>Venetorum</span> <span class='ocrx_word' id='word_1_227' title='bbox 3301 3811 3495 3864; x_wconf 83' lang='lat' dir='ltr'>exer-</span> 
     </span>
     <span class='ocr_line' id='line_1_25' title="bbox 389 3906 3498 4001; baseline 0.001 -22"><span class='ocrx_word' id='word_1_228' title='bbox 389 3907 558 3979; x_wconf 87' lang='lat' dir='ltr'>citu</span> <span class='ocrx_word' id='word_1_229' title='bbox 609 3908 798 4000; x_wconf 91' lang='lat' dir='ltr'>apud</span> <span class='ocrx_word' id='word_1_230' title='bbox 850 3909 1111 3979; x_wconf 86' lang='lat' dir='ltr'>Forum</span> <span class='ocrx_word' id='word_1_231' title='bbox 1167 3906 1375 3995; x_wconf 91' lang='lat' dir='ltr'>Iulii,</span> <span class='ocrx_word' id='word_1_232' title='bbox 1447 3912 1608 3979; x_wconf 88' lang='lat' dir='ltr'>ante</span> <span class='ocrx_word' id='word_1_233' title='bbox 1663 3929 1921 3979; x_wconf 88' lang='lat' dir='ltr'>annum</span> <span class='ocrx_word' id='word_1_234' title='bbox 1977 3928 2195 3979; x_wconf 90' lang='lat' dir='ltr'>unum</span> <span class='ocrx_word' id='word_1_235' title='bbox 2260 3912 2495 3999; x_wconf 89' lang='lat' dir='ltr'>capta,</span> <span class='ocrx_word' id='word_1_236' title='bbox 2560 3928 2684 3999; x_wconf 87' lang='lat' dir='ltr'>per</span> <span class='ocrx_word' id='word_1_237' title='bbox 2736 3909 3008 4000; x_wconf 85' lang='lat' dir='ltr'>plateas</span> <span class='ocrx_word' id='word_1_238' title='bbox 3064 3908 3303 4001; x_wconf 89' lang='lat' dir='ltr'>oppidi</span> <span class='ocrx_word' id='word_1_239' title='bbox 3356 3910 3498 3981; x_wconf 91' lang='lat' dir='ltr'>Bu-</span> 
     </span>
     <span class='ocr_line' id='line_1_26' title="bbox 389 4026 3499 4119; baseline 0.001 -22"><span class='ocrx_word' id='word_1_240' title='bbox 389 4027 644 4099; x_wconf 89' lang='lat' dir='ltr'>densis</span> <span class='ocrx_word' id='word_1_241' title='bbox 701 4032 772 4099; x_wconf 88' lang='lat' dir='ltr'>et</span> <span class='ocrx_word' id='word_1_242' title='bbox 826 4026 1010 4100; x_wconf 87' lang='lat' dir='ltr'>circa</span> <span class='ocrx_word' id='word_1_243' title='bbox 1063 4026 1302 4114; x_wconf 90' lang='lat' dir='ltr'>aedas,</span> <span class='ocrx_word' id='word_1_244' title='bbox 1368 4026 1554 4118; x_wconf 89' lang='lat' dir='ltr'>apud</span> <span class='ocrx_word' id='word_1_245' title='bbox 1610 4047 1784 4117; x_wconf 86' lang='lat' dir='ltr'>quas</span> <span class='ocrx_word' id='word_1_246' title='bbox 1841 4027 2264 4099; x_wconf 89' lang='lat' dir='ltr'>Venetorum</span> <span class='ocrx_word' id='word_1_247' title='bbox 2327 4027 2545 4119; x_wconf 88' lang='lat' dir='ltr'>legati</span> <span class='ocrx_word' id='word_1_248' title='bbox 2605 4027 3177 4118; x_wconf 89' lang='lat' dir='ltr'>hospitabantur,</span> <span class='ocrx_word' id='word_1_249' title='bbox 3244 4028 3499 4119; x_wconf 85' lang='lat' dir='ltr'>legatis</span> 
     </span>
     <span class='ocr_line' id='line_1_27' title="bbox 385 4144 3497 4239; baseline 0 -22"><span class='ocrx_word' id='word_1_250' title='bbox 385 4146 588 4237; x_wconf 90' lang='lat' dir='ltr'>ipsis</span> <span class='ocrx_word' id='word_1_251' title='bbox 642 4146 1068 4219; x_wconf 89' lang='lat' dir='ltr'>Venetorum</span> <span class='ocrx_word' id='word_1_252' title='bbox 1121 4144 1678 4236; x_wconf 89' lang='lat' dir='ltr'>inspectantibus</span> <span class='ocrx_word' id='word_1_253' title='bbox 1735 4151 1805 4218; x_wconf 91' lang='lat' dir='ltr'>et</span> <span class='ocrx_word' id='word_1_254' title='bbox 1860 4145 2101 4218; x_wconf 85' lang='lat' dir='ltr'>Sancti</span> <span class='ocrx_word' id='word_1_255' title='bbox 2156 4146 2373 4219; x_wconf 87' lang='lat' dir='ltr'>Marci</span> <span class='ocrx_word' id='word_1_256' title='bbox 2411 4147 2540 4219; x_wconf 91' lang='lat' dir='ltr'>sub</span> <span class='ocrx_word' id='word_1_257' title='bbox 2580 4148 2801 4219; x_wconf 88' lang='lat' dir='ltr'>forma</span> <span class='ocrx_word' id='word_1_258' title='bbox 2837 4146 3062 4220; x_wconf 89' lang='lat' dir='ltr'>leonis</span> <span class='ocrx_word' id='word_1_259' title='bbox 3099 4146 3497 4239; x_wconf 89' lang='lat' dir='ltr'>imaginem,</span> 
     </span>
     <span class='ocr_line' id='line_1_28' title="bbox 383 4264 3500 4358; baseline 0.001 -22"><span class='ocrx_word' id='word_1_260' title='bbox 383 4265 580 4338; x_wconf 89' lang='lat' dir='ltr'>item</span> <span class='ocrx_word' id='word_1_261' title='bbox 632 4264 850 4336; x_wconf 91' lang='lat' dir='ltr'>Ducis</span> <span class='ocrx_word' id='word_1_262' title='bbox 907 4264 1019 4336; x_wconf 93' lang='lat' dir='ltr'>sui</span> <span class='ocrx_word' id='word_1_263' title='bbox 1072 4270 1142 4337; x_wconf 94' lang='lat' dir='ltr'>et</span> <span class='ocrx_word' id='word_1_264' title='bbox 1194 4264 1489 4337; x_wconf 89' lang='lat' dir='ltr'>aliorum</span> <span class='ocrx_word' id='word_1_265' title='bbox 1544 4285 1735 4337; x_wconf 89' lang='lat' dir='ltr'>arma</span> <span class='ocrx_word' id='word_1_266' title='bbox 1785 4266 2474 4357; x_wconf 88' lang='lat' dir='ltr'>recognoscentibus,</span> <span class='ocrx_word' id='word_1_267' title='bbox 2540 4287 2665 4357; x_wconf 90' lang='lat' dir='ltr'>per</span> <span class='ocrx_word' id='word_1_268' title='bbox 2717 4270 2975 4339; x_wconf 90' lang='lat' dir='ltr'>terram</span> <span class='ocrx_word' id='word_1_269' title='bbox 3038 4265 3500 4358; x_wconf 90' lang='lat' dir='ltr'>ignominiose</span> 
     </span>
     <span class='ocr_line' id='line_1_29' title="bbox 384 4383 3498 4475; baseline 0 -20"><span class='ocrx_word' id='word_1_270' title='bbox 384 4383 601 4457; x_wconf 84' lang='lat' dir='ltr'>trahi</span> <span class='ocrx_word' id='word_1_271' title='bbox 653 4384 832 4457; x_wconf 91' lang='lat' dir='ltr'>etin</span> <span class='ocrx_word' id='word_1_272' title='bbox 897 4405 1145 4475; x_wconf 80' lang='lat' dir='ltr'>gyrum</span> <span class='ocrx_word' id='word_1_273' title='bbox 1210 4383 1669 4471; x_wconf 80' lang='lat' dir='ltr'>circumferri,</span> <span class='ocrx_word' id='word_1_274' title='bbox 1735 4384 1823 4455; x_wconf 89' lang='lat' dir='ltr'>ad</span> <span class='ocrx_word' id='word_1_275' title='bbox 1887 4389 2275 4457; x_wconf 83' lang='lat' dir='ltr'>extremum</span> <span class='ocrx_word' id='word_1_276' title='bbox 2336 4384 2411 4457; x_wconf 89' lang='lat' dir='ltr'>in</span> <span class='ocrx_word' id='word_1_277' title='bbox 2473 4386 2797 4458; x_wconf 90' lang='lat' dir='ltr'>Budense</span> <span class='ocrx_word' id='word_1_278' title='bbox 2860 4388 3168 4457; x_wconf 88' lang='lat' dir='ltr'>castrum</span> <span class='ocrx_word' id='word_1_279' title='bbox 3230 4384 3498 4473; x_wconf 83' lang='lat' dir='ltr'>referri,</span> 
     </span>
     <span class='ocr_line' id='line_1_30' title="bbox 383 4502 3497 4596; baseline 0 -20"><span class='ocrx_word' id='word_1_280' title='bbox 383 4510 464 4576; x_wconf 89' lang='lat' dir='ltr'>et</span> <span class='ocrx_word' id='word_1_281' title='bbox 527 4504 612 4575; x_wconf 93' lang='lat' dir='ltr'>in</span> <span class='ocrx_word' id='word_1_282' title='bbox 665 4507 889 4575; x_wconf 86' lang='lat' dir='ltr'>strata</span> <span class='ocrx_word' id='word_1_283' title='bbox 953 4502 1174 4595; x_wconf 89' lang='lat' dir='ltr'>magis</span> <span class='ocrx_word' id='word_1_284' title='bbox 1239 4502 1442 4590; x_wconf 86' lang='lat' dir='ltr'>trita,</span> <span class='ocrx_word' id='word_1_285' title='bbox 1509 4508 1590 4575; x_wconf 91' lang='lat' dir='ltr'>ut</span> <span class='ocrx_word' id='word_1_286' title='bbox 1645 4504 2219 4575; x_wconf 88' lang='lat' dir='ltr'>conculcarentur</span> <span class='ocrx_word' id='word_1_287' title='bbox 2274 4525 2314 4576; x_wconf 90' lang='lat' dir='ltr'>a</span> <span class='ocrx_word' id='word_1_288' title='bbox 2367 4504 2929 4592; x_wconf 77' lang='lat' dir='ltr'>transeuntibuS,</span> <span class='ocrx_word' id='word_1_289' title='bbox 2988 4507 3059 4577; x_wconf 89' lang='lat' dir='ltr'>et</span> <span class='ocrx_word' id='word_1_290' title='bbox 3110 4508 3191 4576; x_wconf 88' lang='lat' dir='ltr'>ut</span> <span class='ocrx_word' id='word_1_291' title='bbox 3244 4525 3497 4596; x_wconf 91' lang='lat' dir='ltr'>oppro-</span> 
     </span>
     <span class='ocr_line' id='line_1_31' title="bbox 383 4621 3499 4713; baseline -0 -18"><span class='ocrx_word' id='word_1_292' title='bbox 383 4622 566 4695; x_wconf 88' lang='lat' dir='ltr'>brio</span> <span class='ocrx_word' id='word_1_293' title='bbox 623 4621 896 4695; x_wconf 88' lang='lat' dir='ltr'>cunctis</span> <span class='ocrx_word' id='word_1_294' title='bbox 935 4624 1211 4709; x_wconf 88' lang='lat' dir='ltr'>fierent,</span> <span class='ocrx_word' id='word_1_295' title='bbox 1267 4622 1434 4713; x_wconf 89' lang='lat' dir='ltr'>poni</span> <span class='ocrx_word' id='word_1_296' title='bbox 1487 4621 1721 4695; x_wconf 89' lang='lat' dir='ltr'>iussit.</span> <span class='ocrx_word' id='word_1_297' title='bbox 1781 4622 1872 4693; x_wconf 83' lang='lat' dir='ltr'>Et</span> <span class='ocrx_word' id='word_1_298' title='bbox 1925 4624 2087 4694; x_wconf 91' lang='lat' dir='ltr'>dum</span> <span class='ocrx_word' id='word_1_299' title='bbox 2143 4623 2385 4695; x_wconf 85' lang='lat' dir='ltr'>taliter</span> <span class='ocrx_word' id='word_1_300' title='bbox 2440 4626 2664 4695; x_wconf 88' lang='lat' dir='ltr'>strata</span> <span class='ocrx_word' id='word_1_301' title='bbox 2718 4629 2790 4695; x_wconf 90' lang='lat' dir='ltr'>et</span> <span class='ocrx_word' id='word_1_302' title='bbox 2844 4623 3229 4696; x_wconf 88' lang='lat' dir='ltr'>deformata</span> <span class='ocrx_word' id='word_1_303' title='bbox 3275 4623 3499 4696; x_wconf 92' lang='lat' dir='ltr'>consi—</span> 
     </span>
     <span class='ocr_line' id='line_1_32' title="bbox 381 4728 3491 4833; baseline 0 -20"><span class='ocrx_word' id='word_1_304' title='bbox 381 4745 710 4830; x_wconf 86' lang='lat' dir='ltr'>sterent,</span> <span class='ocrx_word' id='word_1_305' title='bbox 768 4740 1066 4832; x_wconf 89' lang='lat' dir='ltr'>contigit</span> <span class='ocrx_word' id='word_1_306' title='bbox 1120 4740 1334 4812; x_wconf 89' lang='lat' dir='ltr'>simul</span> <span class='ocrx_word' id='word_1_307' title='bbox 1387 4745 1761 4833; x_wconf 87' lang='lat' dir='ltr'>utrumque</span> <span class='ocrx_word' id='word_1_308' title='bbox 1815 4742 2082 4833; x_wconf 85' lang='lat' dir='ltr'>Regem</span> <span class='ocrx_word' id='word_1_309' title='bbox 2135 4741 2311 4813; x_wconf 92' lang='lat' dir='ltr'>illuc</span> <span class='ocrx_word' id='word_1_310' title='bbox 2365 4743 2587 4815; x_wconf 81' lang='lat' dir='ltr'>facere</span> <span class='ocrx_word' id='word_1_311' title='bbox 2640 4742 2798 4815; x_wconf 88' lang='lat' dir='ltr'>iter.</span> <span class='ocrx_word' id='word_1_312' title='bbox 2858 4742 3296 4815; x_wconf 86' lang='lat' dir='ltr'>Wladislaus</span> <span class='ocrx_word' id='word_1_313' title='bbox 3361 4728 3491 4814; x_wconf 81' lang='lat' dir='ltr'>ita-</span> 
     </span>
     <span class='ocr_line' id='line_1_33' title="bbox 388 4858 3504 4953; baseline -0.001 -20"><span class='ocrx_word' id='word_1_314' title='bbox 388 4882 552 4953; x_wconf 81' lang='lat' dir='ltr'>que</span> <span class='ocrx_word' id='word_1_315' title='bbox 613 4861 766 4933; x_wconf 83' lang='lat' dir='ltr'>Rex</span> <span class='ocrx_word' id='word_1_316' title='bbox 823 4858 1157 4932; x_wconf 88' lang='lat' dir='ltr'>Poloniae</span> <span class='ocrx_word' id='word_1_317' title='bbox 1231 4859 1614 4933; x_wconf 91' lang='lat' dir='ltr'>ludibrium</span> <span class='ocrx_word' id='word_1_318' title='bbox 1679 4858 1901 4953; x_wconf 90' lang='lat' dir='ltr'>signis</span> <span class='ocrx_word' id='word_1_319' title='bbox 1966 4858 2184 4931; x_wconf 89' lang='lat' dir='ltr'>mutis</span> <span class='ocrx_word' id='word_1_320' title='bbox 2240 4865 2309 4933; x_wconf 91' lang='lat' dir='ltr'>et</span> <span class='ocrx_word' id='word_1_321' title='bbox 2361 4860 2681 4933; x_wconf 91' lang='lat' dir='ltr'>innocuis</span> <span class='ocrx_word' id='word_1_322' title='bbox 2753 4860 3008 4934; x_wconf 88' lang='lat' dir='ltr'>inferre</span> <span class='ocrx_word' id='word_1_323' title='bbox 3078 4882 3217 4932; x_wconf 91' lang='lat' dir='ltr'>non</span> <span class='ocrx_word' id='word_1_324' title='bbox 3290 4860 3504 4932; x_wconf 90' lang='lat' dir='ltr'>susti-</span> 
     </span>
     <span class='ocr_line' id='line_1_34' title="bbox 377 4978 3502 5071; baseline -0.001 -20"><span class='ocrx_word' id='word_1_325' title='bbox 377 5000 620 5065; x_wconf 80' lang='lat' dir='ltr'>nenS,</span> <span class='ocrx_word' id='word_1_326' title='bbox 684 4981 759 5051; x_wconf 92' lang='lat' dir='ltr'>in</span> <span class='ocrx_word' id='word_1_327' title='bbox 821 4978 1183 5069; x_wconf 89' lang='lat' dir='ltr'>obliquum</span> <span class='ocrx_word' id='word_1_328' title='bbox 1249 4999 1405 5050; x_wconf 90' lang='lat' dir='ltr'>cum</span> <span class='ocrx_word' id='word_1_329' title='bbox 1471 4978 1658 5051; x_wconf 89' lang='lat' dir='ltr'>omni</span> <span class='ocrx_word' id='word_1_330' title='bbox 1723 4978 2011 5068; x_wconf 86' lang='lat' dir='ltr'>militia,</span> <span class='ocrx_word' id='word_1_331' title='bbox 2088 4978 2291 5071; x_wconf 86' lang='lat' dir='ltr'>signa</span> <span class='ocrx_word' id='word_1_332' title='bbox 2352 4979 2647 5069; x_wconf 88' lang='lat' dir='ltr'>pedibus</span> <span class='ocrx_word' id='word_1_333' title='bbox 2721 4980 3033 5052; x_wconf 88' lang='lat' dir='ltr'>obterere</span> <span class='ocrx_word' id='word_1_334' title='bbox 3104 4978 3502 5068; x_wconf 86' lang='lat' dir='ltr'>fastidiens,</span> 
     </span>
     <span class='ocr_line' id='line_1_35' title="bbox 379 5096 3504 5189; baseline 0 -19"><span class='ocrx_word' id='word_1_335' title='bbox 379 5098 637 5171; x_wconf 85' lang='lat' dir='ltr'>flectit</span> <span class='ocrx_word' id='word_1_336' title='bbox 692 5098 864 5185; x_wconf 85' lang='lat' dir='ltr'>iter3</span> <span class='ocrx_word' id='word_1_337' title='bbox 923 5096 1450 5189; x_wconf 87' lang='lat' dir='ltr'>Sigismundum</span> <span class='ocrx_word' id='word_1_338' title='bbox 1504 5119 1665 5171; x_wconf 84' lang='lat' dir='ltr'>vero</span> <span class='ocrx_word' id='word_1_339' title='bbox 1721 5098 1984 5189; x_wconf 91' lang='lat' dir='ltr'>Regem</span> <span class='ocrx_word' id='word_1_340' title='bbox 2036 5097 2166 5169; x_wconf 83' lang='lat' dir='ltr'>illa</span> <span class='ocrx_word' id='word_1_341' title='bbox 2210 5097 2719 5189; x_wconf 89' lang='lat' dir='ltr'>percalcantem</span> <span class='ocrx_word' id='word_1_342' title='bbox 2756 5098 2875 5189; x_wconf 92' lang='lat' dir='ltr'>pia</span> <span class='ocrx_word' id='word_1_343' title='bbox 2912 5097 3345 5189; x_wconf 88' lang='lat' dir='ltr'>correptione</span> <span class='ocrx_word' id='word_1_344' title='bbox 3385 5099 3504 5171; x_wconf 91' lang='lat' dir='ltr'>ob·</span> 
     </span>
    </p>
   </div>
   <div class='ocr_carea' id='block_1_5' title="bbox 375 5362 3509 5535">
    <p class='ocr_par' dir='ltr' id='par_1_5' title="bbox 375 5362 3509 5535">
     <span class='ocr_line' id='line_1_36' title="bbox 635 5362 3509 5450; baseline 0 -22"><span class='ocrx_word' id='word_1_345' title='bbox 635 5367 682 5447; x_wconf 85' lang='lat'>¹)</span> <span class='ocrx_word' id='word_1_346' title='bbox 729 5370 1031 5429; x_wconf 85' lang='lat' dir='ltr'>Venerunt</span> <span class='ocrx_word' id='word_1_347' title='bbox 1077 5362 1228 5430; x_wconf 78' lang='lat' dir='ltr'>cod.</span> <span class='ocrx_word' id='word_1_348' title='bbox 1275 5366 1466 5431; x_wconf 79' lang='lat' dir='ltr'>Rozr.</span> <span class='ocrx_word' id='word_1_349' title='bbox 1530 5366 1584 5448; x_wconf 74' lang='lat'>⁹)</span> <span class='ocrx_word' id='word_1_350' title='bbox 1629 5369 1692 5429; x_wconf 90' lang='lat' dir='ltr'>hi</span> <span class='ocrx_word' id='word_1_351' title='bbox 1736 5368 1852 5429; x_wconf 90' lang='lat' dir='ltr'>duo</span> <span class='ocrx_word' id='word_1_352' title='bbox 1909 5365 2060 5432; x_wconf 71' lang='lat' dir='ltr'>cod.</span> <span class='ocrx_word' id='word_1_353' title='bbox 2106 5366 2300 5431; x_wconf 78' lang='lat' dir='ltr'>Rozr.</span> <span class='ocrx_word' id='word_1_354' title='bbox 2364 5366 2419 5447; x_wconf 77' lang='lat'>⁸)</span> <span class='ocrx_word' id='word_1_355' title='bbox 2473 5375 2682 5445; x_wconf 81' lang='lat' dir='ltr'>postea</span> <span class='ocrx_word' id='word_1_356' title='bbox 2748 5364 2900 5431; x_wconf 83' lang='lat' dir='ltr'>C&#39;od.</span> <span class='ocrx_word' id='word_1_357' title='bbox 2960 5365 3153 5430; x_wconf 79' lang='lat' dir='ltr'>Rozr.</span> <span class='ocrx_word' id='word_1_358' title='bbox 3216 5365 3271 5450; x_wconf 83' lang='lat'>⁴)</span> <span class='ocrx_word' id='word_1_359' title='bbox 3314 5368 3509 5449; x_wconf 87' lang='lat' dir='ltr'>Regni</span> 
     </span>
     <span class='ocr_line' id='line_1_37' title="bbox 375 5466 1191 5535; baseline -0.005 0"><span class='ocrx_word' id='word_1_360' title='bbox 375 5472 756 5535; x_wconf 75' lang='lat' dir='ltr'>Dalmatiae</span> <span class='ocrx_word' id='word_1_361' title='bbox 803 5466 952 5533; x_wconf 80' lang='lat' dir='ltr'>Cod.</span> <span class='ocrx_word' id='word_1_362' title='bbox 998 5467 1191 5532; x_wconf 81' lang='lat' dir='ltr'>Rozr.</span> 
     </span>
    </p>
   </div>
  </div>
 </body>
</html>
