4342 6384
349 566 486 668 (Α.
527 566 620 644 D.
659 565 890 667 1417.)
1525 594 1750 648 unna
1799 593 2260 649 1188838183.
3296 579 3442 652 211

343 776 604 864 ,,111118,
663 775 1038 848 3083111881
1091 778 1209 848 vel
1262 777 1591 851 favorem.
1649 779 1978 852 Declarat
2030 779 2321 872 insuper
2373 784 2442 853 et
2496 781 2805 854 decernit
2825 838 2842 869 ,
2900 803 3139 856 omnes
3194 788 3264 857 31
3302 784 3444 858 sin-

344 897 596 988 „gulas
651 895 1146 984 inhibitiones,
1205 918 1581 1006 omnesque
1635 919 2034 990 processuS,
2094 900 2513 990 3381381183,
2572 901 3111 976 constitutiones
3168 909 3239 976 et
3286 925 3444 976 cen-

342 1037 537 1104 „raS,
597 1020 667 1088 et
720 1016 864 1088 alia
926 1036 1432 1107 quaecumque,
1497 1038 1624 1108 per
1685 1039 1843 1090 eum
1907 1019 2160 1107 factOS,
2230 1020 2451 1092 factas
2506 1025 2577 1093 et
2634 1021 2849 1108 facta,
2920 1043 3097 1113 quae
3151 1031 3443 1114 possent

339 1134 796 1226 „praemissis
853 1135 1163 1224 obviare,
1221 1135 1494 1226 irritos,
1561 1137 1801 1210 irritas
1859 1144 1930 1211 et
1983 1138 2217 1225 irrita,
2284 1144 2493 1232 atque
2548 1139 2624 1212 in
2677 1139 2957 1213 irritum
3020 1148 3303 1214 revocat
3359 1148 3431 1216 et

344 1255 778 1345 „annihilatz
853 1255 1148 1329 caeteris
1218 1257 1494 1347 poenis,
1573 1279 1747 1349 quas
1822 1258 1897 1332 in
1949 1257 2359 1350 praemissis
2425 1259 2705 1336 casibus
2777 1260 2933 1336 iura
3006 1266 3432 1352 statuerunt,

341 1395 666 1467 „semper
721 1375 1016 1472 salvis“.

876 1729 1256 1802 wenceslao
1301 1730 1604 1821 episeopo
1648 1731 2170 1805 wratislaviensi
2215 1731 2511 1806 31333111
2556 1732 2908 1807 mundns.

543 1977 956 2052 Wenceslao
1010 1977 1584 2052 Wratislaviensi
1639 1979 1963 2070 episcopo
2020 1979 2106 2051 de
2160 1978 2323 2052 sede
2376 2000 2537 2067 sua,
2595 2000 2807 2071 quam
2873 1980 3076 2054 88813
3128 1981 3437 2075 quinque

335 2100 403 2170 et
465 2097 765 2190 triginta
817 2102 1130 2186 rexerat,
1189 2103 1568 2191 spontanee
1622 2099 1908 2173 cedente
1929 2155 1945 2188 ,
2007 2099 2370 2173 cunradus
2425 2104 2717 2173 vocatus
2758 2099 3019 2188 senior,
3078 2099 3439 2174 Oleschni-

333 2218 566 2290 censis
606 2218 660 2308 ¹)
716 2223 787 2290 31
844 2219 1110 2290 Slesiae
1166 2219 1360 2306 Dux,
1420 2241 1460 2290 a
1516 2218 1820 2292 Martino
1875 2220 2068 2310 Papa
2125 2219 2407 2310 quinte,
2478 2220 2923 2311 supplicante
2988 2219 3438 2312 Sigismundo

331 2337 808 2410 Romanorum
865 2343 936 2410 et
989 2339 1393 2430 Hungariae
1447 2340 1639 2431 Rege
1703 2342 1772 2410 et
1836 2339 2159 2429 Capitulo
2230 2339 2835 2429 wratislaviensi,
2902 2341 2990 2412 ad
3054 2341 3433 2414 Wratisla-

330 2455 646 2529 viensem
700 2458 1064 2531 ecclesiam
1119 2459 1444 2549 provisus
1501 2463 1592 2530 et·
1625 2458 1988 2531 ordinatus
2043 2463 2184 2548 est,
2242 2465 2311 2531 et
2365 2459 2550 2550 apud
2608 2460 3063 2532 Othmuchow
3093 2458 3155 2549 2)
3211 2461 3286 2533 18
3322 2461 3435 2534 die

333 2575 575 2648 Sancti
632 2577 988 2650 Vincentii
1041 2579 1114 2650 in
1170 2578 1648 2670 episcopatum
1703 2583 2172 2652 consecratus
2243 2578 2704 2652 Wenceslaus
2768 2585 3001 2652 autem
3059 2579 3433 2671 episcopus

329 2696 722 2786 praefatus,
779 2698 1298 2771 renuntiatione
1354 2699 1572 2788 facta,
1633 2699 1851 2770 saluti
1907 2719 2074 2772 suae
2128 2699 2487 2771 consuluit
2518 2697 2603 2788 ³).

330 3053 644 3124 nal-tinus
690 3053 959 3141 quintus
1001 3051 1170 3140 rapa
1216 3052 1618 3124 sententian
1661 3052 1924 3124 concilii
1955 3051 2484 3124 constantiensis
2514 3052 2744 3123 contra
2772 3050 3118 3124 Iohannem
3147 3052 3425 3126 Falton-

330 3172 485 3261 borg
529 3173 736 3242 latam
781 3171 1044 3244 tandem
1091 3171 1460 3256 confimat,
1507 3173 1866 3260 posteaque
1912 3170 2186 3242 eundem
2233 3171 2314 3241 113
2354 3187 2676 3242 consensu
2707 3169 3043 3243 wladislai
3073 3171 3269 3262 Regis
3298 3189 3433 3244 oar·

671 3308 816 3362 coro
861 3291 1093 3376 solvit,
1137 3290 1337 3362 libelli
1384 3291 1613 3362 81183111
1661 3293 1888 3362 contra
1931 3289 2168 3380 Regem
2216 3289 2378 3364 editi
2423 3291 2603 3361 facta
2646 3291 3087 3363 revocatione.

533 3537 1019 3609 Dissolutione
1073 3536 1634 3610 constantiensis
1690 3537 1982 3610 Concilii
2037 3539 2442 3628 appetente,
2500 3535 2848 3607 Martinus
2904 3536 3099 3626 Papa
3135 3536 3429 3627 quintus

329 3677 560 3746 prece,
619 3657 964 3728 incertum
1019 3661 1157 3744 est,
1218 3678 1304 3727 an
1362 3656 1894 3747 importunitate
1949 3656 2461 3729 cruciferorum
2515 3654 2599 3726 de
2653 3655 2949 3727 Prussia
2994 3654 3424 3728 circumven-

329 3779 475 3863 tus,
537 3775 959 3848 sententiam
1015 3775 1483 3847 damnationis
1539 3775 1877 3848 Iohannis
1931 3775 2397 3865 Falkemberg
2450 3772 2769 3846 monachi
2828 3773 3093 3846 ordinis
3142 3774 3423 3847 Praedi-

331 3903 674 3983 catorum,
732 3917 855 3986 per
908 3895 1294 3968 Concilium
1349 3896 1886 3968 Constantiense
1939 3894 2370 3968 concorditer
2424 3894 2652 3984 priuS,
2710 3914 2917 3985 quam
2966 3893 3313 3966 Martinus
3351 3895 3426 3965 in

329 4015 590 4107 Papam
646 4015 1050 4107 eligeretur,
1109 4015 1398 4101 editam,
1457 4014 1809 4087 infirmare
1865 4019 1934 4086 et
1990 4014 2343 4086 moderare
2398 4012 2781 4085 contendit.
2838 4013 3285 4085 Instantibus
3326 4014 3420 4086 31-

331 4135 608 4225 quidem
664 4135 1054 4207 oratoribus
1119 4134 1498 4208 Wladislai
1561 4133 1894 4206 Poloniae
1958 4133 2206 4225 Regia,
2275 4136 2357 4203 ut
2412 4131 2801 4205 sententiae
2864 4131 3159 4205 concilii
3225 4154 3422 4206 suam

329 4254 918 4326 confirmationem
975 4253 1340 4340 adiiceret,
1397 4255 1806 4325 nullatenus
1845 4253 1931 4324 ad
1969 4252 2172 4324 illius
2210 4251 2804 4325 confirmationem
2842 4251 3261 4343 simpliciter
3294 4273 3417 4344 po-

330 4379 507 4445 terat
560 4374 1000 4463 persuaderi,
1061 4374 1382 4464 quamvis
1438 4373 1828 4445 Cardinalis
1883 4373 2231 4459 existenS,
2291 4392 2364 4444 se
2419 4372 2483 4444 ei
2538 4391 2749 4444 manu
2795 4370 3079 4462 propria
3116 4372 3419 4444 subscri-

328 4493 568 4582 pserit.
635 4492 700 4564 N
705 4493 1015 4565 itebatur
1069 4493 1415 4583 siquidem
1469 4493 1828 4583 praefatus
1881 4492 2230 4563 Martinus
2278 4492 2473 4582 Papa
2509 4490 2721 4563 verba
2759 4488 3181 4576 sententiae,
3239 4512 3419 4581 quae

330 4617 744 4702 sequuntur,
803 4611 1165 4684 videlicet:
1225 4612 1543 4684 Libellus
1599 4632 1926 4684 erroneus
1981 4615 2052 4683 31
2105 4611 2381 4684 haeresi
2418 4610 2702 4702 plenuS,
2760 4609 3091 4701 abrogare
3129 4629 3215 4681 ex
3255 4630 3409 4682 sen-

325 4732 574 4819 tentia,
633 4735 704 4804 et
755 4731 1252 4822 abrogaturum
1306 4732 1533 4804 locum
1589 4731 1752 4803 aliis
1789 4730 2056 4819 verbiS,
2113 4729 2477 4803 videlicet:
2537 4729 2857 4802 Libellus
2896 4729 3120 4801 falsus
3158 4733 3229 4800 31
3265 4729 3433 4819 pia?

323 4871 472 4922 rum
525 4850 806 4922 aurium
861 4848 1271 4938 offensivuS,
1331 4852 1678 4942 supplere.
1737 4851 2031 4942 Propter
2086 4850 2271 4941 quod
2324 4849 2827 4921 ambasiatores
2880 4847 3059 4940 regii
3114 4847 3187 4919 in
3234 4848 3414 4920 Mar-

323 4971 545 5042 tinum
611 4969 876 5061 Papam
939 4971 1385 5042 vehementer
1447 4970 1644 5057 irati,
1711 4970 2016 5042 fremunt
2079 4973 2149 5042 et
2203 4969 2288 5040 ab
2352 4968 2693 5042 electione
2757 4967 2905 5040 eius
2972 4967 3045 5038 in
3110 4967 3407 5058 Papam,

325 5095 521 5182 atque
576 5111 621 5161 a
674 5089 1130 5182 denegatione
1185 5089 1734 5162 confirmationis
1789 5070 2179 5163 sententiae
2232 5087 2667 5176 huiusmodi,
2718 5087 2805 5158 ad
2861 5087 3175 5160 futurum
3237 5087 3414 5159 Con-

523 5347 571 5422 1)
622 5345 1047 5410 Olieanicensis
1096 5341 1247 5409 cod.
1291 5343 1470 5408 Koat.
1527 5343 1572 5424 ¹)
1617 5348 1680 5406 in
1726 5345 2090 5408 Odmuchow
2137 5339 2291 5407 cod.
2335 5341 2528 5406 Rozr.
2568 5337 2627 5426 ³)
2659 5343 2993 5404 consulens.
3029 5336 3182 5404 Cod.
3230 5339 3411 5404 Oalv.
