4342 6384
837 459 990 541 ³06
2007 484 2235 546 arnna
2284 485 2796 546 evomamus.
3376 464 3510 570 (Α.
3551 466 3641 545 D.
3680 464 3941 569 11435.)

1294 798 1554 874 hum
1605 800 1851 875 ordint·
1893 797 2415 873 haedinam
2466 818 2554 873 ox-
2596 800 2849 873 num
2895 814 3071 876 nou
3116 801 3480 875 clidium.

1049 1034 1406 1113 vicesima
1459 1040 1767 1113 secunda
1798 1038 2072 1132 Aprilis
2125 1039 2499 1114 universus
2557 1042 2851 1113 fratrum
2910 1040 3477 1115 Praedicatornm
3532 1040 3941 1115 monasterii

847 1160 1089 1235 Sancti
1141 1158 1422 1233 Nicolai
1475 1159 1552 1232 in
1607 1160 1890 1239 'thorun
1943 1180 2125 1232 nova
2178 1164 2588 1250 conventus,
2648 1160 2946 1235 sedecim
3002 1160 3335 1234 videlicet
3389 1164 3641 1235 fratres
3693 1162 3773 1235 in
3810 1182 3939 1234 nu-

847 1294 1056 1368 mero,
1111 1298 1238 1372 pro
1292 1296 1396 1367 eo,
1453 1280 1638 1371 quod
1691 1279 2068 1373 plebanum
2124 1279 2366 1357 Sancti
2419 1279 2757 1353 Iohannis
2812 1281 3336 1355 Thomnensem
3398 1282 3751 1355 Andrean
3804 1282 3941 1354 Fa·

845 1392 1306 1494 pheneorff'1)
1375 1418 1660 1475 erronea
1729 1400 2066 1493 quaedam
2137 1400 2579 1493 praedicasse
2654 1406 2725 1474 et
2797 1403 3261 1495 vulgaverant
3332 1406 3403 1475 et
3466 1404 3944 1489 ostenderant,

849 1522 1177 1597 mandato·
1227 1520 1438 1594 Pauli
1492 1517 1577 1593 de
1631 1520 2007 1595 Russdorff
2054 1521 2379 1613 Magistri
2434 1521 2765 1597 Prussiae
2825 1528 2897 1595 et
2952 1542 3237 1595 suorum
3292 1512 3939 1596 Commendatormn

849 1640 1152 1735 turpiter
1204 1641 1469 1715 eiectus
1525 1646 1654 1714 est.
1729 1642 1795 1713 A
1849 1662 1989 1732 qua
2041 1640 2379 1715 eiectione
2434 1642 2911 1735 appellatione
2962 1642 3411 1735 interposita,
3478 1646 3550 1716 et
3602 1664 3821 1716 causa
3872 1641 3943 1715 in

849 1761 1162 1836 Concilio
1213 1759 1596 1835 Basilicnsi
1649 1760 2021 1835 commissa
2041 1760 2127 1851 ²),
2186 1761 2323 1837 fuit
2375 1764 2736 1855 praefatus
2776 1759 3097 1837 Andreas
3150 1754 3307 1836 illic
3358 1782 3688 1856 praesens
3740 1772 3819 1837 et
3871 1778 3945 1835 se

851 1882 1227 1956 defendens
1297 1882 1384 1954 de
1439 1882 1788 1957 erroribus
1859 1881 2183 1971 obiectis,
2258 1882 2663 1972 damnatus,
2720 1887 2791 1957 et
2856 1886 3243 1957 conventus
3305 1883 3379 1956 in
3440 1884 3673 1957 locum
3739 1902 3942 1956 suum

851 2002 1252 2076 restitutus.

855 2364 1302 2455 agitandus
1366 2364 1721 2457 inperator
1785 2366 1926 2459 agit
1993 2363 2164 2457 apud
2232 2366 2651 2439 wladislaum
2722 2366 3025 2443 Pdouiao
3089 2366 3327 2457 aegon
3392 2367 3475 2439 do
3548 2378 3711 2457 pace
3774 2368 3944 2439 luter

1087 2486 1523 2577 wulfinum
1569 2487 1639 2561 ut
1683 2484 2159 2577 mgis-undum
2202 2483 2435 2561 hoen
2478 2488 2773 2579 'agnum
2819 2487 3206 2561 [ithumae
3250 2487 3713 2577 conponenda.

1063 2726 1210 2801 Sub
1263 2732 1574 2820 tempore
1626 2728 1862 2803 eodem
1919 2725 2413 2821 sigismundus
2468 2728 2939 2801 Romanorum
2977 2729 3368 2819 Imperator
3419 2729 3493 2800 et
3544 2727 3943 2821 Hungariae

857 2848 1014 2920 Rex
1068 2846 1338 2919 veritus
1395 2864 1631 2920 casum
1687 2846 1904 2926 Ducis
1959 2846 2348 2941 Switrigal,
2418 2868 2623 2941 quem
2679 2849 2767 2920 ad
2820 2848 3003 2921 illud
3056 2848 3323 2922 bellum
3379 2846 3529 2919 suis
3582 2847 3944 2940 promissis

857 2966 1220 3056 illexerat,
1278 2971 1352 3039 et
1387 2965 1720 3059 suffragia
1771 2968 2088 3061 gentium
2144 2968 2326 3042 Duci
2362 2968 2721 3062 Switrigal
2744 2967 2805 3057 8)
2860 2968 2946 3041 ab
2984 2982 3063 3041 eo
3100 2956 3539 3061 frequentius
3594 2966 3947 3059 expetenti

861 3102 1055 3179 spem
1107 3100 1232 3179 pro
1268 3106 1343 3160 re
1399 3086 1824 3175 ostenderat,
1882 3088 2106 3161 mittit
2142 3088 2317 3161 duos
2354 3089 2673 3177 nuntios,
2730 3080 3105 3161 Nicolaum
3143 3086 3531 3161 Brzesinlta
3556 3086 3623 3177 ⁴)
3662 3092 3737 3161 ot
3770 3088 3943 3160 Mar·

858 3206 1120 3295 tinum,
1177 3226 1428 3301 genere
1481 3206 1752 3282 nobiles
1806 3213 1878 3282 et
1915 3208 2247 3297 Slesitas,
2305 3209 2392 3281 ad
2430 3206 2903 3282 wladislaum
2956 3210 3221 3301 Regem
3274 3207 3644 3296 Poloniae‚
3701 3228 3945 3300 rogans

858 3327 1096 3400 illum:
1155 3332 1502 3420 quatenus
1559 3350 1686 3401 sua
1738 3328 2273 3421 interpositione
2324 3330 2592 3403 bellum
2646 3329 2833 3402 inter
2869 3329 3132 3401 Ducem
3188 3328 3518 3420 Magnum
3558 3328 3941 3421 Sigismuu·

857 3449 1026 3520 dum
1081 3452 1152 3521 et
1205 3450 1471 3522 Ducem
1536 3448 1924 3543 Switrigal‚
2000 3442 2318 3523 ordinata
2380 3448 2567 3522 iuter
2628 3450 2795 3522 illos
2864 3470 3035 3541 pace
3096 3454 3433 3541 perpetua
3494 3451 3623 3520 aut
3686 3453 3941 3540 treuga,

859 3573 1361 3657 summoveret3
1417 3588 1760 3658 asserens,
1819 3569 1956 3645 sibi
2010 3572 2155 3643 fore
2207 3570 2278 3642 id
2335 3574 2405 3643 et
2439 3570 2921 3663 gratissimum
2976 3573 3046 3643 et
3100 3567 3701 3660 acceptissimum,
3761 3567 3823 3639 si
3872 3565 3939 3639 iu

858 3707 936 3761 re
987 3689 1118 3761 hac
1171 3688 1520 3781 potiretur
1571 3690 1940 3763 desideriis
1995 3694 2066 3764 et
2101 3690 2425 3783 precibus
2482 3689 2654 3763 suis.
2712 3690 3151 3763 Wladislaus
3190 3695 3425 3761 autem
3462 3688 3618 3761 Rex
3672 3688 3761 3761 de
3794 3707 3939 3759 eon·

861 3808 1026 3881 silio
1079 3810 1563 3882 Praelatorum
1617 3815 1688 3883 et
1739 3811 2077 3883 baronum
2131 3832 2417 3884 suorum
2470 3810 2557 3881 ad
2610 3811 2799 3882 latus
2856 3831 3061 3882 suum
3116 3810 3192 3881 in
3246 3808 3577 3882 Cracovia
3630 3828 3942 3899 praesen-

859 3928 1040 4001 tium
1094 3930 1485 4021 respondit:
1562 3931 1816 4003 Omnes
1880 3931 2150 4005 labores
2217 3935 2286 4003 et
2340 3932 2577 4004 studia
2630 3952 2759 4002 sua
2820 3934 3019 4022 grato
3074 3928 3305 4001 animo
3370 3928 3444 4000 in
3500 3926 3944 4019 Imperatoris

865 4048 1298 4141 Sigismundi
1351 4051 1926 4142 complacentiam
1990 4073 2114 4144 pro
2170 4072 2341 4143 pace
2394 4052 2667 4124 Ducum
2719 4049 3266 4142 praedictorum,
3332 4049 3747 4140 pracsertim
3802 4068 3945 4119 cum

863 4172 1158 4261 uterque
1213 4170 1350 4243 sibi
1387 4170 1728 4263 sanguine
1764 4171 2048 4245 iunctus
2086 4176 2305 4259 esset,
2363 4171 2803 4263 interponere
2837 4170 3055 4258 vello,
3100 4168 3161 4241 si
3197 4167 3725 4259 interpositioni
3762 4168 3945 4238 locus

867 4294 938 4362 et
995 4294 1269 4381 tempus
1325 4312 1462 4363 non
1517 4296 1754 4365 essent
1784 4290 1846 4381 5)
1901 4292 2247 4383 adempta.
2304 4290 2565 4364 Verum
2618 4310 2776 4363 cum
2813 4311 2925 4363 res
2978 4289 3163 4362 inter
3206 4288 3373 4361 illos
3428 4287 3691 4359 dudum
3746 4285 3946 4357 armis

867 4410 982 4504 agi
1037 4415 1285 4503 coepta
1337 4416 1476 4500 est,
1536 4416 1608 4483 et
1671 4412 1822 4485 sine
1875 4412 2086 4485 dubio
2149 4412 2224 4483 in
2279 4416 2551 4504 partem
2604 4412 2896 4483 alteram
2924 4409 2989 4497 6)
3044 4412 3553 4494 consummata,
3610 4427 3740 4478 nec
3802 4402 3949 4496 paci

861 4548 990 4604 uec
1051 4534 1336 4623 treugae
1367 4532 1429 4619 ⁷)
1499 4530 1706 4603 illum
1777 4551 2258 4618 assensurum,
2334 4552 2540 4623 quem
2614 4532 2890 4602 fortuna
2961 4529 3125 4601 fecit
3190 4528 3546 4601 victorem.
3632 4524 3943 4597 Necdum

863 4650 1100 4751 nuntii
1157 4652 1481 4726 Caesarei
1553 4652 2005 4744 responsione
2077 4658 2363 4743 accepta
2426 4650 2881 4744 egrediuntur
2944 4648 3242 4740 regiam,
3318 4652 3389 4721 et
3442 4668 3597 4719 ecce
3664 4642 3947 4717 nuntius

865 4788 1028 4844 mox
1057 4770 1122 4860 Β)
1179 4771 1594 4865 ingreditur,
1663 4778 1732 4846 et
1785 4772 2050 4846 bellum
2105 4773 2495 4861 confectum
2511 4762 2537 4858 ,’
2596 4772 2857 4844 Ducem
2910 4768 3239 4861 Magnum
3306 4764 3831 4859 Sigismundum
3880 4764 3947 4835 et

868 4892 1254 4967 exercitum
1307 4893 1579 4987 regium
1633 4892 2002 4967 victoriam
2057 4890 2387 4967 retulisse
2441 4892 2525 4964 de
2562 4890 2887 4963 hostibus
2942 4908 3029 4963 ex
3069 4888 3311 4960 ordine
3362 4890 3622 4958 narrat.
3680 4883 3801 4956 Fit
3848 4880 3951 4953 in·

1087 5185 1134 5260 ¹)
1175 5188 1544 5251 Fanendorff
1583 5182 1736 5250 Coa.
1784 5184 1962 5250 Kost.
2008 5185 2383 5249 Taffendorfl’
2417 5176 2545 5246 Ed.
2581 5176 2764 5267 [ἐμ.
2822 5176 2873 5261 ⁸¹)
2922 5182 3161 5258 cognita
3204 5173 3359 5241 cod.
3405 5173 3582 5239 Kost.
3626 5172 3687 5253 Β)
3730 5171 3957 5234 Swidri-

870 5292 1032 5367 gdlo
1063 5287 1190 5352 Ed.
1217 5288 1398 5374 Lipc.
1446 5288 1498 5371 ⁴)
1529 5292 1835 5353 Brouinka
1861 5288 1992 5355 Ed.
2015 5286 2200 5373 Lips.
2251 5286 2305 5365 ει)
2331 5304 2452 5350 non
2483 5288 2723 5349 adesset
2748 5282 2877 5347 Ed.
2910 5281 3107 5367 Lipa:
3140 5280 3199 5362 θ)
3228 5284 3568 5342 alterutram
3600 5272 3756 5345 cod.
3786 5272 3957 5339 Koa.

879 5394 932 5480 ⁷)
963 5414 1074 5458 nec
1115 5415 1322 5479 pacem
1365 5415 1476 5463 nec
1502 5401 1771 5479 treugam
1814 5391 1941 5460 Ed.
1986 5390 2171 5483 Dipo.
2222 5388 2273 5473 8)
2320 5394 2497 5453 velox
2550 5386 2702 5456 God.
2733 5385 2911 5457 Koet.
3306 5385 3315 5391 ’
