<?xml version="1.0" encoding="UTF-8"?>
<!DOCTYPE html PUBLIC "-//W3C//DTD XHTML 1.0 Transitional//EN"
    "http://www.w3.org/TR/xhtml1/DTD/xhtml1-transitional.dtd">
<html xmlns="http://www.w3.org/1999/xhtml" xml:lang="en" lang="en">
 <head>
  <title>
</title>
<meta http-equiv="Content-Type" content="text/html;charset=utf-8" />
  <meta name='ocr-system' content='tesseract 3.04.00' />
  <meta name='ocr-capabilities' content='ocr_page ocr_carea ocr_par ocr_line ocrx_word'/>
</head>
<body>
  <div class='ocr_page' id='page_1' title='image "./dzieawszystkie00unkngoog_0680.png"; bbox 0 0 4342 6384; ppageno 0'>
   <div class='ocr_carea' id='block_1_1' title="bbox 311 592 3416 693">
    <p class='ocr_par' dir='ltr' id='par_1_1' title="bbox 311 592 3416 693">
     <span class='ocr_line' id='line_1_1' title="bbox 311 592 3416 693; baseline 0.002 -25"><span class='ocrx_word' id='word_1_1' title='bbox 311 592 453 692; x_wconf 79' lang='grc' dir='ltr'>(Α.</span> <span class='ocrx_word' id='word_1_2' title='bbox 482 593 587 669; x_wconf 73' lang='lat'>0.</span> <span class='ocrx_word' id='word_1_3' title='bbox 624 592 857 693; x_wconf 68' lang='grc'><strong>1441.)</strong></span> <span class='ocrx_word' id='word_1_4' title='bbox 1462 623 1689 677; x_wconf 69' lang='lat' dir='ltr'>arnna</span> <span class='ocrx_word' id='word_1_5' title='bbox 1738 624 2250 679; x_wconf 68' lang='lat' dir='ltr'>momentus.</span> <span class='ocrx_word' id='word_1_6' title='bbox 3269 599 3416 673; x_wconf 84' lang='grc'>669</span> 
     </span>
    </p>
   </div>
   <div class='ocr_carea' id='block_1_2' title="bbox 250 781 3418 1257">
    <p class='ocr_par' dir='ltr' id='par_1_2' title="bbox 250 781 3418 1257">
     <span class='ocr_line' id='line_1_2' title="bbox 312 781 3418 901; baseline 0.002 -28"><span class='ocrx_word' id='word_1_7' title='bbox 312 822 521 874; x_wconf 90' lang='lat' dir='ltr'>omne</span> <span class='ocrx_word' id='word_1_8' title='bbox 572 802 845 894; x_wconf 89' lang='lat' dir='ltr'>pondus</span> <span class='ocrx_word' id='word_1_9' title='bbox 909 804 1083 878; x_wconf 91' lang='lat' dir='ltr'>belli</span> <span class='ocrx_word' id='word_1_10' title='bbox 1147 805 1221 881; x_wconf 92' lang='lat' dir='ltr'>in</span> <span class='ocrx_word' id='word_1_11' title='bbox 1287 807 1734 897; x_wconf 89' lang='lat' dir='ltr'>Podolinum,</span> <span class='ocrx_word' id='word_1_12' title='bbox 1809 808 1995 900; x_wconf 90' lang='lat' dir='ltr'>quod</span> <span class='ocrx_word' id='word_1_13' title='bbox 2057 812 2226 883; x_wconf 89' lang='lat' dir='ltr'>tunc</span> <span class='ocrx_word' id='word_1_14' title='bbox 2287 830 2413 901; x_wconf 85' lang='lat' dir='ltr'>per</span> <span class='ocrx_word' id='word_1_15' title='bbox 2493 781 2863 883; x_wconf 78' lang='lat' dir='ltr'>Nicolaum</span> <span class='ocrx_word' id='word_1_16' title='bbox 2935 806 3418 881; x_wconf 85' lang='lat' dir='ltr'>Komorowski</span> 
     </span>
     <span class='ocr_line' id='line_1_3' title="bbox 250 921 3416 1021; baseline 0.001 -24"><span class='ocrx_word' id='word_1_17' title='bbox 250 989 261 997; x_wconf 91' lang='lat'><em>.</em></span> <span class='ocrx_word' id='word_1_18' title='bbox 310 921 472 996; x_wconf 89' lang='lat' dir='ltr'>vice</span> <span class='ocrx_word' id='word_1_19' title='bbox 524 926 596 995; x_wconf 93' lang='lat' dir='ltr'>et</span> <span class='ocrx_word' id='word_1_20' title='bbox 648 922 931 997; x_wconf 83' lang='lat' dir='ltr'>nomine</span> <span class='ocrx_word' id='word_1_21' title='bbox 986 924 1274 1020; x_wconf 80' lang='lat' dir='ltr'>Sbignei</span> <span class='ocrx_word' id='word_1_22' title='bbox 1326 926 1723 1001; x_wconf 83' lang='lat' dir='ltr'>Cardinalis</span> <span class='ocrx_word' id='word_1_23' title='bbox 1776 932 1849 1000; x_wconf 91' lang='lat' dir='ltr'>et</span> <span class='ocrx_word' id='word_1_24' title='bbox 1903 927 2218 1021; x_wconf 82' lang='lat' dir='ltr'>episcopi</span> <span class='ocrx_word' id='word_1_25' title='bbox 2271 927 2754 1005; x_wconf 67' lang='lat' dir='ltr'>cracoviensis</span> <span class='ocrx_word' id='word_1_26' title='bbox 2805 928 3207 1017; x_wconf 72' lang='lat' dir='ltr'>tenebatur,</span> <span class='ocrx_word' id='word_1_27' title='bbox 3264 948 3416 1000; x_wconf 87' lang='lat' dir='ltr'>ver-</span> 
     </span>
     <span class='ocr_line' id='line_1_4' title="bbox 311 1042 3416 1146; baseline 0.001 -32"><span class='ocrx_word' id='word_1_28' title='bbox 311 1063 475 1115; x_wconf 88' lang='lat' dir='ltr'>sum</span> <span class='ocrx_word' id='word_1_29' title='bbox 528 1046 666 1132; x_wconf 90' lang='lat' dir='ltr'>est,</span> <span class='ocrx_word' id='word_1_30' title='bbox 741 1042 951 1136; x_wconf 90' lang='lat' dir='ltr'>idque</span> <span class='ocrx_word' id='word_1_31' title='bbox 1012 1067 1229 1120; x_wconf 92' lang='lat' dir='ltr'>unum</span> <span class='ocrx_word' id='word_1_32' title='bbox 1296 1044 1631 1139; x_wconf 88' lang='lat' dir='ltr'>oppidum</span> <span class='ocrx_word' id='word_1_33' title='bbox 1696 1069 1969 1122; x_wconf 90' lang='lat' dir='ltr'>omnem</span> <span class='ocrx_word' id='word_1_34' title='bbox 2035 1049 2209 1123; x_wconf 90' lang='lat' dir='ltr'>belli</span> <span class='ocrx_word' id='word_1_35' title='bbox 2265 1051 2518 1123; x_wconf 90' lang='lat' dir='ltr'>molem</span> <span class='ocrx_word' id='word_1_36' title='bbox 2579 1070 2865 1146; x_wconf 87' lang='lat' dir='ltr'>gravem</span> <span class='ocrx_word' id='word_1_37' title='bbox 2931 1052 3000 1125; x_wconf 86' lang='lat' dir='ltr'>et</span> <span class='ocrx_word' id='word_1_38' title='bbox 3057 1068 3416 1122; x_wconf 87' lang='lat' dir='ltr'>onerosam</span> 
     </span>
     <span class='ocr_line' id='line_1_5' title="bbox 309 1160 1892 1257; baseline 0.004 -22"><span class='ocrx_word' id='word_1_39' title='bbox 309 1160 521 1237; x_wconf 80' lang='lat' dir='ltr'>annis</span> <span class='ocrx_word' id='word_1_40' title='bbox 574 1162 901 1255; x_wconf 82' lang='lat' dir='ltr'>pluribus</span> <span class='ocrx_word' id='word_1_41' title='bbox 954 1165 1256 1257; x_wconf 85' lang='lat' dir='ltr'>pertulit</span> <span class='ocrx_word' id='word_1_42' title='bbox 1310 1170 1381 1241; x_wconf 87' lang='lat' dir='ltr'>et</span> <span class='ocrx_word' id='word_1_43' title='bbox 1434 1167 1892 1243; x_wconf 87' lang='lat' dir='ltr'>sustentavit.</span> 
     </span>
    </p>
   </div>
   <div class='ocr_carea' id='block_1_3' title="bbox 426 1529 3328 1729">
    <p class='ocr_par' dir='ltr' id='par_1_3' title="bbox 426 1529 3328 1729">
     <span class='ocr_line' id='line_1_6' title="bbox 426 1529 3328 1628; baseline 0.001 -23"><span class='ocrx_word' id='word_1_44' title='bbox 426 1530 725 1605; x_wconf 71' lang='lat' dir='ltr'>omn-</span> <span class='ocrx_word' id='word_1_45' title='bbox 768 1529 1122 1621; x_wconf 68' lang='lat' dir='ltr'>monui-g</span> <span class='ocrx_word' id='word_1_46' title='bbox 1164 1532 1247 1604; x_wconf 76' lang='lat' dir='ltr'>ab</span> <span class='ocrx_word' id='word_1_47' title='bbox 1288 1531 1621 1607; x_wconf 70' lang='lat' dir='ltr'>Elisabeth</span> <span class='ocrx_word' id='word_1_48' title='bbox 1663 1534 1911 1625; x_wconf 75' lang='lat' dir='ltr'>Regina</span> <span class='ocrx_word' id='word_1_49' title='bbox 1952 1535 2310 1625; x_wconf 64' lang='lat' dir='ltr'>obscenum,</span> <span class='ocrx_word' id='word_1_50' title='bbox 2357 1554 2472 1628; x_wconf 73' lang='lat' dir='ltr'>por</span> <span class='ocrx_word' id='word_1_51' title='bbox 2515 1538 2831 1611; x_wconf 65' lang='grc' dir='ltr'>Δώσω</span> <span class='ocrx_word' id='word_1_52' title='bbox 2873 1538 2958 1611; x_wconf 76' lang='lat' dir='ltr'>do</span> <span class='ocrx_word' id='word_1_53' title='bbox 3003 1538 3328 1611; x_wconf 70' lang='lat' dir='ltr'>maozin</span> 
     </span>
     <span class='ocr_line' id='line_1_7' title="bbox 1702 1652 3120 1729; baseline 0.011 0"><span class='ocrx_word' id='word_1_54' title='bbox 1702 1654 2037 1729; x_wconf 76' lang='lat' dir='ltr'>liberatur.</span> <span class='ocrx_word' id='word_1_55' title='bbox 3113 1652 3120 1659; x_wconf 67' lang='grc'>’</span> 
     </span>
    </p>
   </div>
   <div class='ocr_carea' id='block_1_4' title="bbox 314 1892 3422 4637">
    <p class='ocr_par' dir='ltr' id='par_1_4' title="bbox 314 1892 3422 4637">
     <span class='ocr_line' id='line_1_8' title="bbox 526 1892 3414 1991; baseline 0 -23"><span class='ocrx_word' id='word_1_56' title='bbox 526 1892 1057 1987; x_wconf 77' lang='lat' dir='ltr'>conquisitione</span> <span class='ocrx_word' id='word_1_57' title='bbox 1110 1895 1349 1988; x_wconf 85' lang='lat' dir='ltr'>oppidi</span> <span class='ocrx_word' id='word_1_58' title='bbox 1386 1897 1775 1971; x_wconf 81' lang='lat' dir='ltr'>Keszmark</span> <span class='ocrx_word' id='word_1_59' title='bbox 1829 1896 2200 1970; x_wconf 76' lang='lat' dir='ltr'>Elisabeth</span> <span class='ocrx_word' id='word_1_60' title='bbox 2237 1896 2510 1991; x_wconf 84' lang='lat' dir='ltr'>Regina</span> <span class='ocrx_word' id='word_1_61' title='bbox 2547 1898 2763 1986; x_wconf 86' lang='lat' dir='ltr'>elata,</span> <span class='ocrx_word' id='word_1_62' title='bbox 2821 1902 3128 1971; x_wconf 87' lang='lat' dir='ltr'>castrum</span> <span class='ocrx_word' id='word_1_63' title='bbox 3166 1898 3414 1970; x_wconf 69' lang='lat' dir='ltr'>Praes-</span> 
     </span>
     <span class='ocr_line' id='line_1_9' title="bbox 314 2014 3415 2110; baseline -0 -22"><span class='ocrx_word' id='word_1_64' title='bbox 314 2017 499 2108; x_wconf 83' lang='lat' dir='ltr'>burg</span> <span class='ocrx_word' id='word_1_65' title='bbox 538 2015 615 2104; x_wconf 90' lang='lat'>¹),</span> <span class='ocrx_word' id='word_1_66' title='bbox 676 2014 861 2107; x_wconf 86' lang='lat' dir='ltr'>quod</span> <span class='ocrx_word' id='word_1_67' title='bbox 924 2018 1075 2087; x_wconf 88' lang='lat' dir='ltr'>erat</span> <span class='ocrx_word' id='word_1_68' title='bbox 1138 2014 1215 2087; x_wconf 88' lang='lat' dir='ltr'>in</span> <span class='ocrx_word' id='word_1_69' title='bbox 1276 2014 1653 2088; x_wconf 75' lang='lat' dir='ltr'>wladislai</span> <span class='ocrx_word' id='word_1_70' title='bbox 1719 2015 1936 2109; x_wconf 88' lang='lat' dir='ltr'>Regis</span> <span class='ocrx_word' id='word_1_71' title='bbox 2002 2016 2429 2106; x_wconf 87' lang='lat' dir='ltr'>obedientia,</span> <span class='ocrx_word' id='word_1_72' title='bbox 2505 2022 2576 2090; x_wconf 91' lang='lat' dir='ltr'>et</span> <span class='ocrx_word' id='word_1_73' title='bbox 2645 2038 2771 2110; x_wconf 89' lang='lat' dir='ltr'>per</span> <span class='ocrx_word' id='word_1_74' title='bbox 2831 2018 3264 2110; x_wconf 78' lang='lat' dir='ltr'><strong>Stephanum</strong></span> <span class='ocrx_word' id='word_1_75' title='bbox 3329 2016 3415 2088; x_wconf 88' lang='lat' dir='ltr'>de</span> 
     </span>
     <span class='ocr_line' id='line_1_10' title="bbox 315 2133 3417 2230; baseline -0 -22"><span class='ocrx_word' id='word_1_76' title='bbox 315 2134 607 2228; x_wconf 78' lang='lat' dir='ltr'>Rozgon</span> <span class='ocrx_word' id='word_1_77' title='bbox 638 2133 700 2225; x_wconf 76' lang='lat'>²)</span> <span class='ocrx_word' id='word_1_78' title='bbox 757 2134 1147 2224; x_wconf 87' lang='lat' dir='ltr'>tenebatur,</span> <span class='ocrx_word' id='word_1_79' title='bbox 1207 2134 1565 2209; x_wconf 82' lang='lat' dir='ltr'>obsidione</span> <span class='ocrx_word' id='word_1_80' title='bbox 1602 2135 1853 2228; x_wconf 82' lang='lat' dir='ltr'>cingit,</span> <span class='ocrx_word' id='word_1_81' title='bbox 1912 2139 1982 2209; x_wconf 89' lang='lat' dir='ltr'>et</span> <span class='ocrx_word' id='word_1_82' title='bbox 2036 2156 2160 2228; x_wconf 86' lang='lat' dir='ltr'>pro</span> <span class='ocrx_word' id='word_1_83' title='bbox 2199 2136 2351 2210; x_wconf 91' lang='lat' dir='ltr'>eius</span> <span class='ocrx_word' id='word_1_84' title='bbox 2405 2136 2916 2230; x_wconf 78' lang='lat' dir='ltr'>conquisitione</span> <span class='ocrx_word' id='word_1_85' title='bbox 2972 2137 3417 2211; x_wconf 86' lang='lat' dir='ltr'>vehementer</span> 
     </span>
     <span class='ocr_line' id='line_1_11' title="bbox 316 2245 3416 2347; baseline 0 -20"><span class='ocrx_word' id='word_1_86' title='bbox 316 2255 635 2328; x_wconf 79' lang='lat' dir='ltr'>insudat:</span> <span class='ocrx_word' id='word_1_87' title='bbox 710 2258 793 2328; x_wconf 91' lang='lat' dir='ltr'>ut</span> <span class='ocrx_word' id='word_1_88' title='bbox 846 2275 924 2328; x_wconf 91' lang='lat' dir='ltr'>eo</span> <span class='ocrx_word' id='word_1_89' title='bbox 978 2254 1052 2328; x_wconf 91' lang='lat' dir='ltr'>in</span> <span class='ocrx_word' id='word_1_90' title='bbox 1108 2276 1306 2329; x_wconf 88' lang='lat' dir='ltr'>snam</span> <span class='ocrx_word' id='word_1_91' title='bbox 1368 2259 1787 2347; x_wconf 88' lang='lat' dir='ltr'>potestatem</span> <span class='ocrx_word' id='word_1_92' title='bbox 1842 2257 2123 2331; x_wconf 88' lang='lat' dir='ltr'>redacto</span> <span class='ocrx_word' id='word_1_93' title='bbox 2142 2313 2158 2346; x_wconf 94' lang='lat'>,</span> <span class='ocrx_word' id='word_1_94' title='bbox 2227 2278 2539 2331; x_wconf 89' lang='lat' dir='ltr'>securam</span> <span class='ocrx_word' id='word_1_95' title='bbox 2582 2245 3100 2331; x_wconf 70' lang='lat' dir='ltr'>&#39;habitationem</span> <span class='ocrx_word' id='word_1_96' title='bbox 3154 2255 3230 2329; x_wconf 78' lang='lat' dir='ltr'>in</span> <span class='ocrx_word' id='word_1_97' title='bbox 3285 2255 3416 2330; x_wconf 93' lang='lat' dir='ltr'>illo</span> 
     </span>
     <span class='ocr_line' id='line_1_12' title="bbox 314 2374 3411 2470; baseline 0.001 -23"><span class='ocrx_word' id='word_1_98' title='bbox 314 2375 606 2464; x_wconf 87' lang='lat' dir='ltr'>habeat,</span> <span class='ocrx_word' id='word_1_99' title='bbox 662 2378 735 2448; x_wconf 93' lang='lat' dir='ltr'>et</span> <span class='ocrx_word' id='word_1_100' title='bbox 787 2374 1039 2448; x_wconf 86' lang='lat' dir='ltr'>fortius</span> <span class='ocrx_word' id='word_1_101' title='bbox 1094 2375 1486 2449; x_wconf 85' lang='lat' dir='ltr'>Wladislao</span> <span class='ocrx_word' id='word_1_102' title='bbox 1524 2375 1705 2469; x_wconf 84' lang='lat' dir='ltr'>Regi</span> <span class='ocrx_word' id='word_1_103' title='bbox 1759 2382 1828 2450; x_wconf 89' lang='lat' dir='ltr'>et</span> <span class='ocrx_word' id='word_1_104' title='bbox 1864 2376 2013 2450; x_wconf 90' lang='lat' dir='ltr'>suis</span> <span class='ocrx_word' id='word_1_105' title='bbox 2067 2378 2396 2452; x_wconf 88' lang='lat' dir='ltr'>fidelibus</span> <span class='ocrx_word' id='word_1_106' title='bbox 2452 2378 2805 2470; x_wconf 85' lang='lat' dir='ltr'>quaslibet</span> <span class='ocrx_word' id='word_1_107' title='bbox 2857 2378 3116 2451; x_wconf 76' lang='lat' dir='ltr'>inferat</span> <span class='ocrx_word' id='word_1_108' title='bbox 3168 2377 3411 2450; x_wconf 89' lang='lat' dir='ltr'>adver-</span> 
     </span>
     <span class='ocr_line' id='line_1_13' title="bbox 316 2494 3412 2589; baseline 0 -22"><span class='ocrx_word' id='word_1_109' title='bbox 316 2496 589 2569; x_wconf 80' lang='lat' dir='ltr'>sitates.</span> <span class='ocrx_word' id='word_1_110' title='bbox 650 2494 1158 2585; x_wconf 28' lang='lat' dir='ltr'>Arbitrabatur-</span> <span class='ocrx_word' id='word_1_111' title='bbox 1200 2502 1434 2570; x_wconf 91' lang='lat' dir='ltr'>autem</span> <span class='ocrx_word' id='word_1_112' title='bbox 1489 2517 1565 2570; x_wconf 89' lang='lat' dir='ltr'>se</span> <span class='ocrx_word' id='word_1_113' title='bbox 1604 2497 1783 2570; x_wconf 89' lang='lat' dir='ltr'>illud</span> <span class='ocrx_word' id='word_1_114' title='bbox 1839 2498 2045 2572; x_wconf 83' lang='lat' dir='ltr'>facile</span> <span class='ocrx_word' id='word_1_115' title='bbox 2098 2503 2223 2571; x_wconf 88' lang='lat' dir='ltr'>aut</span> <span class='ocrx_word' id='word_1_116' title='bbox 2261 2498 2365 2587; x_wconf 85' lang='lat' dir='ltr'>vi,</span> <span class='ocrx_word' id='word_1_117' title='bbox 2426 2504 2550 2571; x_wconf 89' lang='lat' dir='ltr'>aut</span> <span class='ocrx_word' id='word_1_118' title='bbox 2602 2498 2958 2571; x_wconf 90' lang='lat' dir='ltr'>deditione</span> <span class='ocrx_word' id='word_1_119' title='bbox 3010 2518 3216 2589; x_wconf 90' lang='lat' dir='ltr'>posse</span> <span class='ocrx_word' id='word_1_120' title='bbox 3251 2516 3412 2570; x_wconf 81' lang='lat' dir='ltr'>con-</span> 
     </span>
     <span class='ocr_line' id='line_1_14' title="bbox 316 2616 3418 2711; baseline 0 -23"><span class='ocrx_word' id='word_1_121' title='bbox 316 2616 627 2708; x_wconf 89' lang='lat' dir='ltr'>quirere,</span> <span class='ocrx_word' id='word_1_122' title='bbox 694 2620 845 2689; x_wconf 88' lang='lat' dir='ltr'>tum</span> <span class='ocrx_word' id='word_1_123' title='bbox 902 2616 1067 2709; x_wconf 88' lang='lat' dir='ltr'>quia</span> <span class='ocrx_word' id='word_1_124' title='bbox 1128 2617 1385 2691; x_wconf 90' lang='lat' dir='ltr'>civitas</span> <span class='ocrx_word' id='word_1_125' title='bbox 1435 2618 1831 2711; x_wconf 81' lang='lat' dir='ltr'>Przesburg</span> <span class='ocrx_word' id='word_1_126' title='bbox 1862 2618 1925 2708; x_wconf 74' lang='lat'>²¹)</span> <span class='ocrx_word' id='word_1_127' title='bbox 1992 2624 2143 2692; x_wconf 84' lang='lat' dir='ltr'>erat</span> <span class='ocrx_word' id='word_1_128' title='bbox 2197 2618 2271 2691; x_wconf 89' lang='lat' dir='ltr'>in</span> <span class='ocrx_word' id='word_1_129' title='bbox 2327 2618 2480 2692; x_wconf 90' lang='lat' dir='ltr'>eius</span> <span class='ocrx_word' id='word_1_130' title='bbox 2534 2619 2670 2693; x_wconf 87' lang='lat' dir='ltr'>fide</span> <span class='ocrx_word' id='word_1_131' title='bbox 2733 2624 2804 2691; x_wconf 93' lang='lat' dir='ltr'>et</span> <span class='ocrx_word' id='word_1_132' title='bbox 2857 2616 3285 2706; x_wconf 87' lang='lat' dir='ltr'>obedientia,</span> <span class='ocrx_word' id='word_1_133' title='bbox 3343 2622 3418 2689; x_wconf 88' lang='lat' dir='ltr'>et</span> 
     </span>
     <span class='ocr_line' id='line_1_15' title="bbox 317 2736 3412 2833; baseline 0.001 -24"><span class='ocrx_word' id='word_1_134' title='bbox 317 2736 396 2809; x_wconf 89' lang='lat' dir='ltr'>in</span> <span class='ocrx_word' id='word_1_135' title='bbox 447 2736 579 2810; x_wconf 91' lang='lat' dir='ltr'>illa</span> <span class='ocrx_word' id='word_1_136' title='bbox 630 2742 775 2810; x_wconf 84' lang='lat' dir='ltr'>tam</span> <span class='ocrx_word' id='word_1_137' title='bbox 828 2738 1103 2831; x_wconf 86' lang='lat' dir='ltr'>Regina</span> <span class='ocrx_word' id='word_1_138' title='bbox 1156 2738 1555 2829; x_wconf 84' lang='lat' dir='ltr'>Elisabeth,</span> <span class='ocrx_word' id='word_1_139' title='bbox 1616 2761 1823 2831; x_wconf 88' lang='lat' dir='ltr'>quam</span> <span class='ocrx_word' id='word_1_140' title='bbox 1876 2744 2121 2833; x_wconf 88' lang='lat' dir='ltr'>gentes</span> <span class='ocrx_word' id='word_1_141' title='bbox 2178 2739 2378 2812; x_wconf 87' lang='lat' dir='ltr'>illius</span> <span class='ocrx_word' id='word_1_142' title='bbox 2415 2759 2656 2813; x_wconf 88' lang='lat' dir='ltr'>secure</span> <span class='ocrx_word' id='word_1_143' title='bbox 2711 2738 2786 2811; x_wconf 93' lang='lat' dir='ltr'>in</span> <span class='ocrx_word' id='word_1_144' title='bbox 2839 2737 3268 2811; x_wconf 83' lang='lat' dir='ltr'>abundantia</span> <span class='ocrx_word' id='word_1_145' title='bbox 3305 2754 3412 2811; x_wconf 80' lang='lat' dir='ltr'>re·</span> 
     </span>
     <span class='ocr_line' id='line_1_16' title="bbox 316 2857 3414 2951; baseline -0 -20"><span class='ocrx_word' id='word_1_146' title='bbox 316 2880 475 2931; x_wconf 86' lang='lat' dir='ltr'>rum</span> <span class='ocrx_word' id='word_1_147' title='bbox 530 2857 839 2931; x_wconf 82' lang='lat' dir='ltr'>omnium</span> <span class='ocrx_word' id='word_1_148' title='bbox 876 2857 1345 2933; x_wconf 90' lang='lat' dir='ltr'>continuando</span> <span class='ocrx_word' id='word_1_149' title='bbox 1382 2859 1785 2931; x_wconf 87' lang='lat' dir='ltr'>huiusmodi</span> <span class='ocrx_word' id='word_1_150' title='bbox 1822 2858 2279 2949; x_wconf 77' lang='lat' dir='ltr'>obsidionem,</span> <span class='ocrx_word' id='word_1_151' title='bbox 2319 2860 2674 2949; x_wconf 85' lang='lat' dir='ltr'>manebat,</span> <span class='ocrx_word' id='word_1_152' title='bbox 2714 2864 2864 2932; x_wconf 89' lang='lat' dir='ltr'>tum</span> <span class='ocrx_word' id='word_1_153' title='bbox 2904 2858 3088 2951; x_wconf 89' lang='lat' dir='ltr'>quod</span> <span class='ocrx_word' id='word_1_154' title='bbox 3125 2858 3414 2946; x_wconf 84' lang='lat' dir='ltr'>sciebat,</span> 
     </span>
     <span class='ocr_line' id='line_1_17' title="bbox 318 2968 3416 3072; baseline -0 -21"><span class='ocrx_word' id='word_1_155' title='bbox 318 2968 630 3051; x_wconf 82' lang='lat' dir='ltr'>castrum</span> <span class='ocrx_word' id='word_1_156' title='bbox 683 2977 994 3051; x_wconf 88' lang='lat' dir='ltr'>tenuiter</span> <span class='ocrx_word' id='word_1_157' title='bbox 1046 2977 1477 3052; x_wconf 77' lang='lat' dir='ltr'>victualibus</span> <span class='ocrx_word' id='word_1_158' title='bbox 1512 2998 1667 3052; x_wconf 90' lang='lat' dir='ltr'>esse</span> <span class='ocrx_word' id='word_1_159' title='bbox 1720 2978 2109 3071; x_wconf 65' lang='lat' dir='ltr'>provisum·</span> <span class='ocrx_word' id='word_1_160' title='bbox 2159 2978 2296 3051; x_wconf 90' lang='lat' dir='ltr'>His</span> <span class='ocrx_word' id='word_1_161' title='bbox 2334 2979 2540 3052; x_wconf 87' lang='lat' dir='ltr'>malis</span> <span class='ocrx_word' id='word_1_162' title='bbox 2593 2978 2979 3072; x_wconf 84' lang='lat' dir='ltr'>plurimum</span> <span class='ocrx_word' id='word_1_163' title='bbox 3017 2978 3416 3071; x_wconf 82' lang='lat' dir='ltr'>Stephanus</span> 
     </span>
     <span class='ocr_line' id='line_1_18' title="bbox 317 3093 3418 3191; baseline 0 -20"><span class='ocrx_word' id='word_1_164' title='bbox 317 3097 406 3171; x_wconf 84' lang='lat' dir='ltr'>de</span> <span class='ocrx_word' id='word_1_165' title='bbox 460 3098 747 3191; x_wconf 75' lang='lat' dir='ltr'>Rozgon</span> <span class='ocrx_word' id='word_1_166' title='bbox 799 3098 1273 3191; x_wconf 88' lang='lat' dir='ltr'>angustiatus,</span> <span class='ocrx_word' id='word_1_167' title='bbox 1328 3098 1417 3171; x_wconf 86' lang='lat' dir='ltr'>ad</span> <span class='ocrx_word' id='word_1_168' title='bbox 1446 3098 1915 3172; x_wconf 89' lang='lat' dir='ltr'>Wladislaum</span> <span class='ocrx_word' id='word_1_169' title='bbox 1952 3098 2215 3191; x_wconf 84' lang='lat' dir='ltr'>Regem</span> <span class='ocrx_word' id='word_1_170' title='bbox 2272 3098 2542 3173; x_wconf 75' lang='lat' dir='ltr'>Budam</span> <span class='ocrx_word' id='word_1_171' title='bbox 2598 3098 2824 3187; x_wconf 84' lang='lat' dir='ltr'>venit,</span> <span class='ocrx_word' id='word_1_172' title='bbox 2883 3093 3240 3172; x_wconf 86' lang='lat' dir='ltr'>subveniri</span> <span class='ocrx_word' id='word_1_173' title='bbox 3281 3096 3418 3171; x_wconf 90' lang='lat' dir='ltr'>sibi</span> 
     </span>
     <span class='ocr_line' id='line_1_19' title="bbox 318 3218 3417 3312; baseline -0.001 -19"><span class='ocrx_word' id='word_1_174' title='bbox 318 3222 394 3294; x_wconf 84' lang='lat' dir='ltr'>et</span> <span class='ocrx_word' id='word_1_175' title='bbox 446 3223 673 3292; x_wconf 82' lang='lat' dir='ltr'>castro</span> <span class='ocrx_word' id='word_1_176' title='bbox 728 3219 1124 3312; x_wconf 78' lang='lat' dir='ltr'>Przesburg</span> <span class='ocrx_word' id='word_1_177' title='bbox 1152 3219 1219 3311; x_wconf 79' lang='grc'>4)</span> <span class='ocrx_word' id='word_1_178' title='bbox 1272 3218 1645 3312; x_wconf 85' lang='lat' dir='ltr'>efflagitat,</span> <span class='ocrx_word' id='word_1_179' title='bbox 1719 3218 1794 3292; x_wconf 91' lang='lat' dir='ltr'>in</span> <span class='ocrx_word' id='word_1_180' title='bbox 1860 3224 2121 3311; x_wconf 86' lang='lat' dir='ltr'>quanto</span> <span class='ocrx_word' id='word_1_181' title='bbox 2185 3219 2282 3291; x_wconf 90' lang='lat' dir='ltr'>sit</span> <span class='ocrx_word' id='word_1_182' title='bbox 2344 3219 2692 3311; x_wconf 88' lang='lat' dir='ltr'>periculo,</span> <span class='ocrx_word' id='word_1_183' title='bbox 2757 3218 2832 3293; x_wconf 91' lang='lat' dir='ltr'>ni</span> <span class='ocrx_word' id='word_1_184' title='bbox 2887 3220 3210 3293; x_wconf 83' lang='lat' dir='ltr'>celeriter</span> <span class='ocrx_word' id='word_1_185' title='bbox 3261 3235 3417 3291; x_wconf 85' lang='lat' dir='ltr'>suc·</span> 
     </span>
     <span class='ocr_line' id='line_1_20' title="bbox 320 3338 3418 3430; baseline -0.001 -17"><span class='ocrx_word' id='word_1_186' title='bbox 320 3342 667 3429; x_wconf 84' lang='lat' dir='ltr'>curratur,</span> <span class='ocrx_word' id='word_1_187' title='bbox 724 3338 1118 3413; x_wconf 82' lang='lat' dir='ltr'>denuntiat.</span> <span class='ocrx_word' id='word_1_188' title='bbox 1187 3339 1625 3412; x_wconf 85' lang='lat' dir='ltr'>Wladislaus</span> <span class='ocrx_word' id='word_1_189' title='bbox 1678 3339 1836 3412; x_wconf 81' lang='lat' dir='ltr'>Rex</span> <span class='ocrx_word' id='word_1_190' title='bbox 1899 3338 2211 3430; x_wconf 88' lang='lat' dir='ltr'>periculo</span> <span class='ocrx_word' id='word_1_191' title='bbox 2274 3338 2678 3412; x_wconf 84' lang='lat' dir='ltr'>huiusmodi</span> <span class='ocrx_word' id='word_1_192' title='bbox 2742 3344 3008 3427; x_wconf 88' lang='lat' dir='ltr'>motus,</span> <span class='ocrx_word' id='word_1_193' title='bbox 3085 3338 3418 3411; x_wconf 87' lang='lat' dir='ltr'>continuo</span> 
     </span>
     <span class='ocr_line' id='line_1_21' title="bbox 320 3458 3422 3552; baseline -0.001 -19"><span class='ocrx_word' id='word_1_194' title='bbox 320 3460 675 3534; x_wconf 76' lang='lat' dir='ltr'>Andrean</span> <span class='ocrx_word' id='word_1_195' title='bbox 729 3460 814 3533; x_wconf 78' lang='lat' dir='ltr'>de</span> <span class='ocrx_word' id='word_1_196' title='bbox 852 3460 1206 3535; x_wconf 78' lang='lat' dir='ltr'>Thanczin</span> <span class='ocrx_word' id='word_1_197' title='bbox 1258 3480 1414 3535; x_wconf 86' lang='lat' dir='ltr'>cum</span> <span class='ocrx_word' id='word_1_198' title='bbox 1454 3459 1769 3533; x_wconf 85' lang='lat' dir='ltr'>exercitu</span> <span class='ocrx_word' id='word_1_199' title='bbox 1823 3459 1897 3531; x_wconf 91' lang='lat' dir='ltr'>in</span> <span class='ocrx_word' id='word_1_200' title='bbox 1936 3459 2267 3552; x_wconf 89' lang='lat' dir='ltr'>oppidum</span> <span class='ocrx_word' id='word_1_201' title='bbox 2305 3460 2688 3532; x_wconf 82' lang='lat' dir='ltr'>Tharnawa</span> <span class='ocrx_word' id='word_1_202' title='bbox 2742 3458 3196 3547; x_wconf 84' lang='lat' dir='ltr'>transmittit,</span> <span class='ocrx_word' id='word_1_203' title='bbox 3253 3459 3422 3532; x_wconf 80' lang='lat' dir='ltr'>data</span> 
     </span>
     <span class='ocr_line' id='line_1_22' title="bbox 322 3578 3422 3673; baseline -0 -19"><span class='ocrx_word' id='word_1_204' title='bbox 322 3579 459 3654; x_wconf 88' lang='lat' dir='ltr'>sibi</span> <span class='ocrx_word' id='word_1_205' title='bbox 516 3580 981 3673; x_wconf 87' lang='lat' dir='ltr'>instructione</span> <span class='ocrx_word' id='word_1_206' title='bbox 1034 3584 1105 3654; x_wconf 92' lang='lat' dir='ltr'>et</span> <span class='ocrx_word' id='word_1_207' title='bbox 1158 3580 1517 3668; x_wconf 89' lang='lat' dir='ltr'>mandato,</span> <span class='ocrx_word' id='word_1_208' title='bbox 1582 3584 1665 3651; x_wconf 92' lang='lat' dir='ltr'>ut</span> <span class='ocrx_word' id='word_1_209' title='bbox 1716 3584 1962 3673; x_wconf 89' lang='lat' dir='ltr'>gentes</span> <span class='ocrx_word' id='word_1_210' title='bbox 2018 3579 2330 3671; x_wconf 85' lang='lat' dir='ltr'>Reginae</span> <span class='ocrx_word' id='word_1_211' title='bbox 2385 3578 2787 3653; x_wconf 89' lang='lat' dir='ltr'>obsidentes</span> <span class='ocrx_word' id='word_1_212' title='bbox 2851 3600 3060 3672; x_wconf 83' lang='lat' dir='ltr'>quam</span> <span class='ocrx_word' id='word_1_213' title='bbox 3115 3578 3422 3653; x_wconf 82' lang='lat' dir='ltr'>maxime</span> 
     </span>
     <span class='ocr_line' id='line_1_23' title="bbox 321 3698 3420 3794; baseline -0.001 -21"><span class='ocrx_word' id='word_1_214' title='bbox 321 3700 899 3794; x_wconf 87' lang='lat' dir='ltr'>populationibus</span> <span class='ocrx_word' id='word_1_215' title='bbox 954 3701 1352 3793; x_wconf 90' lang='lat' dir='ltr'>prohibeat,</span> <span class='ocrx_word' id='word_1_216' title='bbox 1412 3705 1481 3774; x_wconf 91' lang='lat' dir='ltr'>et</span> <span class='ocrx_word' id='word_1_217' title='bbox 1534 3700 1687 3793; x_wconf 87' lang='lat' dir='ltr'>ipse</span> <span class='ocrx_word' id='word_1_218' title='bbox 1740 3700 1815 3773; x_wconf 91' lang='lat' dir='ltr'>in</span> <span class='ocrx_word' id='word_1_219' title='bbox 1870 3698 2171 3773; x_wconf 89' lang='lat' dir='ltr'>circuitu</span> <span class='ocrx_word' id='word_1_220' title='bbox 2227 3699 2542 3774; x_wconf 88' lang='lat' dir='ltr'>civitatis</span> <span class='ocrx_word' id='word_1_221' title='bbox 2596 3699 2990 3793; x_wconf 79' lang='lat' dir='ltr'>Przesburg</span> <span class='ocrx_word' id='word_1_222' title='bbox 3019 3698 3084 3789; x_wconf 70' lang='lat'>³)</span> <span class='ocrx_word' id='word_1_223' title='bbox 3139 3698 3420 3791; x_wconf 85' lang='lat' dir='ltr'>singula</span> 
     </span>
     <span class='ocr_line' id='line_1_24' title="bbox 322 3818 3416 3915; baseline -0.001 -21"><span class='ocrx_word' id='word_1_224' title='bbox 322 3822 789 3915; x_wconf 87' lang='lat' dir='ltr'>depopuletur</span> <span class='ocrx_word' id='word_1_225' title='bbox 842 3826 913 3894; x_wconf 92' lang='lat' dir='ltr'>et</span> <span class='ocrx_word' id='word_1_226' title='bbox 968 3825 1231 3910; x_wconf 89' lang='lat' dir='ltr'>vastet,</span> <span class='ocrx_word' id='word_1_227' title='bbox 1288 3824 1653 3914; x_wconf 86' lang='lat' dir='ltr'>castroque</span> <span class='ocrx_word' id='word_1_228' title='bbox 1690 3821 2083 3913; x_wconf 84' lang='lat' dir='ltr'>Przesburg</span> <span class='ocrx_word' id='word_1_229' title='bbox 2110 3821 2176 3910; x_wconf 80' lang='lat'>⁶)</span> <span class='ocrx_word' id='word_1_230' title='bbox 2231 3825 2301 3894; x_wconf 92' lang='lat' dir='ltr'>et</span> <span class='ocrx_word' id='word_1_231' title='bbox 2338 3820 2644 3894; x_wconf 88' lang='lat' dir='ltr'>obsessis</span> <span class='ocrx_word' id='word_1_232' title='bbox 2701 3841 2908 3912; x_wconf 87' lang='lat' dir='ltr'>quam</span> <span class='ocrx_word' id='word_1_233' title='bbox 2961 3818 3264 3912; x_wconf 90' lang='lat' dir='ltr'>primum</span> <span class='ocrx_word' id='word_1_234' title='bbox 3305 3840 3416 3892; x_wconf 89' lang='lat' dir='ltr'>co-</span> 
     </span>
     <span class='ocr_line' id='line_1_25' title="bbox 323 3935 3416 4034; baseline -0.001 -19"><span class='ocrx_word' id='word_1_235' title='bbox 323 3941 512 4034; x_wconf 86' lang='lat' dir='ltr'>piam</span> <span class='ocrx_word' id='word_1_236' title='bbox 564 3941 983 4015; x_wconf 82' lang='lat' dir='ltr'>victualium</span> <span class='ocrx_word' id='word_1_237' title='bbox 1040 3942 1551 4015; x_wconf 85' lang='lat' dir='ltr'>subministret.</span> <span class='ocrx_word' id='word_1_238' title='bbox 1625 3943 1701 4014; x_wconf 91' lang='lat' dir='ltr'>Is</span> <span class='ocrx_word' id='word_1_239' title='bbox 1756 3948 1989 4015; x_wconf 87' lang='lat' dir='ltr'>antem</span> <span class='ocrx_word' id='word_1_240' title='bbox 2044 3940 2119 4014; x_wconf 93' lang='lat' dir='ltr'>in</span> <span class='ocrx_word' id='word_1_241' title='bbox 2175 3942 2626 4014; x_wconf 78' lang='lat' dir='ltr'>Tharnawam</span> <span class='ocrx_word' id='word_1_242' title='bbox 2683 3962 2838 4013; x_wconf 87' lang='lat' dir='ltr'>cum</span> <span class='ocrx_word' id='word_1_243' title='bbox 2895 3935 3208 4014; x_wconf 82' lang='lat' dir='ltr'>exercitu</span> <span class='ocrx_word' id='word_1_244' title='bbox 3263 3960 3416 4032; x_wconf 89' lang='lat' dir='ltr'>per·</span> 
     </span>
     <span class='ocr_line' id='line_1_26' title="bbox 325 4060 3417 4156; baseline 0 -22"><span class='ocrx_word' id='word_1_245' title='bbox 325 4062 637 4151; x_wconf 78' lang='lat' dir='ltr'>venienS,</span> <span class='ocrx_word' id='word_1_246' title='bbox 696 4062 1059 4137; x_wconf 81' lang='lat' dir='ltr'>civitatem</span> <span class='ocrx_word' id='word_1_247' title='bbox 1112 4063 1507 4156; x_wconf 82' lang='lat' dir='ltr'>Przesburg</span> <span class='ocrx_word' id='word_1_248' title='bbox 1538 4063 1599 4152; x_wconf 79' lang='lat'>⁷)</span> <span class='ocrx_word' id='word_1_249' title='bbox 1654 4060 1900 4136; x_wconf 85' lang='lat' dir='ltr'>multis</span> <span class='ocrx_word' id='word_1_250' title='bbox 1954 4061 2262 4150; x_wconf 87' lang='lat' dir='ltr'>damnis,</span> <span class='ocrx_word' id='word_1_251' title='bbox 2320 4060 2570 4153; x_wconf 89' lang='lat' dir='ltr'>spoliis</span> <span class='ocrx_word' id='word_1_252' title='bbox 2625 4066 2695 4135; x_wconf 92' lang='lat' dir='ltr'>et</span> <span class='ocrx_word' id='word_1_253' title='bbox 2732 4060 3186 4135; x_wconf 88' lang='lat' dir='ltr'>incommodis</span> <span class='ocrx_word' id='word_1_254' title='bbox 3240 4060 3417 4135; x_wconf 76' lang='lat' dir='ltr'>infe-</span> 
     </span>
     <span class='ocr_line' id='line_1_27' title="bbox 328 4180 3415 4277; baseline -0.001 -22"><span class='ocrx_word' id='word_1_255' title='bbox 328 4188 504 4272; x_wconf 82' lang='lat' dir='ltr'>stat,</span> <span class='ocrx_word' id='word_1_256' title='bbox 560 4183 793 4256; x_wconf 89' lang='lat' dir='ltr'>omnia</span> <span class='ocrx_word' id='word_1_257' title='bbox 845 4205 1097 4277; x_wconf 88' lang='lat' dir='ltr'>pecora</span> <span class='ocrx_word' id='word_1_258' title='bbox 1148 4188 1219 4257; x_wconf 89' lang='lat' dir='ltr'>et</span> <span class='ocrx_word' id='word_1_259' title='bbox 1271 4183 1573 4275; x_wconf 89' lang='lat' dir='ltr'>pecudes</span> <span class='ocrx_word' id='word_1_260' title='bbox 1628 4181 1943 4256; x_wconf 87' lang='lat' dir='ltr'>civitatis</span> <span class='ocrx_word' id='word_1_261' title='bbox 1998 4184 2258 4265; x_wconf 87' lang='lat' dir='ltr'>aufert,</span> <span class='ocrx_word' id='word_1_262' title='bbox 2327 4181 2744 4255; x_wconf 88' lang='lat' dir='ltr'>suburbium</span> <span class='ocrx_word' id='word_1_263' title='bbox 2797 4180 2959 4274; x_wconf 85' lang='lat' dir='ltr'>igne</span> <span class='ocrx_word' id='word_1_264' title='bbox 3011 4182 3415 4274; x_wconf 86' lang='lat' dir='ltr'>conflagrat,</span> 
     </span>
     <span class='ocr_line' id='line_1_28' title="bbox 325 4300 3418 4397; baseline -0 -22"><span class='ocrx_word' id='word_1_265' title='bbox 325 4303 740 4377; x_wconf 83' lang='lat' dir='ltr'>victualium</span> <span class='ocrx_word' id='word_1_266' title='bbox 793 4325 1117 4397; x_wconf 83' lang='lat' dir='ltr'>magnam</span> <span class='ocrx_word' id='word_1_267' title='bbox 1155 4303 1623 4396; x_wconf 87' lang='lat' dir='ltr'>quantitatem</span> <span class='ocrx_word' id='word_1_268' title='bbox 1660 4307 1891 4375; x_wconf 89' lang='lat' dir='ltr'>castro</span> <span class='ocrx_word' id='word_1_269' title='bbox 1927 4303 2108 4376; x_wconf 85' lang='lat' dir='ltr'>fame</span> <span class='ocrx_word' id='word_1_270' title='bbox 2145 4301 2496 4375; x_wconf 86' lang='lat' dir='ltr'>laboranti</span> <span class='ocrx_word' id='word_1_271' title='bbox 2535 4300 3060 4391; x_wconf 85' lang='lat' dir='ltr'>subministrat,</span> <span class='ocrx_word' id='word_1_272' title='bbox 3117 4306 3188 4374; x_wconf 95' lang='lat' dir='ltr'>et</span> <span class='ocrx_word' id='word_1_273' title='bbox 3218 4322 3418 4375; x_wconf 88' lang='lat' dir='ltr'>omne</span> 
     </span>
     <span class='ocr_line' id='line_1_29' title="bbox 326 4420 3414 4517; baseline -0.001 -20"><span class='ocrx_word' id='word_1_274' title='bbox 326 4424 509 4517; x_wconf 88' lang='lat' dir='ltr'>quod</span> <span class='ocrx_word' id='word_1_275' title='bbox 562 4428 790 4498; x_wconf 88' lang='lat' dir='ltr'>castro</span> <span class='ocrx_word' id='word_1_276' title='bbox 855 4423 1265 4498; x_wconf 86' lang='lat' dir='ltr'>imminebat</span> <span class='ocrx_word' id='word_1_277' title='bbox 1318 4423 1741 4516; x_wconf 87' lang='lat' dir='ltr'>periculum,</span> <span class='ocrx_word' id='word_1_278' title='bbox 1808 4443 1935 4495; x_wconf 88' lang='lat' dir='ltr'>suo</span> <span class='ocrx_word' id='word_1_279' title='bbox 1988 4423 2297 4496; x_wconf 81' lang='lat' dir='ltr'>adventu</span> <span class='ocrx_word' id='word_1_280' title='bbox 2362 4423 2562 4515; x_wconf 85' lang='lat' dir='ltr'>fugat</span> <span class='ocrx_word' id='word_1_281' title='bbox 2615 4426 2698 4495; x_wconf 84' lang='lat' dir='ltr'>et·</span> <span class='ocrx_word' id='word_1_282' title='bbox 2738 4420 3104 4511; x_wconf 88' lang='lat' dir='ltr'>dissolvit,</span> <span class='ocrx_word' id='word_1_283' title='bbox 3171 4440 3414 4514; x_wconf 83' lang='lat' dir='ltr'>prope-</span> 
     </span>
     <span class='ocr_line' id='line_1_30' title="bbox 329 4540 3420 4637; baseline -0.001 -20"><span class='ocrx_word' id='word_1_284' title='bbox 329 4564 461 4637; x_wconf 89' lang='lat' dir='ltr'>que</span> <span class='ocrx_word' id='word_1_285' title='bbox 516 4542 687 4633; x_wconf 82' lang='lat' dir='ltr'>fuit,</span> <span class='ocrx_word' id='word_1_286' title='bbox 740 4546 823 4616; x_wconf 88' lang='lat' dir='ltr'>ut</span> <span class='ocrx_word' id='word_1_287' title='bbox 857 4544 1025 4618; x_wconf 87' lang='lat' dir='ltr'>urbs</span> <span class='ocrx_word' id='word_1_288' title='bbox 1080 4548 1283 4619; x_wconf 86' lang='lat' dir='ltr'>nocte</span> <span class='ocrx_word' id='word_1_289' title='bbox 1319 4544 1618 4637; x_wconf 82' lang='lat' dir='ltr'>quadam</span> <span class='ocrx_word' id='word_1_290' title='bbox 1672 4544 1758 4617; x_wconf 88' lang='lat' dir='ltr'>ab</span> <span class='ocrx_word' id='word_1_291' title='bbox 1798 4564 1874 4617; x_wconf 91' lang='lat' dir='ltr'>eo</span> <span class='ocrx_word' id='word_1_292' title='bbox 1930 4548 2318 4635; x_wconf 86' lang='lat' dir='ltr'>caperetur.</span> <span class='ocrx_word' id='word_1_293' title='bbox 2375 4542 2628 4633; x_wconf 88' lang='lat' dir='ltr'>Itaque</span> <span class='ocrx_word' id='word_1_294' title='bbox 2682 4540 3166 4616; x_wconf 90' lang='lat' dir='ltr'>obsidentibus</span> <span class='ocrx_word' id='word_1_295' title='bbox 3201 4558 3420 4634; x_wconf 83' lang='lat' dir='ltr'>aeque</span> 
     </span>
    </p>
   </div>
   <div class='ocr_carea' id='block_1_5' title="bbox 326 4660 3418 4859">
    <p class='ocr_par' dir='ltr' id='par_1_5' title="bbox 326 4660 3418 4859">
     <span class='ocr_line' id='line_1_31' title="bbox 326 4660 3418 4757; baseline -0.001 -21"><span class='ocrx_word' id='word_1_296' title='bbox 326 4670 397 4737; x_wconf 91' lang='lat' dir='ltr'>et</span> <span class='ocrx_word' id='word_1_297' title='bbox 448 4662 754 4755; x_wconf 88' lang='lat' dir='ltr'>amplius</span> <span class='ocrx_word' id='word_1_298' title='bbox 809 4684 1016 4757; x_wconf 89' lang='lat' dir='ltr'>quam</span> <span class='ocrx_word' id='word_1_299' title='bbox 1074 4663 1381 4738; x_wconf 89' lang='lat' dir='ltr'>obsessis</span> <span class='ocrx_word' id='word_1_300' title='bbox 1436 4662 1788 4757; x_wconf 76' lang='lat' dir='ltr'>fatigatiS,</span> <span class='ocrx_word' id='word_1_301' title='bbox 1854 4667 2145 4737; x_wconf 87' lang='lat' dir='ltr'>conatus</span> <span class='ocrx_word' id='word_1_302' title='bbox 2211 4660 2580 4736; x_wconf 85' lang='lat' dir='ltr'>Elisabeth</span> <span class='ocrx_word' id='word_1_303' title='bbox 2633 4661 2946 4757; x_wconf 86' lang='lat' dir='ltr'>Reginae</span> <span class='ocrx_word' id='word_1_304' title='bbox 3010 4661 3082 4735; x_wconf 91' lang='lat' dir='ltr'>in</span> <span class='ocrx_word' id='word_1_305' title='bbox 3138 4661 3418 4735; x_wconf 89' lang='lat' dir='ltr'>irritum</span> 
     </span>
     <span class='ocr_line' id='line_1_32' title="bbox 326 4784 754 4859; baseline 0 -2"><span class='ocrx_word' id='word_1_306' title='bbox 326 4784 754 4859; x_wconf 85' lang='lat' dir='ltr'>deciderunt.</span> 
     </span>
    </p>
   </div>
   <div class='ocr_carea' id='block_1_6' title="bbox 328 5068 3424 5367">
    <p class='ocr_par' dir='ltr' id='par_1_6' title="bbox 328 5068 3424 5367">
     <span class='ocr_line' id='line_1_33' title="bbox 540 5068 3424 5158; baseline -0.003 -18"><span class='ocrx_word' id='word_1_307' title='bbox 540 5074 591 5157; x_wconf 87' lang='lat'>¹)</span> <span class='ocrx_word' id='word_1_308' title='bbox 634 5078 1047 5155; x_wconf 77' lang='lat' dir='ltr'>Przeschpurg</span> <span class='ocrx_word' id='word_1_309' title='bbox 1093 5070 1245 5140; x_wconf 78' lang='lat' dir='ltr'>cod.</span> <span class='ocrx_word' id='word_1_310' title='bbox 1272 5072 1406 5139; x_wconf 72' lang='lat' dir='ltr'>Lis.</span> <span class='ocrx_word' id='word_1_311' title='bbox 1450 5075 1785 5153; x_wconf 84' lang='lat' dir='ltr'>Preszburg</span> <span class='ocrx_word' id='word_1_312' title='bbox 1825 5070 1953 5138; x_wconf 78' lang='lat' dir='ltr'>Ed.</span> <span class='ocrx_word' id='word_1_313' title='bbox 1992 5072 2170 5158; x_wconf 75' lang='lat' dir='ltr'>Lips.</span> <span class='ocrx_word' id='word_1_314' title='bbox 2219 5074 2269 5155; x_wconf 65' lang='grc'>2)</span> <span class='ocrx_word' id='word_1_315' title='bbox 2313 5074 2572 5152; x_wconf 78' lang='lat' dir='ltr'>Rozgow</span> <span class='ocrx_word' id='word_1_316' title='bbox 2620 5068 2772 5137; x_wconf 80' lang='lat' dir='ltr'>Cod.</span> <span class='ocrx_word' id='word_1_317' title='bbox 2806 5070 2944 5137; x_wconf 71' lang='lat' dir='ltr'>Lis.</span> <span class='ocrx_word' id='word_1_318' title='bbox 2993 5072 3046 5151; x_wconf 81' lang='lat'>³)</span> <span class='ocrx_word' id='word_1_319' title='bbox 3091 5072 3424 5149; x_wconf 82' lang='lat' dir='ltr'>Preszburg</span> 
     </span>
     <span class='ocr_line' id='line_1_34' title="bbox 328 5170 3422 5265; baseline -0.002 -22"><span class='ocrx_word' id='word_1_320' title='bbox 328 5177 451 5243; x_wconf 77' lang='lat' dir='ltr'>Ed.</span> <span class='ocrx_word' id='word_1_321' title='bbox 477 5176 659 5264; x_wconf 75' lang='lat' dir='ltr'>Lips.</span> <span class='ocrx_word' id='word_1_322' title='bbox 709 5178 763 5259; x_wconf 77' lang='lat'>⁴)</span> <span class='ocrx_word' id='word_1_323' title='bbox 812 5200 885 5241; x_wconf 84' lang='lat' dir='ltr'>ex</span> <span class='ocrx_word' id='word_1_324' title='bbox 930 5186 1125 5242; x_wconf 84' lang='lat' dir='ltr'>castro</span> <span class='ocrx_word' id='word_1_325' title='bbox 1167 5182 1504 5257; x_wconf 82' lang='lat' dir='ltr'>Preszburg</span> <span class='ocrx_word' id='word_1_326' title='bbox 1544 5176 1672 5242; x_wconf 84' lang='lat' dir='ltr'>Ed.</span> <span class='ocrx_word' id='word_1_327' title='bbox 1721 5176 1903 5262; x_wconf 70' lang='lat' dir='ltr'>Lips.</span> <span class='ocrx_word' id='word_1_328' title='bbox 1953 5176 2005 5257; x_wconf 75' lang='lat'>⁵)</span> <span class='ocrx_word' id='word_1_329' title='bbox 2050 5180 2384 5259; x_wconf 83' lang='lat' dir='ltr'>Preszburg</span> <span class='ocrx_word' id='word_1_330' title='bbox 2426 5176 2554 5242; x_wconf 78' lang='lat' dir='ltr'>Ed.</span> <span class='ocrx_word' id='word_1_331' title='bbox 2584 5175 2766 5265; x_wconf 72' lang='lat' dir='ltr'>Lips.</span> <span class='ocrx_word' id='word_1_332' title='bbox 2816 5174 2869 5258; x_wconf 83' lang='lat'>⁶)</span> <span class='ocrx_word' id='word_1_333' title='bbox 2915 5178 3250 5253; x_wconf 72' lang='lat' dir='ltr'>Preszburg</span> <span class='ocrx_word' id='word_1_334' title='bbox 3293 5170 3422 5237; x_wconf 75' lang='lat' dir='ltr'>Ed.</span> 
     </span>
     <span class='ocr_line' id='line_1_35' title="bbox 330 5276 1386 5367; baseline 0 -22"><span class='ocrx_word' id='word_1_335' title='bbox 330 5279 508 5367; x_wconf 76' lang='lat' dir='ltr'>Lips.</span> <span class='ocrx_word' id='word_1_336' title='bbox 557 5280 609 5364; x_wconf 92' lang='lat'>⁷)</span> <span class='ocrx_word' id='word_1_337' title='bbox 652 5284 987 5361; x_wconf 82' lang='lat' dir='ltr'>Preszburg</span> <span class='ocrx_word' id='word_1_338' title='bbox 1031 5276 1158 5347; x_wconf 76' lang='lat' dir='ltr'>Ed.</span> <span class='ocrx_word' id='word_1_339' title='bbox 1206 5280 1386 5365; x_wconf 76' lang='lat' dir='ltr'>Lips.</span> 
     </span>
    </p>
   </div>
  </div>
 </body>
</html>
