4342 6384
360 599 494 702 (Α.
537 602 628 676 D.
669 600 900 701 1410.)
1525 625 1752 676 usna
1803 623 2263 676 unnncmus.
2298 705 2306 710 ᾖ
2588 665 2599 672 .
3367 601 3457 672 77

363 811 534 882 hora
588 809 729 882 dici
784 807 1217 901 vespertina,
1272 808 1602 901 gentibus
1657 807 1870 900 regiis
1928 808 2261 900 oppidum
2324 806 2775 899 Matienburg
2828 806 3215 900 irrumpere
3268 807 3463 880 adni-

363 929 712 1016 tentibuS,
779 929 1106 1002 hostibus
1170 950 1334 1002 vero
1398 928 1857 1019 irruptionem
1924 949 2177 1022 magna
2238 927 2687 1000 animositate
2750 927 3318 1019 prohibentibuS,
3378 927 3465 1000 ad

363 1053 742 1122 certamen:
810 1049 884 1121 in
951 1069 1087 1140 quo
1153 1049 1318 1121 dum
1382 1049 1621 1140 plures
1686 1049 1770 1120 de
1833 1048 2192 1136 hostibuS,
2260 1049 2681 1120 Polonorum
2736 1047 3193 1120 multitudine
3247 1047 3464 1119 abun·

365 1171 606 1257 dante,
665 1169 924 1242 sensim
983 1169 1338 1258 caderent,
1395 1171 1710 1262 refugere
1765 1169 1840 1241 in
1895 1173 2203 1241 castrum
2257 1171 2532 1257 hosteS,
2592 1173 2660 1242 et
2715 1168 2799 1239 de
2838 1167 3279 1260 possessione
3318 1167 3464 1240 Ma·

365 1288 696 1380 rienburg
751 1287 991 1380 oppidi
1047 1289 1378 1362 excedere
1433 1288 1656 1361 coacti
1713 1294 1912 1370 sunt:
1957 1289 2395 1382 primusque
2460 1288 2791 1381 oppidum
2839 1287 3287 1380 Marienburg
3351 1287 3465 1359 Ia-

366 1409 578 1481 cobus
633 1410 1097 1501 Kobylynsky
1139 1411 1192 1499 ¹)
1249 1409 1334 1482 de
1386 1410 1589 1481 domo
1628 1409 2012 1498 Grzimala,
2072 1410 2421 1482 secundus
2458 1410 2849 1482 Dobeslaus
2888 1409 2970 1482 de
3010 1407 3467 1482 Oleschnicza

367 1530 452 1602 de
505 1529 705 1600 domo
761 1530 1108 1618 Dambno,
1166 1529 1468 1618 militeS,
1526 1529 1688 1602 aliis
1727 1550 1843 1601 eos
1884 1530 2375 1622 sequentibus,
2435 1531 2625 1602 fuere
2678 1529 3003 1622 ingressi.
3060 1529 3209 1602 Nec
3262 1549 3464 1620 prae·

367 1649 495 1720 fati
552 1647 763 1721 biduo
795 1647 858 1738 ²)
913 1648 1212 1737 militeS,
1279 1649 1577 1724 Iacobus
1635 1655 1705 1722 et
1758 1651 2148 1723 Dobeslaus
2215 1650 2626 1722 cessandum
2692 1649 2830 1722 sibi
2892 1649 3281 1736 duxerunt,
3350 1647 3470 1720 sed

368 1767 562 1841 illico
639 1769 890 1861 oppido
963 1769 1391 1860 conquisit0‚
1469 1769 1695 1842 hastis
1767 1769 2100 1857 vibratiS,
2176 1791 2334 1841 cum
2406 1770 2705 1842 clamore
2769 1769 3005 1841 valido
3072 1789 3196 1860 pro
3252 1766 3469 1840 castri
3528 1854 3539 1866 ⁶

369 1888 884 1979 conquisitione
949 1909 1172 1980 usque
1237 1889 1322 1960 ad
1387 1889 1752 1962 ecclesiam
1817 1897 1887 1962 et
1949 1911 2162 1981 prope
2216 1889 2490 1961 moenia
2542 1888 2847 1980 grassati
2904 1893 3091 1960 sunt.
3165 1888 3351 1979 Quos
3408 1887 3470 1960 si

369 2013 682 2082 caeterae
732 2013 978 2100 gentes
1031 2008 1263 2101 regiae
1317 2009 1470 2100 pari
1527 2009 1972 2082 animositate
2026 2009 2496 2096 adiuvissent,
2554 2009 2907 2100 potuisset
2960 2013 3269 2082 castrum
3324 2009 3469 2080 Ma-

371 2128 704 2221 rienburg
766 2129 838 2201 in
902 2129 1112 2201 horae
1178 2129 1376 2201 illius
1444 2135 1788 2202 momento
1855 2131 2170 2221 (patebat
2238 2129 2421 2202 enim
2477 2133 2645 2201 tunc
2720 2150 2807 2202 ex
2888 2128 3221 2203 foramine
3275 2127 3472 2221 largo

373 2253 443 2321 et
495 2248 802 2320 nondum
855 2248 1216 2334 concluso,
1273 2252 1561 2340 patulus
1600 2251 1686 2321 ad
1727 2249 1941 2336 illud,
2001 2271 2136 2340 quo
2190 2249 2455 2322 milites
2494 2249 2875 2342 irrumpere
2911 2253 3266 2341 poterant,
3324 2247 3471 2321 adi-

373 2370 522 2457 tus)
587 2367 928 2459 conquiri.
996 2366 1336 2442 Omnibus
1367 2368 1428 2458 ³)
1483 2369 1807 2441 hostibus
1872 2370 1995 2460 qui
2059 2374 2367 2441 castrum
2432 2369 2929 2459 observabant,
3004 2369 3091 2442 ad
3158 2390 3350 2441 arces
3406 2371 3477 2440 et

375 2490 526 2562 loca
581 2487 846 2560 tutiora
899 2486 1465 2580 diffugientibuS,
1524 2489 2220 2580 consternationeque
2277 2489 2556 2581 pavoris
2614 2494 2683 2562 et
2736 2489 3000 2562 doloris
3040 2489 3276 2576 nimii,
3336 2509 3477 2559 non

378 2629 576 2681 secus
633 2629 838 2700 quam
897 2607 958 2680 si
1013 2613 1318 2680 castrum
1375 2613 1655 2699 captum
1722 2609 1934 2697 foret,
2002 2609 2395 2700 occupatis,
2464 2615 2631 2682 tuuc
2685 2629 2961 2700 quoque
3017 2608 3153 2680 fuit
3208 2607 3477 2680 occasio

377 2729 597 2801 altera
658 2727 836 2799 bene
897 2728 1238 2820 gerendae
1300 2729 1403 2801 rei
1477 2735 1546 2800 et
1619 2729 2072 2820 conquirendi
2153 2729 2365 2801 castri
2452 2729 3121 2822 Marienburgensis,
3200 2730 3479 2800 fortuna

377 2848 796 2924 Cruciferica
859 2849 960 2921 sic
1023 2854 1309 2940 gerente
1338 2849 1428 2937 ⁴),
1486 2871 1526 2920 a
1580 2847 1868 2920 Polonis
1933 2850 2274 2941 neglecta.
2345 2850 2766 2941 Crepusculo
2822 2848 3180 2937 veniente,
3236 2849 3479 2920 hostes

377 2969 736 3061 proprium
799 2973 1080 3060 pontem
1155 2989 1368 3060 supra
1431 2969 1722 3040 fiuvium
1789 2968 2022 3041 Wisla
2087 2990 2333 3042 versus
2408 2971 2683 3042 Tsczow
2715 2969 2777 3059 ⁵)
2842 2969 3185 3062 positum,
3242 2967 3477 3056 veriti,

381 3111 466 3162 ne
505 3109 588 3162 ex
633 3109 712 3161 eo
749 3089 1054 3179 impetus
1093 3088 1166 3160 in
1205 3094 1510 3160 cast-rum
1567 3110 1608 3160 a
1654 3088 2074 3160 Polonorum
2133 3088 2485 3163 militibus
2540 3091 2769 3176 fieret,
2828 3089 2988 3182 igne
3026 3091 3478 3162 consumunt:

380 3209 564 3300 quod
617 3208 810 3301 regio
867 3208 1211 3281 exercitui
1265 3208 1339 3280 in
1395 3229 1723 3300 magnum
1779 3209 1991 3281 cessit
2045 3211 2466 3300 profect-um,
2524 3209 3059 3300 pabulatoribus
3098 3229 3185 3281 ex
3224 3207 3477 3280 castris

382 3329 628 3422 regii3‚
687 3329 972 3402 flumine
1026 3329 1260 3400 Wisla
1314 3333 1698 3417 tranatat0,
1767 3329 2187 3401 facientibus
2244 3330 2315 3401 in
2372 3329 2713 3401 Zolawam
2778 3350 2903 3421 pro
2959 3329 3146 3401 omni
3201 3329 3315 3401 die
3374 3348 3479 3400 se-

382 3471 624 3523 curum
680 3450 1113 3522 descensum.
1169 3449 1513 3520 Foramen
1545 3449 1612 3536 6)
1668 3447 1849 3520 illud
1905 3449 2261 3539 patulum,
2332 3469 2417 3521 ex
2484 3469 2621 3540 quo
2678 3449 3023 3521 evidentis
3079 3451 3307 3520 castro
3362 3468 3481 3539 pe-

379 3569 592 3642 riculi
645 3569 795 3640 fieri
851 3570 1125 3660 poterat
1178 3567 1516 3655 accessio,
1577 3567 1983 3640 fortissimis
2038 3567 2405 3640 roboribus
2460 3573 2609 3640 tota
2662 3568 3325 3659 nocteinscquente
3362 3568 3481 3640 ob-

386 3693 672 3761 struunt
703 3691 789 3777 ⁷),
847 3688 1176 3760 muniunt
1231 3693 1300 3760 et
1348 3688 1755 3760 obcludunt.
1815 3688 1950 3759 Sed
2005 3692 2074 3759 et
2131 3687 2464 3760 Poloniae
2517 3688 2671 3762 Rex
2748 3688 3219 3774 WladislauS,
3278 3691 3481 3758 nocte

386 3810 624 3882 eadem
679 3808 1080 3883 bombardis
1135 3807 1516 3881 maioribus
1573 3808 1644 3879 in
1701 3807 2064 3881 ecclesiam
2131 3807 2369 3899 oppidi
2426 3807 2885 3897 introductis,
2944 3807 3273 3880 continua
3327 3827 3481 3898 per-

385 3929 708 4002 cussione
735 3929 800 4019 ⁸)
881 3951 967 4002 ex
1025 3928 1174 4001 illis
1239 3933 1545 4000 castrum
1609 3929 1864 4020 quatit.
1948 3928 2251 4000 Locatae
2316 3932 2387 4000 ct
2450 3928 2632 4000 aliae
2694 3928 3108 4000 bombardae
3166 3928 3357 4000 fuere
3412 3925 3485 3997 in

387 4047 702 4122 exercitu
755 4049 1211 4137 Lithuanico,
1277 4048 1457 4120 aliae
1513 4048 1694 4120 circa
1747 4047 2164 4139 pomerium,
2233 4048 2413 4121 aliae
2485 4049 2559 4120 in
2631 4047 2802 4140 pede
2856 4047 3092 4139 pontis
3122 4047 3185 4136 9)
3241 4067 3327 4120 ex
3384 4047 3483 4117 al-

386 4173 538 4242 tera
591 4175 788 4260 parte
845 4169 1116 4242 Wislae
1174 4169 1445 4254 exusti,
1503 4173 1572 4240 et
1628 4187 1714 4240 ex
1771 4167 2094 4240 omnibus
2159 4167 2309 4239 illis
2376 4168 2824 4260 quatiebatur
2885 4171 3193 4239 castrum
3249 4166 3485 4238 fortis-

387 4289 563 4363 sime
625 4289 702 4361 in
765 4291 1126 4382 quadrum.
1201 4289 1633 4361 Collocatum
1707 4292 1854 4360 erat
1926 4288 2451 4360 tabernaculum
2516 4287 2785 4379 regium
2850 4307 3005 4358 cum
3072 4287 3341 4378 capella
3416 4290 3488 4358 et

389 4409 739 4482 aestuario
795 4410 869 4481 in
923 4410 1102 4482 colle
1157 4407 1437 4481 editiori
1493 4429 1706 4500 supra
1765 4407 2094 4497 wislam,
2153 4429 2240 4481 ex
2297 4429 2433 4499 quo
2488 4409 2643 4480 Rex
2698 4412 2925 4480 totum
2981 4407 3363 4480 exercitum
3420 4411 3490 4478 et

391 4534 698 4602 castrum
750 4533 1027 4621 poterat
1080 4527 1561 4619 contemplari.
1628 4527 2095 4601 continuabat
2150 4532 2384 4600 autem
2439 4527 2881 4600 Wladislaus
2946 4527 3281 4599 Poloniae
3333 4526 3490 4598 Rex

392 4649 822 4723 obsidionem
879 4649 1076 4721 illam
1130 4648 1402 4721 duobus
1457 4647 1817 4720 mensibus
1872 4646 2201 4739 integris:
2270 4648 2399 4720 sub
2456 4647 2713 4739 quibus
2770 4669 2968 4720 suam
3026 4645 3490 4720 Serenitatem

387 4770 726 4842 Albertus
790 4769 1344 4860 Iastrzambyecz
1410 4767 1912 4840 Posnaniensis
1977 4768 2349 4858 episcopus
2412 4766 2868 4856 visitaturus,
2937 4767 3111 4839 illuc
3174 4763 3486 4852 advenit,

390 4895 774 4982 gratusque
829 4889 966 4960 fuit
1019 4888 1200 4981 Regi
1253 4893 1323 4960 et
1379 4888 1836 4979 optimatibus
1895 4888 2044 4958 suis
2109 4892 2392 4978 propter
2443 4886 2923 4978 prudentiam,
2980 4906 3158 4978 quae
3213 4882 3493 4957 lucebat

608 5179 654 5258 ¹)
700 5180 1076 5256 Kobilensky
1124 5174 1275 5242 Cod.
1323 5176 1514 5240 Rozr.
1565 5175 1613 5256 ²)
1663 5178 1722 5236 hi
1769 5178 1886 5238 duo
1936 5173 2086 5240 Cod.
2135 5174 2327 5238 Rea-r.
2378 5173 2426 5254 ³)
2460 5177 2781 5236 Praeterea
2810 5175 3081 5236 omnibus
3116 5169 3269 5236 Cod.
3300 5169 3495 5235 Rozr.

393 5281 446 5361 ⁴)
499 5287 738 5360 regente
783 5279 910 5344 Ed.
959 5280 1140 5364 Lips.
1202 5279 1253 5360 ⁵)
1301 5281 1590 5343 Thsczow
1634 5278 1763 5342 Ed.
1809 5278 1992 5363 Lips.
2050 5277 2103 5360 ⁸)
2152 5281 2445 5340 Foramen
2490 5283 2687 5340 autem
2738 5273 2892 5340 C'od.
2935 5274 3129 5339 Rozr.
3194 5273 3249 5356 7)
3292 5275 3496 5338 hostes

393 5387 704 5452 obstruunt
753 5383 908 5447 cod.
960 5381 1148 5449 Rozr.
1199 5384 1254 5464 8)
1304 5387 1596 5448 continuis
1641 5384 2124 5466 percussionibus
2168 5379 2295 5444 Ed.
2342 5379 2521 5466 Lips.
2572 5379 2625 5460 9)
2670 5383 2887 5442 montis
2933 5377 3060 5442 Ed.
3106 5377 3289 5463 Lips.
