4342 6384
880 529 977 601 82
2064 541 2292 598 menn
2343 539 2804 597 monemus.
3430 513 3566 618 (Α.
3606 517 3697 592 D.
3737 513 3966 616 1410.)

874 755 1042 826 pore
1097 737 1169 806 et
1220 731 1649 824 proprietate
1704 734 1870 803 sunt
1908 732 1985 820 ¹),
2046 735 2115 804 et
2167 735 2454 823 propter
2506 751 2680 822 quas
2736 749 2942 820 saepe
2995 728 3263 801 bellum
3318 727 3503 800 inter
3539 726 3862 816 Regnum
3899 727 3966 796 et
4038 804 4045 813 ,

880 852 1208 925 Ordinem
1264 851 1518 924 initum
1558 854 1697 939 est,
1752 849 2087 941 receptiS,
2145 849 2476 922 Prussiac
2515 855 2770 936 terras,
2827 869 3076 940 magno
3116 867 3400 919 numero
3457 850 3528 918 et
3579 844 3813 938 gentis
3851 865 3964 916 ve-

879 976 1067 1045 strae
1120 971 1529 1059 Polonicae,
1587 973 2157 1061 caeterarumque
2212 969 2572 1041 nationum
2637 967 3140 1041 catholicarum
3195 987 3436 1040 cruore
3491 966 3680 1052 fuso,
3739 985 3779 1035 a
3813 964 3967 1035 bar·

876 1091 1067 1165 baris
1123 1069 1512 1183 quaesitae,
1572 1089 1816 1162 ordini
1851 1089 2256 1181 reliquerit,
2317 1110 2402 1162 ue
2439 1088 2946 1162 cruciferorum
3004 1086 3332 1159 ordinem
3389 1086 3475 1158 ud
3529 1083 3972 1156 militandum

876 1233 1003 1302 pro
1057 1210 1459 1284 defensione
1514 1208 2067 1282 Christianorum
2140 1230 2182 1280 a
2242 1209 2534 1300 paganis
2599 1207 3032 1294 institutem,
3095 1201 3186 1280 ex
3240 1203 3692 1278 Pruthenicis
3746 1203 3967 1294 regio·

875 1331 1084 1402 nibus
1140 1329 1460 1401 funditus
1516 1328 1948 1419 extirpatum
2004 1327 2095 1400 iri
2149 1328 2533 1420 contingat.
2589 1328 2694 1400 Ea
2729 1327 3108 1419 legatione,
3163 1324 3644 1418 petitioneque
3680 1321 3966 1395 Henrici

877 1449 961 1522 de
997 1451 1281 1522 Plawen
1320 1448 1911 1521 Commendatoris
1966 1447 2040 1519 in
2078 1448 2401 1538 frequens
2440 1446 2810 1519 consilium
2847 1445 3174 1533 deducta,
3234 1465 3390 1516 cum
3425 1444 3590 1535 plus
3645 1442 3962 1514 diffiden-

876 1569 1019 1642 tiae
1076 1589 1283 1661 quam
1336 1567 1853 1640 humiliationis
1884 1566 1947 1657 2)
2002 1568 2399 1641 crederetur
2451 1566 2841 1654 continere,
2899 1565 3134 1638 variae
3189 1569 3387 1638 erant
3440 1562 3847 1654 Principum
3901 1565 3968 1633 et

875 1709 1239 1780 procerum
1296 1688 1715 1775 sententiae,
1774 1687 2098 1760 secundis
2153 1687 2362 1760 rebus
2415 1691 2685 1758 rectum
2739 1684 3111 1758 consilium
3151 1685 3659 1771 auferentibus,
3717 1685 3787 1754 et
3831 1701 3965 1752 non

877 1807 1341 1900 pensantibus
1396 1805 1853 1894 consiliariiS,
1909 1806 2157 1879 breves
2214 1812 2283 1879 et
2328 1806 2706 1878 mutabiles
2744 1805 2935 1878 vices
2989 1825 3217 1878 rerum
3255 1824 3442 1892 esse,
3499 1823 3625 1876 nec
3660 1821 3966 1892 unquam

879 1929 1231 1999 fortunam
1288 1926 1501 1998 alicui
1557 1925 1974 2017 simpliciter
2028 1925 2432 1998 indulsisse.
2489 1925 2725 1996 Minus
2790 1923 3247 2010 consiliariiS‚
3317 1944 3525 2015 quam
3579 1921 3791 2013 Regi,
3850 1919 3964 1990 ob·

874 2045 1050 2118 latio
1105 2044 1455 2136 placebat,
1512 2044 2086 2118 existimantibus
2142 2050 2448 2117 castrum
2503 2044 2950 2136 Matienburg
3013 2044 3294 2136 longam
3350 2041 3776 2115 obsidionem
3831 2059 3966 2109 non

876 2166 1371 2252 toleraturum,
1430 2168 1499 2236 et
1535 2164 2028 2237 Crucifericum
2062 2162 2122 2254 ²³)
2163 2164 2524 2252 Ordinem,
2581 2163 2644 2236 si
2680 2163 2794 2234 illi
2829 2163 3161 2240 Prussiae
3207 2162 3721 2253 relinqueretur
3757 2163 3964 2242 terra,

878 2285 965 2357 ad
1028 2283 1609 2375 conquisitionem
1675 2305 1909 2357 earum
1979 2291 2351 2373 terrarum,
2427 2283 2683 2375 quibus
2747 2303 2822 2356 se
2885 2282 3286 2370 abdicabat,
3360 2286 3566 2354 nacta
3633 2277 3968 2370 temporis

878 2403 1266 2492 occasione,
1323 2403 1699 2495 aliquando
1762 2409 2278 2496 grassaturum3
2349 2405 2652 2495 plusque
2682 2403 2744 2493 ⁴)
2807 2402 3139 2490 habendi,
3207 2423 3416 2493 quam
3485 2420 3660 2492 quae
3725 2397 3964 2470 offere-

876 2524 1155 2612 bantur,
1212 2524 1515 2595 Polonos
1570 2526 2007 2596 transversos
2064 2529 2133 2596 et
2168 2522 2526 2616 ingenium
2562 2524 2943 2594 humanum
2985 2526 3259 2594 secutos
3305 2521 3556 2613 agebat
3591 2517 3966 2610 cupiditas,

875 2641 1314 2716 Wladislaus
1371 2662 1646 2734 quoque
1700 2643 1892 2730 Rex,
1960 2643 2170 2715 aliam
2227 2663 2315 2716 ex
2369 2642 2510 2714 alia
2565 2642 2848 2714 credens
2905 2641 3043 2715 sibi
3098 2640 3510 2714 felicitatem
3574 2637 3965 2720 succedere,

875 2783 998 2854 spe
1052 2763 1337 2835 maioris
1394 2768 1755 2854 quaestuS,
1814 2762 2024 2835 etiam
2080 2783 2351 2850 eorum,
2409 2783 2585 2854 quae
2639 2762 2874 2834 oblata
2909 2762 3218 2850 fuerant,
3279 2760 3447 2833 fecit
3499 2756 3966 2850 naufragium,

876 2881 1229 2954 mentibus
1301 2881 1627 2954 humanis
1696 2902 1949 2973 magna
2020 2882 2361 2955 felicitate
2433 2901 2704 2954 caecam
2777 2881 3136 2973 ingerente
3209 2881 3604 2973 caliginem.
3687 2876 3969 2948 Etenim

878 3000 1260 3073 secuudum
1315 3004 1457 3072 tam
1512 3021 1915 3092 prosperam
1970 3002 2316 3074 fortunam
2337 3059 2354 3090 ,
2410 3006 2620 3092 atque
2658 3022 2963 3093 pugnam
3019 3002 3104 3073 ad
3143 3000 3502 3074 Grinwald
3531 2998 3592 3083 5)
3647 2998 3964 3082 relatam,

876 3119 1169 3192 victoris
1198 3119 1262 3209 ⁶)
1319 3118 1697 3191 insolentia
1750 3119 2188 3194 Wladislaus
2243 3121 2400 3194 Rex
2455 3120 2804 3207 tumiduS,
2870 3119 3185 3192 inflatius
3241 3141 3449 3211 quam
3502 3117 3682 3210 Regi
3738 3119 3808 3190 et
3861 3113 3966 3186 vi-

878 3239 1055 3312 ctori
1110 3238 1597 3326 conveniebat,
1670 3239 2228 3330 respondendum
2293 3239 2670 3313 consensit.
2745 3240 2830 3311 In
2895 3241 3079 3312 hunc
3151 3239 3391 3331 itaque
3465 3237 3742 3310 modum
3815 3233 3969 3306 dari

876 3357 1183 3431 Henrico
1248 3358 1333 3430 de
1396 3359 1679 3431 Plawen
1747 3379 2160 3450 responsum
2225 3359 2605 3432 diffinitum
2661 3364 2800 3448 est,
2877 3361 3058 3451 quod
3123 3359 3470 3452 Sbigneus
3534 3358 3618 3430 de
3671 3357 3970 3428 Brzesze

876 3477 1106 3571 Regni
1158 3477 1495 3550 Poloniae
1551 3479 1935 3551 marsalcus
1991 3479 2192 3552 iussu
2242 3480 2435 3571 regio
2489 3479 3018 3571 pronuntiabat:
3087 3477 3163 3552 Si
3219 3479 3428 3566 bona,
3485 3476 3750 3568 inquit,
3809 3474 3967 3561 fide,

876 3597 1407 3671 Commendator
1459 3597 1791 3671 Henrice!
1866 3599 1953 3670 ad
2013 3620 2252 3690 pacem
2288 3599 2676 3702 ‘petendam
2741 3598 3088 3688 venisseS,
3152 3619 3291 3670 non
3353 3619 3435 3670 ea
3488 3595 3666 3688 Regi
3729 3598 3970 3666 nostro

876 3717 1356 3810 consignareS,
1416 3739 1594 3809 quae
1650 3718 1891 3790 divina
1946 3722 2013 3790 et
2048 3720 2355 3791 humana
2407 3720 2594 3810 lege,
2650 3725 2723 3792 et
2760 3740 2887 3791 sua
2941 3724 3012 3791 et
3047 3717 3276 3811 Regni
3331 3717 3442 3790 sui
3499 3735 3770 3807 semper
3807 3733 3967 3786 con-

877 3837 1067 3908 stitit
1129 3842 1341 3928 atque
1404 3842 1679 3910 constat
1756 3837 2005 3926 fuisse,
2074 3844 2146 3910 et
2199 3839 2387 3910 iusta
2449 3838 2802 3911 deditione
2865 3839 2951 3910 ad
3009 3860 3165 3911 eum
3229 3837 3592 3923 recidisse3
3667 3833 3968 3906 aliorum

876 3962 1092 4044 certe,
1142 3953 1327 4047 'quae
1362 3956 1785 4029 deditionem
1842 3958 2190 4046 abnuunt,
2249 3963 2320 4030 et
2356 3957 2677 4050 inprimis
2716 3958 2929 4031 castri
2967 3956 3637 4048 MarienburgensiS,
3695 3959 3766 4026 te
3807 3974 3969 4025 cou-

876 4075 1205 4146 veniebat
1258 4074 1678 4148 deditionem
1736 4077 2107 4150 obtulisse:
2184 4079 2509 4170 quoniam
2573 4083 2643 4150 et
2707 4099 2786 4150 ea
2851 4098 3028 4170 quae
3091 4077 3328 4150 dedita
3392 4081 3588 4164 sunt,
3664 4079 3734 4146 et
3791 4093 3972 4164 quae

877 4193 1037 4266 dedi
1093 4198 1399 4266 renuunt
1430 4195 1515 4283 ⁷),
1576 4195 1758 4267 scias
1814 4197 2104 4269 victoris
2158 4198 2468 4290 praemia
2497 4197 2560 4288 ⁸)
2617 4219 2790 4271 esse.
2865 4198 3026 4271 Non
3080 4197 3318 4289 itaque
3371 4198 3583 4270 habet
3637 4195 3830 4282 Rex,
3891 4195 3977 4265 de

879 4335 1015 4404 quo
1070 4312 1204 4385 tibi
1256 4313 1521 4404 gratias
1573 4315 1829 4387 habeat
1859 4316 1947 4405 ⁹).
2026 4317 2285 4390 Verum
2340 4317 2402 4390 si
2468 4318 2552 4391 de
2606 4323 2834 4390 castro
2899 4314 3496 4410 Marienburgensi
3552 4315 3975 4401 excesseriS,

876 4454 1001 4524 pro
1057 4432 1255 4504 illius
1313 4433 1627 4506 cessione
1680 4434 1833 4506 Rex
1889 4441 2127 4508 noster
2182 4442 2289 4509 est
2345 4437 2478 4510 tibi
2531 4437 2796 4530 gratias
2851 4438 3254 4526 habituruS,
3313 4458 3449 4509 non
3505 4436 3716 4508 etiam
3771 4456 3976 4507 recu-

877 4558 1192 4639 saturuS,
1235 4552 1835 4645 Marienburgensi
1874 4555 1960 4643 ¹⁰)
1998 4560 2226 4626 castro
2264 4556 2528 4644 dedito,
2569 4556 2986 4629 Cruciferico
3025 4555 3269 4628 Ordini
3307 4576 3682 4647 congruam
3721 4559 3792 4626 et
3830 4555 3977 4644 illi,

878 4693 1084 4764 quam
1142 4672 1215 4744 in
1273 4673 1689 4744 Almanniae
1751 4675 2151 4765 regionibus
2215 4676 2459 4763 habet,
2527 4678 2945 4748 conformem
3011 4678 3235 4748 facere
3287 4674 3782 4766 provisionem.
3863 4676 3980 4745 Ad

879 4793 1051 4863 haec
1114 4791 1462 4864 Henricus
1527 4792 2084 4867 commendator:
2142 4795 2361 4866 Estne
2423 4795 2644 4887 igitur
2703 4796 2874 4868 haec
2935 4796 3168 4868 finalis
3213 4794 3430 4886 Regis
3471 4794 3559 4882 ¹¹)
3612 4793 3980 4884 voluntem,

879 4978 1075 4986 ———-

1094 5095 1142 5175 ¹)
1189 5103 1325 5158 sunt
1383 5095 1551 5159 deest
1596 5098 1669 5160 in
1718 5095 1868 5160 Cod.
1919 5095 2091 5161 Calv.
2142 5108 2200 5162 et
2242 5098 2417 5163 Kost.
2487 5098 2540 5181 ²)
2586 5101 2931 5162 humilitatis
2980 5097 3132 5164 Cod.
3178 5099 3368 5163 Rozr.
3441 5101 3490 5180 ³)
3539 5100 3988 5162 Crucifenorum

884 5193 1035 5259 Cod.
1082 5195 1273 5258 Rozr.
1322 5197 1373 5277 ⁴)
1421 5203 1555 5276 plus
1608 5203 1810 5276 itaque
1860 5197 2010 5263 Cod.
2043 5200 2233 5263 Rozr.
2293 5201 2344 5281 ζ”)
2394 5203 2740 5264 Grindwald
2789 5199 2940 5266 Cod.
2984 5202 3176 5264 Rozr.
3225 5204 3571 5263 Granwaldt
3613 5201 3743 5264 Ed.
3793 5201 3988 5286 Lips.
4115 5259 4130 5264 -

884 5298 939 5379 ⁶)
984 5300 1265 5359 victoriae
1328 5297 1480 5363 Cod.
1541 5301 1730 5363 Rozr.
1806 5301 1856 5381 ⁷)
1904 5309 1965 5362 et
2008 5323 2079 5362 ea
2137 5323 2290 5380 quae
2343 5307 2698 5366 deditionem
2759 5312 3014 5367 renuunt
3083 5301 3234 5368 Cod.
3279 5303 3470 5369 Rozr.
3541 5305 3596 5386 ⁸)
3645 5309 3992 5382 praemium

885 5399 941 5482 ⁹)
985 5407 1142 5476 agat.
1192 5397 1343 5463 Cod.
1400 5401 1589 5464 Rozr.
1646 5402 1723 5484 ¹⁰)
1773 5405 2260 5482 Mai-geburgensi
2303 5405 2429 5470 Ed.
2476 5406 2657 5490 Lips.
2723 5407 2802 5489 ¹¹)
2849 5411 3014 5485 regia
3058 5407 3184 5471 Ed.
3216 5406 3397 5492 Lips.
