4342 6384
384 589 519 694 (Α.
558 590 647 667 D.
690 592 943 691 1442.)
1508 619 1737 673 mann
1786 620 2302 676 nuonrzcnms.
3322 604 3469 677 677

574 926 861 998 Schisma
904 927 1279 999 Pontificum
1322 928 1743 1001 Romanorum
1757 980 1777 998 .
1836 930 2063 1019 Legati
2108 931 2190 1002 ab
2231 933 2510 1021 utroquo
2551 931 2725 1021 Papa
2769 931 2854 1003 ad
2897 930 3276 1003 rudericum

968 1047 1393 1121 aomanorum
1438 1050 1511 1119 et
1553 1048 1969 1123 wladislaum
2012 1049 2376 1141 nungariae
2418 1050 2630 1140 Reges
2685 1051 2889 1122 nissi.

588 1288 903 1359 Audiens
976 1286 1334 1380 Eugenius
1406 1288 1601 1379 Papa
1670 1292 1963 1380 quartus
2037 1310 2286 1382 magno
2357 1290 2702 1362 bellorum
2775 1288 3076 1360 stridore
3149 1288 3472 1379 Regnum

382 1409 785 1502 Hungariae
843 1410 1105 1481 fervere
1179 1413 1249 1481 et
1308 1408 1643 1500 gravibus
1708 1408 2026 1481 cladibus
2088 1410 2419 1481 continue
2481 1408 2820 1501 grassari,
2896 1427 3300 1498 eompassus
3363 1411 3476 1478 tot

384 1530 622 1618 malie,
678 1529 1037 1601 Iulianum
1108 1528 1196 1600 de
1250 1528 1639 1600 Caesarinis
1703 1528 2105 1620 episcopum
2158 1528 2612 1603 Sabinensem
2667 1527 3135 1615 Cardinalem‚
3191 1527 3280 1598 ad
3333 1526 3469 1599 Re-

378 1671 519 1743 gna
569 1648 1005 1740 Hungariae,
1073 1647 1405 1721 Poloniae
1468 1651 1537 1721 et
1592 1648 1995 1735 Bohemiae,
2065 1652 2278 1740 atque
2330 1648 2762 1740 provinciam
2819 1647 3464 1739 Salczburgensem‚

382 1769 829 1861 Apostolicae
884 1766 1086 1840 Sedis
1142 1767 1226 1839 de
1280 1768 1497 1840 latere
1549 1767 1890 1860 Legatum
1963 1768 2389 1840 transmittit
2451 1772 2737 1859 propter
2789 1771 2932 1840 tres
2986 1764 3472 1858 principaliter

382 1910 653 1961 causas,
710 1888 980 1974 Prima,
1038 1892 1118 1959 ut
1171 1887 1358 1959 inter
1394 1887 1865 1960 Wladislaum
1920 1887 2326 1981 Hungariae
2379 1893 2450 1962 et
2485 1885 2818 1959 Poloniae
2864 1888 3127 1978 Regem
3181 1885 3266 1957 ab
3303 1904 3467 1972 una,

382 2014 453 2081 et
506 2008 871 2080 Elisabeth
926 2007 1266 2099 Reginam
1328 2007 1649 2097 partibus
1716 2008 1801 2079 ab
1857 2008 2111 2097 altera,
2179 2029 2417 2099 pacem
2474 2010 2729 2079 tractet
2793 2010 2864 2079 et
2916 2004 3271 2093 conficiat,
3329 2004 3466 2077 Re·

378 2148 731 2219 gnumque
793 2125 1199 2217 Hungariae
1259 2127 1444 2199 bello
1519 2127 1857 2199 intestino
1921 2128 2197 2201 liberet.
2283 2127 2631 2214 Secunda,
2704 2132 2786 2197 ut
2849 2146 3018 2217 pace
3085 2125 3162 2197 in
3223 2124 3468 2215 Regno

381 2246 783 2337 Hungariae
837 2244 1187 2332 ordinata,
1228 2246 1698 2318 Wladislaum
1736 2247 2031 2339 Regem,
2087 2247 2522 2338 baronesque
2557 2245 2965 2339 Hungariae
3017 2249 3257 2317 contra
3294 2244 3466 2315 Tur·

380 2388 497 2440 cos
552 2366 773 2438 facere
842 2363 1391 2455 expeditionem,
1470 2370 1539 2435 et
1600 2385 1723 2456 pro
1789 2365 2206 2439 liberatione
2268 2368 2588 2457 Europae
2657 2364 3016 2438 intendere
3081 2364 3464 2435 induceret.

380 2486 645 2573 Tertia,
700 2489 783 2556 ut
835 2483 987 2555 dari
1040 2484 1319 2575 plenam
1372 2505 1495 2574 per
1531 2483 2003 2557 Wladislaum
2037 2487 2303 2577 Regem
2357 2485 2442 2559 de
2478 2485 2742 2577 Regnis
2779 2484 3114 2557 Poloniae
3159 2488 3230 2556 et
3267 2482 3464 2553 Hun-

378 2606 613 2700 gariae
670 2604 1131 2678 obedientiam
1188 2604 1501 2695 Eugenio
1538 2605 1770 2695 Papae
1824 2605 2192 2678 obtineret.
2252 2605 2572 2678 Schisma
2607 2605 2792 2678 enim
2829 2607 2997 2677 tunc
3048 2600 3468 2676 horrendum

379 2726 661 2818 vigebat
715 2725 788 2796 in
842 2724 1159 2797 Ecclesia
1195 2724 1358 2812 Dei,
1417 2728 1487 2796 et
1540 2724 1855 2816 Eugenio
1894 2730 2139 2817 quarto
2195 2727 2460 2799 Romae
2494 2724 2966 2817 praesidente,
3023 2722 3374 2796 Amedeus
3413 2722 3467 2810 ¹)

378 2847 543 2917 Dux
582 2844 993 2931 Sabaudiae,
1050 2842 1173 2934 qui
1227 2842 1303 2914 in
1340 2863 1469 2914 sua
1506 2842 1899 2916 obedientia
1952 2844 2444 2917 nominabatur
2478 2843 2690 2918 Felix
2727 2844 3050 2936 quintuS,
3089 2841 3467 2934 aliquando

380 2966 734 3051 Basileae,
792 2962 1167 3054 aliquando
1222 2962 1573 3035 Gebennis
1602 2961 1666 3051 2)
1720 2964 2182 3055 praesidebat.
2240 2964 2448 3037 Multi
2486 2970 2719 3037 autem
2757 2964 2984 3056 Reges
3037 2962 3269 3036 neutri
3309 2961 3466 3035 obe·

378 3084 692 3171 diebant,
766 3082 1254 3174 praestolando
1327 3081 1686 3171 unionem3
1766 3083 2192 3157 neutralitas
2261 3088 2493 3156 tamen
2566 3085 2736 3157 haec
2807 3083 2882 3155 in
2951 3080 3330 3155 Almannia
3401 3084 3472 3153 et

376 3202 672 3277 Polonia
740 3202 1044 3293 primum
1106 3200 1646 3292 practicabatur.
1728 3203 2107 3275 Descendit
2170 3208 2404 3277 autem
2473 3204 2626 3295 ipse
2689 3203 3016 3275 Iulianus
3078 3200 3469 3274 cardinalis

376 3324 688 3415 Legatus
741 3322 1044 3412 primum
1099 3320 1184 3392 ad
1238 3319 1674 3393 Fridericum
1729 3322 2200 3395 Romanorum
2255 3324 2549 3416 Regem,
2613 3327 2781 3395 tune
2835 3322 2907 3395 in
2961 3320 3234 3394 Vienna
3285 3340 3468 3391 com-

377 3445 795 3530 morantem,
850 3446 921 3515 et
957 3441 1191 3533 ipsum
1228 3440 1551 3531 pluribus
1592 3441 2029 3513 sermonibus
2084 3446 2155 3514 et
2192 3442 2768 3533 persuasionibus
2805 3441 3131 3515 inducere
3178 3444 3468 3511 conatus

378 3566 519 3650 est,
594 3567 941 3654 quatenus
1004 3559 1457 3633 neutralitate
1519 3566 1665 3633 tam
1728 3560 1802 3632 in
1866 3560 2196 3634 dominiis
2259 3562 2582 3654 Imperii,
2657 3582 2864 3653 quam
2931 3559 3468 3632 Austriensibus

380 3683 690 3769 sublata,
748 3680 1141 3772 Eugenium
1206 3700 1329 3771 pro
1386 3700 1550 3752 vero
1603 3680 1797 3770 Papa
1858 3686 2415 3773 recognosceret,
2482 3686 2552 3754 et
2606 3680 2912 3754 debitam
2975 3680 3089 3753 illi
3144 3677 3465 3752 obedien-

380 3802 553 3875 tiam
610 3822 769 3873 cum
824 3800 973 3872 suis
1028 3797 1334 3871 subditis
1388 3802 1798 3889 praestaret.
1856 3798 2102 3889 Neque
2158 3800 2545 3873 Concilium
2583 3800 2978 3872 Basiliense
3031 3804 3265 3889 partes
3305 3818 3468 3869 suas

378 3926 548 3993 tunc
600 3918 951 4012 neglexit,
1010 3918 1131 3991 sed
1184 3918 1667 3990 Alexandrum
1723 3918 1920 3989 tituli
1976 3918 2219 3991 Sancti
2273 3918 2640 3993 Laurentii
2703 3917 2776 3992 in
2813 3920 3114 3991 Damaso
3147 3916 3208 4007 ³)
3261 3919 3466 3991 Pres-

376 4042 699 4132 byterum
762 4038 1199 4111 cardinalem
1261 4058 1385 4129 per
1446 4038 1759 4110 Felicem
1825 4038 2148 4128 quintum
2214 4044 2558 4127 creatum,
2632 4038 3109 4111 Patriarcham
3173 4038 3465 4130 Aquile-

376 4160 721 4253 giensem,
780 4157 1181 4249 episcopum
1219 4156 1703 4230 Tridentinum
1760 4163 1831 4230 et
1870 4159 2127 4231 Ducem
2168 4158 2542 4247 Masoviae‚
2603 4158 2689 4231 ad
2743 4158 2976 4249 ipsum
3031 4158 3468 4232 Fridericum

376 4280 847 4351 Romanorum
918 4277 1180 4369 Regem
1253 4281 1325 4348 et
1396 4277 1865 4349 Wladislaum
1905 4278 1967 4365 ⁴)
2042 4277 2450 4369 Hungariae
2521 4284 2592 4351 et
2661 4278 2996 4351 Poloniae
3075 4278 3470 4351 transmisit

378 4403 560 4490 (erat
614 4397 799 4471 enim
852 4397 1006 4487 ipse
1059 4395 1462 4468 Alexander
1515 4396 1939 4485 Cardinalis,
1996 4398 2440 4487 Patriarcha,
2508 4397 2877 4489 episeopus
2934 4402 3005 4471 et
3057 4399 3253 4485 Dux,
3311 4398 3466 4471 Fri-

378 4517 607 4590 derico
672 4516 852 4607 Regi
915 4515 1384 4587 Romanorum
1446 4536 1819 4607 germanus
1884 4518 2308 4605 avunculus,
2377 4517 2771 4591 Wladislao
2836 4538 2998 4590 vero
3063 4517 3470 4611 Hungariae

378 4639 451 4709 et
502 4635 835 4708 Poloniae
888 4634 1069 4727 Regi
1121 4634 1335 4707 frater
1389 4634 1730 4725 amitalis)
1762 4636 1848 4726 5),
1908 4638 1993 4707 ad
2048 4637 2502 4710 obtinendum
2557 4660 2598 4710 a
2651 4638 2964 4731 Regibus
3019 4637 3218 4730 ipsiS,
3274 4642 3356 4711 ut
3393 4658 3468 4711 se

376 4777 535 4829 cum
590 4755 854 4847 Regnis
910 4757 980 4826 et
1033 4753 1361 4825 dominiis
1419 4754 1568 4826 suis
1622 4776 1747 4846 pro
1802 4756 2111 4829 Concilio
2167 4757 2554 4830 Basiliensi
2617 4764 2689 4831 et
2741 4758 2981 4833 Felice
3047 4758 3293 4849 quinto
3349 4757 3465 4831 de-

376 4877 743 4949 clararent.
828 4874 920 4944 Et
983 4873 1153 4946 licet
1214 4873 1605 4945 cardinalis
1679 4875 1979 4967 quilibet
2040 4881 2310 4968 partem
2374 4899 2604 4967 suam,
2677 4878 3001 4969 pluribus
3075 4878 3469 4951 rationibus

378 4994 762 5083 fulciendo,
828 4993 1209 5067 conabatur
1263 5013 1571 5066 asserere
1622 4993 2021 5085 iustiorem,
2088 5002 2288 5069 erant
2342 5000 2574 5071 tamen
2639 4999 2842 5071 ambo
2895 4998 3126 5091 Reges
3182 4998 3256 5071 in
3309 4998 3468 5073 obe·

373 5114 711 5188 dientiam
765 5112 1067 5205 Eugenii
1131 5113 1353 5205 magis
1419 5113 1765 5187 inclinati.
1850 5115 1988 5189 Sed
2052 5122 2123 5189 et
2185 5117 2262 5189 in
2323 5118 2567 5210 Regno
2625 5118 3030 5211 Hungariae
3093 5118 3302 5209 plena
3359 5117 3474 5191 illi

593 5385 640 5465 ¹)
684 5386 985 5449 Amadum
1032 5380 1185 5449 cod.
1224 5384 1401 5449 Kost.
1473 5386 1529 5466 Ω)
1572 5388 1852 5452 Genevae
1896 5386 2024 5449 Ed.
2071 5386 2252 5471 Lips.
2323 5387 2376 5471 ³)
2422 5392 2718 5455 Damasco
2766 5388 2918 5457 Cod.
2963 5390 3140 5461 Kont-
3210 5391 3263 5472 ⁴)
3309 5392 3470 5454 Wh-

376 5491 631 5552 dislaum
672 5492 897 5568 Regem
944 5484 1097 5555 Cod.
1130 5487 1347 5557 Przeoe.
1396 5488 1451 5569 ⁶)
1496 5492 1824 5556 amicabilis
1873 5487 2025 5555 cod.
2070 5489 2249 5556 Kost.
