4342 6384
834 553 986 629 232
2021 577 2249 630 uma-11
2300 578 2762 630 uunncnms.
3398 555 3532 659 (Α.
3570 556 3663 633 D.
3711 557 3933 658 1419.)

830 764 1199 837 cellarium
1255 763 1484 857 Regni
1537 760 1904 851 Poloniae,
1975 762 2178 854 quasi
2245 784 2373 836 sua
2424 763 2859 857 negligentia
2915 769 2986 838 et
3040 786 3175 838 non
3230 765 3470 858 potius
3524 767 3725 860 regia
3779 789 3929 860 pro-

829 883 1174 958 hibitione
1228 882 1532 957 conditio
1590 882 2164 974 compromissum
2208 882 2676 976 restringenS,
2718 884 3050 958 videlicet
3086 890 3167 957 ut
3204 886 3269 959 si
3306 886 3489 960 infra
3524 891 3929 980 treugarum

830 1011 1138 1096 tempuS,
1196 1004 1283 1076 ad
1339 1003 1522 1077 diem
1581 1003 1877 1076 Sanctae
1932 1004 2413 1097 Margarethae
2476 1006 3040 1097 compromittere
3106 1004 3445 1081 cruciferi
3506 1009 3593 1082 de
3648 1008 3932 1082 Prussia

828 1124 1343 1217 neglexissent,
1420 1124 1995 1216 compromissum
2060 1124 2331 1218 regium
2386 1124 2911 1218 intelligeretur
2974 1129 3398 1217 extinctum,
3474 1128 3749 1202 adiecta
3801 1149 3932 1200 non

832 1245 1116 1332 fuisset,
1171 1250 1552 1337 retorquet.
1611 1245 1720 1317 Ex
1760 1266 1896 1337 quo
1932 1245 2334 1337 praedictus
2372 1246 2711 1320 Albertus
2751 1249 2806 1335 ¹)
2863 1247 3231 1341 episcopus
3269 1247 3755 1321 cracoviensis
3794 1270 3929 1320 ma·

827 1386 966 1458 gna
1019 1365 1176 1438 odia
1231 1371 1300 1438 et
1354 1366 1786 1458 multiplices
1852 1366 2343 1458 sugillationes
2416 1367 2492 1440 in
2556 1367 2813 1440 animis
2885 1368 3337 1453 militarium,
3414 1370 3582 1443 licet
3660 1373 3932 1461 praeter

795 1502 1038 1559 'suum
1094 1487 1540 1575 demeritum,
1598 1487 1974 1560 contraxit.
2046 1487 2239 1560 Haec
2304 1488 2693 1580 expeditio,
2760 1488 2845 1562 ob
2901 1489 3367 1564 reversionem
3424 1510 3603 1581 quae
3657 1489 3931 1575 accidit,

830 1608 1205 1680 reversalis
1262 1607 1695 1680 intitulatur
1727 1630 1768 1680 a
1821 1608 2134 1682 PoloniS.
2204 1608 2313 1680 Ex
2368 1608 2745 1701 Bandzyno
2778 1607 2842 1699 ²)
2896 1611 3233 1684 confectis
3300 1610 3571 1703 treugis
3628 1609 3932 1683 Wladis-

833 1729 988 1800 laus
1054 1728 1211 1800 Rex
1277 1728 1514 1801 eadem
1581 1727 1729 1816 via,
1797 1750 1934 1819 qua
1990 1728 2401 1816 advenerat,
2470 1729 2757 1803 flumine
2811 1729 3044 1804 Wisla
3098 1731 3284 1823 apud
3339 1730 3842 1822 Gzyrwyensko
3873 1728 3932 1818 ³)

832 1869 989 1921 cum
1045 1848 1235 1921 omni
1290 1847 1607 1922 exercitu
1664 1853 2024 1940 superato,
2063 1848 2449 1937 transiens,
2490 1849 2879 1922 exercitum
2918 1871 3121 1922 suum
3161 1850 3590 1937 licentiavit,
3632 1850 3754 1942 qui
3792 1849 3936 1921 fere

834 1969 1066 2041 omnia
1120 1969 1334 2058 bona,
1393 1989 1569 2060 quae
1625 1968 1698 2040 in
1754 1968 2113 2063 quadrigis
2161 1990 2250 2043 ex
2290 1968 2515 2042 farina
2568 1969 2872 2043 ferrebat
2900 1969 2987 2059 ⁴),
3046 1971 3442 2063 agrestibus
3479 1971 3555 2044 in
3593 1968 3933 2058 Masovia‚

837 2108 1132 2179 quorum
1189 2089 1424 2181 fruges
1483 2089 1815 2180 depastus
1874 2094 2052 2177 erat,
2110 2089 2416 2183 largitus
2472 2095 2604 2163 est.

950 2441 1344 2517 wladislaus
1386 2444 1527 2517 Rex
1570 2444 1888 2518 horrendo
1932 2444 2221 2516 ful-inin
2263 2446 2431 2532 ictu,
2476 2448 2743 2536 proptor
2784 2445 3259 2517 ”trinomium
3304 2463 3446 2517 cun
3489 2445 3825 2517 Elisabeth

1246 2563 1646 2637 Granovnka
1688 2582 1906 2636 sorore
1950 2564 2277 2654 spirituli
2321 2567 2757 2651 contractum,
2804 2563 3093 2654 graviter
3139 2565 3513 2638 exten-itu.

1041 2812 1151 2884 Ex
1205 2812 1704 2905 Czyrwyensko
1759 2812 2200 2885 Wladislaus
2238 2814 2393 2886 Rex
2442 2833 2797 2906 egressus,
2838 2835 2963 2906 per
2998 2815 3360 2907 Gambyno
3393 2814 3478 2905 ⁵),
3535 2815 3935 2902 Gostinino,

836 2932 1203 3024 Kowalye,
1260 2933 1638 3005 Brzeszcze
1665 2932 1754 3022 θ),
1811 2932 2197 3024 Radzyeow
2230 2934 2314 3023 ⁷),
2377 2933 2730 3023 Strzelno,
2791 2933 3161 3009 Gambicze
3189 2933 3275 3025 ⁸),
3333 2934 3643 3027 Mogilno
3699 2956 3937 3028 proce-

838 3050 1041 3138 denS‚
1099 3052 1420 3143 pedestre
1475 3051 1610 3125 iter
1661 3052 1736 3124 in
1788 3052 2269 3143 Pobyedziska
2323 3054 2730 3143 conficienS,
2787 3054 3209 3127 Posnaniam
3258 3055 3562 3128 secunda
3597 3054 3711 3128 die
3747 3077 3938 3129 men-

837 3171 938 3243 sis
993 3171 1303 3264 Augusti
1358 3172 1664 3246 advenit.
1722 3172 2337 3247 Obsecrationibus
2393 3178 2626 3248 autem
2683 3174 2832 3248 suis
2887 3175 3073 3268 apud
3128 3175 3628 3249 monasterium
3683 3176 3938 3268 Corpo-

835 3292 936 3365 ris
991 3291 1254 3365 Christi
1307 3293 1752 3385 perfunctuS,
1810 3294 2114 3367 Sabbato
2171 3316 2257 3367 ex
2314 3295 2667 3367 Posnania
2728 3296 2901 3368 hora
2954 3297 3155 3369 tarda
3183 3295 3246 3385 ⁹)
3301 3295 3375 3368 in
3431 3296 3810 3390 quadriga,
3868 3298 3946 3369 in

837 3412 1168 3485 cuuabuli
1225 3414 1503 3486 modum
1562 3413 1928 3502 fabricata,
1987 3436 2235 3487 versus
2292 3415 2655 3504 Srzodam,
2713 3415 3215 3489 comitantibus
3268 3416 3474 3492 illum
3520 3416 3589 3488 N
3596 3417 3821 3489 icolao
3859 3416 3946 3490 de

841 3533 1206 3606 Michalow
1279 3533 1829 3608 Sandomiriensi
1853 3591 1871 3624 ,
1949 3533 2372 3628 Sandivogio
2445 3535 2529 3609 de
2593 3535 2926 3630 Ostrorog
2994 3536 3491 3626 Posnaniensi,
3574 3536 3943 3629 palatiniS‚

838 3653 1145 3726 Henrico
1183 3653 1268 3727 de
1303 3654 1589 3747 Rogow,
1646 3655 1959 3728 Iohanne
2012 3655 2331 3728 Manszik
2371 3656 2462 3745 ¹⁰)
2518 3656 2602 3729 de
2639 3656 3080 3743 Dambrowa,
3138 3662 3209 3729 et
3244 3657 3410 3730 aliis
3444 3657 3776 3750 pluribus
3812 3658 3943 3729 mi·

838 3773 1120 3863 litibus,
1176 3774 1616 3866 procedebat.
1676 3775 1857 3846 Dum
1915 3780 2146 3847 autem
2203 3775 2276 3848 in
2332 3798 2578 3848 nemus
2632 3781 2794 3849 anto
2850 3777 3153 3849 Thulcze
3208 3776 3422 3849 situm
3475 3777 3944 3868 pervenisset,

840 3894 1074 3967 subito
1131 3916 1219 3968 ex
1273 3896 1465 3968 coelo
1522 3916 1765 3968 sereno
1820 3900 1891 3967 et
1946 3895 2179 3967 lucido
2237 3896 2594 3970 turbidum
2651 3902 2721 3969 et
2775 3897 3219 3970 tenebrosum
3277 3898 3536 3969 factum
3590 3901 3735 3985 est,
3793 3917 3944 3970 cor-

838 4014 1412 4107 ruscationesque
1477 4013 1829 4103 horridae,
1897 4015 2345 4107 tonitruaque
2408 4017 2560 4090 fieri
2623 4021 2891 4109 coepta.
2962 4018 3109 4108 Quo
3170 4037 3416 4089 nemus
3480 4017 3945 4110 ingrediente,

841 4139 911 4206 et
963 4155 1177 4226 prope
1231 4140 1531 4208 montem
1587 4135 1982 4227 proximum
2040 4135 2307 4208 nemori
2361 4137 2777 4224 constituto,
2837 4137 3100 4209 fulmen
3154 4136 3239 4208 de
3294 4132 3485 4209 coelo
3524 4136 3838 4209 maximo
3877 4143 3950 4210 et

841 4254 1235 4338 vehementi
1295 4256 1564 4348 fragore
1620 4255 1942 4328 decidens
1993 4259 2294 4347 quatuor
2332 4277 2545 4348 equos
2584 4257 2991 4350 quadrigam
3030 4256 3244 4349 Regis
3283 4256 3634 4330 vehentes
3656 4262 3731 4330 et
3766 4257 3948 4329 duos

843 4373 1218 4447 servitores
1271 4374 1534 4468 regios,
1593 4374 1714 4466 qui
1769 4375 1991 4448 latera
2045 4375 2423 4468 quadrigae
2476 4376 2707 4470 regiae
2762 4399 2804 4449 a
2840 4377 3144 4450 cadendo
3200 4380 3447 4450 euntes
3487 4378 3575 4466 ¹¹)
3630 4379 3943 4470 pedibus

844 4495 1365 4583 sustentabant,
1436 4494 1766 4568 videlicet
1828 4496 2219 4568 Bachmath
2275 4500 2345 4569 et
2400 4497 2736 4569 Mathiam
2801 4499 3078 4590 nigrum
3145 4518 3270 4568 suo
3326 4496 3627 4590 impetu,
3695 4499 3952 4594 auriga

843 4620 1151 4703 servato,
1219 4615 1519 4688 necavit.
1589 4614 1858 4687 Occidit
1913 4621 1983 4689 et
2037 4637 2284 4707 equoS,
2355 4616 2609 4708 quibus
2674 4617 3012 4689 Nicolaus
3078 4616 3705 4707 Sandomiriensis,
3768 4621 3947 4693 San-

842 4733 1168 4827 divogius
1222 4734 1753 4822 PosnaniensiS,
1820 4735 2150 4827 palatini,
2219 4736 2569 4810 Henricus
2624 4739 2709 4810 de
2746 4738 3028 4830 RogoW,
3086 4737 3434 4810 Iohannes
3489 4739 3817 4813 Manszik
3859 4739 3951 4831 ¹²)

846 4932 987 4942 —-..

1155 5038 1267 5094 wau
1275 5042 1432 5098 artus
1457 4984 1868 5114 *Iastrzabiecz
1912 5032 2039 5097 Ed.
2085 5032 2267 5119 Lips.
2335 5035 2386 5117 ²)
2430 5038 2695 5116 Badzino
2753 5033 2905 5100 Cod.
2964 5035 3156 5100 Rozr.
3222 5036 3275 5114 ³)
3322 5039 3741 5101 Czerwiensko
3792 5037 3954 5104 cod.

851 5138 1438 5199 flhsr.=:o1iebat
1491 5133 1643 5201 cod.
1702 5136 1891 5201 Rozr.
1956 5136 2009 5217 ⁵)
2059 5140 2315 5218 Gabyno
2365 5135 2517 5202 Cod.
2566 5138 2755 5202 Rozr.
2822 5136 2879 5220 ⁸)
2922 5141 3230 5202 Brzesczie
3279 5136 3433 5203 Coa.
3479 5139 3658 5204 Kost.
3730 5141 3782 5222 ⁷)
3833 5146 3954 5205 Ra-

847 5242 939 5298 ἀεὶ
983 5242 1087 5298 ἰωκ-
1143 5238 1203 5298 t]
1205 5238 1291 5302 ms
1343 5237 1519 5302 Koet.
1585 5238 1635 5319 Β)
1686 5240 2000 5304 Gcmbicze
2048 5238 2200 5304 Cod.
2246 5240 2423 5305 Kost.
2473 5242 2524 5321 ⁹)
2571 5243 2718 5305 hora
2759 5245 3094 5304 Tertiarum
3144 5239 3295 5306 Cod.
3344 5242 3536 5306 Rozr.
3593 5241 3676 5329 ¹⁰)
3723 5247 3954 5324 Mezyk

855 5342 935 5402 Η]

943 5262 1003 5398 :3
1059 5342 1159 5402 ffit
1159 5354 1227 5402 aa
1275 5342 1471 5425 ‘Mazik
1519 5325 1670 5413 Cocl.
1717 5340 1906 5410 Rozr.
1967 5342 2040 5424 ΙΙ)
2088 5365 2163 5407 ne
2210 5347 2473 5424 caderet,
2521 5346 2713 5407 eundo
2761 5341 2913 5408 Cod.
2962 5343 3154 5408 Rozr.
3210 5346 3288 5425 ω)
3326 5347 3540 5425 Mezyk
3578 5343 3733 5410 Cod.
3766 5347 3960 5414 Kost.
