4342 6384
847 560 995 633 678
1995 583 2223 636 mimz
2275 584 2790 637 nuova-cums.
3385 564 3519 662 (Α.
3563 562 3656 638 D.
3699 560 3962 663 1442.)

841 765 1237 839 obedientia
1288 766 1807 857 praestabatur,
1863 767 2107 860 Regno
2160 768 2499 843 Poloniae
2552 770 2627 842 in
2679 770 3139 843 neutralitate
3183 774 3716 861 perseverante3
3775 770 3956 843 Uni-

840 885 1143 958 versitas
1199 885 1383 958 enim
1440 886 1661 959 studii
1716 886 2198 961 cracoviensis
2265 894 2571 961 tractatu
2637 888 2933 979 speciali
2989 911 3200 981 super
3259 890 3667 963 huiusmodi
3727 890 3954 962 schis-

842 1010 1027 1079 mate
1082 1005 1299 1094 edito,
1368 1006 1855 1080 concludebat:
1914 1007 2142 1080 Felici
2191 1012 2261 1079 et
2296 1029 2434 1080 non
2472 1009 2786 1101 Eugenio
2825 1031 2977 1083 esse
3015 1010 3510 1097 obediendum,
3567 1012 3958 1101 pluresque

843 1124 1365 1198 Universitates
1419 1126 1603 1199 idem
1658 1146 1816 1198 cum
1871 1126 1999 1199 illa
2054 1126 2477 1200 sentiebant.
2535 1129 2915 1201 Pontifices
2971 1129 3214 1221 itaque
3267 1130 3604 1202 ecclesiae
3661 1128 3954 1201 Poloni-

842 1266 961 1317 cae
992 1245 1307 1320 securius
1343 1247 1688 1337 putabant
1724 1246 2249 1321 neutralitatem
2289 1268 2600 1335 servare,
2634 1270 2841 1338 quam
2884 1248 3332 1340 opinionibus
3368 1250 3506 1321 niti
3537 1250 3591 1337 1)
3632 1253 3702 1321 et
3739 1270 3956 1321 unam

842 1370 1112 1456 partem
1166 1365 1398 1457 sequi,
1457 1366 1679 1440 altera
1732 1366 2155 1459 improbata3
2215 1366 2446 1438 omnia
2501 1372 2734 1440 tamen
2790 1367 3125 1442 beneficia
3188 1369 3515 1442 vacantia
3568 1369 3782 1441 iuxta
3835 1369 3952 1441 de-

842 1489 1031 1558 creta
1083 1485 1376 1559 Concilii
1433 1486 1852 1560 Basiliensis
1904 1485 2155 1579 gratiis
2203 1486 2610 1579 apostolicis
2666 1510 2805 1560 non
2843 1489 3414 1580 praevalentibus
3461 1488 3942 1573 conferebant,

845 1605 1255 1678 collationes
1311 1627 1587 1697 quoque
1654 1627 1890 1678 eorum
1952 1628 2091 1681 non
2153 1607 2438 1679 fuerunt
2492 1606 2705 1680 etiam
2762 1608 3138 1680 schismate
3195 1610 3432 1681 sedato
3489 1608 3952 1699 aliquatenus

844 1724 1184 1797 irritatae.

896 2078 1029 2150 Pax
1068 2079 1247 2150 inter
1290 2078 1625 2152 Elisabeth
1671 2083 1742 2152 et
1756 2183 1767 2192 ι
1783 2080 2206 2153 wladislaum
2248 2082 2486 2172 Regem
2531 2083 2733 2153 certis
2777 2082 3258 2154 conditionibus
3301 2082 3632 2168 confecta,
3679 2085 3900 2153 nene

1543 2201 1832 2272 eiusdem
1876 2200 2208 2273 Elisabeth
2251 2202 2538 2292 Reginae
2583 2202 2801 2273 subito
2846 2202 3250 2274 dissolvitur.

1052 2446 1412 2519 Mensibus
1449 2447 1722 2538 aliquot
1757 2447 2081 2520 Iulianus
2120 2448 2509 2521 cardinalis
2548 2449 2858 2540 Legatus
2899 2449 3084 2541 apud
3120 2448 3555 2522 Eridericum
3592 2450 3948 2522 Romano-

843 2588 999 2640 rum
1052 2567 1314 2659 Regem
1370 2572 1864 2655 commoratus,
1925 2588 2011 2640 ex
2068 2568 2341 2642 Vienna
2395 2569 2667 2641 Budam
2723 2570 2811 2641 ad
2866 2564 3338 2641 Wladislaum
3394 2570 3654 2663 Regem
3710 2590 3952 2643 mense

844 2686 1038 2761 Iunii
1067 2684 1129 2776 ²)
1184 2687 1536 2779 pervenit,
1596 2691 1668 2759 et
1721 2687 1947 2759 omnis
2002 2687 2140 2760 sibi
2193 2689 2414 2761 honor
2469 2693 2800 2780 tanquam
2875 2690 3140 2781 Legato
3205 2688 3592 2780 apostolico
3646 2711 3692 2761 a
3745 2689 3948 2763 Win-

843 2806 1068 2879 dislao
1098 2805 1161 2897 3)
1218 2812 1287 2879 et
1342 2805 1801 2899 optimatibus
1856 2806 2005 2879 suis
2062 2812 2131 2880 et
2185 2828 2226 2879 a
2281 2808 2466 2880 clero
2522 2813 2591 2881 et
2643 2809 2904 2900 populo
2942 2814 3052 2880 est
3089 2807 3475 2881 exhibitus,
3532 2808 3784 2881 Gausis
3822 2830 3945 2880 au-

843 2932 985 3000 tem
1037 2932 1322 3018 propter
1359 2947 1533 3017 quas
1572 2935 1887 3016 venerat,
1944 2926 2338 3001 Wladislao
2394 2928 2575 3020 Regi
2630 2932 2894 3001 secreto
2951 2928 3246 3019 apertis,
3303 2948 3492 3001 more
3528 2924 3946 3019 ‘prudentis-

844 3046 1008 3119 simi
1061 3047 1291 3138 coepit
1345 3048 1655 3119 suasoris
1710 3047 2019 3119 animum
2074 3048 2460 3121 sollicitare
2498 3048 2718 3139 Regis
2758 3048 2844 3120 ad
2881 3068 3152 3140 pacem,
3209 3068 3338 3120 nec
3377 3048 3605 3119 solum
3642 3048 3944 3139 regium,

845 3166 967 3239 sed
1020 3166 1533 3255 Praelatorum,
1590 3166 2067 3259 baronumque
2104 3168 2533 3260 Hungariae.
2591 3168 3030 3241 Wladislaus
3068 3171 3303 3240 autem
3351 3168 3508 3240 Rex
3549 3168 3828 3241 facilem
3869 3188 3946 3239 se

844 3290 915 3357 et
966 3285 1381 3359 benevolum
1438 3306 1711 3378 semper
1765 3289 1850 3359 ad
1905 3309 2143 3379 pacem
2200 3287 2421 3361 fuisse
2475 3288 2866 3379 respondit,
2925 3294 2996 3360 et
3048 3309 3174 3379 pro
3229 3287 3719 3380 consequenda
3774 3308 3947 3378 pace

842 3405 1117 3478 vicibus
1170 3406 1495 3497 pluribus
1551 3408 1911 3481 Praelatos
1968 3412 2038 3481 et
2091 3410 2386 3481 barones
2443 3408 2814 3499 utriusque
2852 3409 3081 3500 Regni
3118 3408 3228 3480 sui
3267 3408 3354 3479 ad
3390 3409 3760 3481 Elisabeth
3798 3410 3940 3481 Re-

840 3526 1075 3619 ginam
1133 3526 1272 3599 iam
1325 3526 1399 3599 in
1456 3528 1847 3620 Przesburg
1876 3530 1965 3618 ⁴¹⁴),
2022 3529 2162 3601 iam
2218 3529 2292 3600 in
2348 3529 2712 3601 Iavriuum
2770 3530 3136 3621 fatigasse,
3195 3530 3514 3621 etplura
3567 3528 3762 3619 pacis
3799 3548 3942 3599 me·

841 3646 987 3737 dia,
1046 3668 1223 3739 quae
1277 3647 1362 3719 ab
1419 3646 1574 3739 ipsa
1629 3648 1993 3719 Elisabeth
2048 3647 2322 3740 Regina
2375 3649 2566 3721 fuere
2622 3648 3024 3740 repudiata,
3085 3647 3434 3720 obtulisse
3489 3647 3758 3733 docuit,
3815 3648 3942 3718 sed

842 3771 913 3839 et
969 3770 1139 3839 tunc
1191 3788 1431 3857 pacem
1488 3766 1841 3857 suscipere
1897 3766 2108 3839 etiam
2164 3788 2322 3839 cum
2379 3768 2672 3859 aliquali
2728 3767 2905 3840 iuris
2963 3768 3074 3839 sui
3130 3767 3578 3859 derogatione
3631 3787 3768 3837 non
3817 3767 3938 3837 ab·

840 3886 1133 3975 nuebat;
1190 3886 1390 3960 cuius
1448 3886 1711 3978 optima
1764 3887 1850 3958 ad
1905 3907 2147 3977 pacem
2203 3886 2526 3959 Iulianus
2564 3887 2956 3959 Cardinalis
3004 3889 3368 3958 voluntate
3406 3890 3793 3975 comperta,
3849 3886 3940 3956 ad

840 4006 1206 4079 Elisabeth
1260 4006 1603 4098 Reginam
1658 4006 1733 4077 in
1788 4006 2151 4079 Iavrinum
2209 4028 2283 4078 se
2339 4006 2671 4094 contulit,
2730 4006 2843 4078 illi
2899 4027 3172 4097 quoque
3227 4026 3478 4099 magna
3533 4027 3691 4077 cum
3726 4006 3934 4078 indu-

843 4124 1018 4196 stria
1071 4145 1311 4215 pacem
1366 4125 1697 4217 amplecti
1727 4125 1789 4215 5)
1846 4131 1916 4199 et
1970 4146 2302 4217 quaerere
2358 4126 2736 4198 consuluit.
2806 4126 2976 4217 Ipsa
3029 4146 3192 4197 vero
3247 4126 3518 4217 Regina
3571 4125 3940 4198 Elisabeth

841 4265 980 4316 non
1036 4243 1290 4315 minori
1340 4244 1704 4317 affectione
1740 4266 1981 4336 pacem
2020 4246 2331 4338 accipere
2371 4265 2806 4337 summopere
2845 4245 3248 4336 expetebat,
3297 4250 3580 4337 propter
3615 4244 3930 4332 nimiam,

842 4386 980 4456 qua
1032 4364 1508 4455 premebatur,
1568 4369 1979 4457 egestatem:
2039 4362 2270 4438 omnia
2324 4365 2506 4439 enim
2565 4386 2742 4456 quae
2795 4365 2870 4437 in
2925 4364 3264 4437 clenodiis
3319 4370 3389 4437 et
3441 4365 3759 4456 pecuniis
3813 4386 3932 4455 pa-

840 4485 1014 4557 ratis
1069 4484 1399 4573 habebat,
1458 4484 1533 4558 in
1586 4506 1907 4577 guerram
1962 4490 2398 4578 erogaverat,
2455 4484 2888 4577 grandiaque
2935 4485 3172 4557 debita
3209 4488 3674 4557 contraxerat.
3733 4483 3934 4556 Varii

840 4604 1079 4697 itaque
1132 4604 1451 4695 partibus
1490 4626 1731 4697 pacem
1770 4605 2123 4697 suscipere
2170 4604 2772 4678 consentientibus
2812 4606 3196 4676 volvuntur
3233 4606 3577 4675 tractatus
3615 4605 3701 4676 de
3735 4624 3924 4695 pace,

838 4724 1272 4797 conditiones
1336 4724 1529 4816 pacis
1591 4726 1758 4797 hinc
1822 4725 1984 4797 inde
2050 4726 2494 4799 exhibentur.
2579 4726 2948 4798 Elisabeth
2996 4724 3269 4817 Regina
3305 4724 3486 4815 petit
3539 4725 3614 4796 in
3651 4723 3928 4815 primis„

838 4849 920 4916 ut
982 4844 1419 4917 Wladislaus
1484 4845 1639 4918 Rex
1704 4846 1842 4919 iuri
1907 4850 1977 4919 et
2030 4846 2244 4918 titulo
2309 4845 2538 4937 Regni
2601 4844 3009 4937 Hungariae
3075 4845 3364 4918 excedat
3431 4848 3500 4916 et
3552 4843 3924 4927 renuntiet,

839 4970 908 5038 et
945 4964 1127 5037 illud
1164 4964 1623 5039 nihilominus
1660 4970 1944 5058 accepta
1980 4966 2128 5039 filia
2166 4986 2294 5037 sua
2331 4950 2593 5037 seniori
2627 4964 2703 5037 in
2741 4984 3061 5053 uxorem,
3103 4964 3190 5035 ad
3228 4963 3553 5055 quintum
3593 4963 3926 5035 decimum

838 5106 1097 5157 annum
1150 5084 1287 5158 filii
1342 5084 1454 5157 sui
1506 5086 1851 5174 Ladislai,
1908 5086 2226 5159 habendo
2255 5086 2322 5175 ὃ)
2377 5086 2657 5176 plenam
2712 5085 3206 5157 auctoritatem
3263 5082 3565 5157 faciendi
3617 5082 3924 5154 donatio-

1054 5356 1100 5438 1)
1148 5360 1319 5420 inniti
1368 5354 1520 5421 Cod.
1566 5355 1741 5421 Kost.
1791 5358 1847 5437 Ω)
1892 5358 1966 5420 de
2007 5376 2212 5417 mense
2255 5358 2424 5417 Iunio
2475 5352 2627 5419 Cod.
2661 5352 2838 5419 Kost.
2891 5355 2942 5433 ³)
2975 5376 3012 5415 a
3043 5356 3371 5416 wladislao
3399 5356 3566 5431 Rege
3594 5350 3721 5417 Ed.
3751 5351 3924 5435 Lips.

846 5460 899 5540 ⁴)
945 5462 1280 5540 Preszburg
1322 5459 1452 5523 Ed.
1500 5459 1681 5545 Lips.
1732 5458 1783 5541 ⁵)
1833 5461 2141 5538 complecti
2191 5454 2344 5522 Cod.
2391 5458 2567 5522 Kost.
2616 5458 2669 5538 θ)
2713 5460 2933 5521 habeat
2973 5456 3100 5521 Ed.
3145 5455 3327 5541 Lips.
