4342 6384
379 528 520 632 (Α.
559 530 650 615 D..
691 534 946 642 ¹43⁵.)
1547 562 1780 623 mum
1825 562 2344 623 memus.
3326 548 3481 623 5162?

383 768 555 841 gens
611 744 918 835 laetitia,
977 751 1048 819 et
1108 735 1434 840 'sequenti
1472 749 1526 837 1)
1580 754 1784 823 nocte
1837 749 1913 823 in
1967 749 2250 843 signum
2302 746 2647 843 triumphi
2702 754 2773 824 et
2825 750 3141 826 laetitiae
3194 754 3483 847 clangor

386 888 908 960 campanarum,
965 871 1046 944 et
1107 867 1377 960 guium
1437 869 1838 951 amentium
1901 870 2353 969 undiquaque
2414 871 2552 947 foci
2606 872 2959 963 complent
3016 871 3263 953 arbom
3318 873 3476 947 cra-

385 1007 802 1063 conensem.

1020 1315 1330 1407 16513161
1373 1317 1608 1394 Paulus
1653 1317 2002 1393 wladimiri
2049 1319 2130 1392 do
2175 1318 2528 1393 Bndzovo
2572 1322 2862 1399 noritur.

595 1556 980 1633 Undecima
1009 1553 1071 1647 2)
1126 1556 1365 1631 Martii
1417 1558 1758 1653 Magister
1808 1557 2077 1633 Paulus
2133 1558 2539 1632 Wladimiri
2592 1559 2677 1633 de
2722 1560 3101 1635 Brudzewo
3156 1563 3480 1637 Decreto-

383 1698 542 1754 rum
595 1676 875 1765 Ductor,
932 1681 1172 1751 custos
1227 1682 1298 1751 et
1353 1676 1740 1755 canonieus
1779 1678 2293 1767 cracoviensis,
2346 1699 2603 1771 genere
2658 1680 2916 1754 nobilis
2970 1682 3056 1755 de
3110 1682 3311 1755 domo
3340 1684 3477 1756 Do-

385 1800 628 1891 langa,
682 1797 870 1891 apud
925 1797 1325 1871 cracoviam
1380 1797 1454 1871 in
1509 1798 1678 1871 aede
1733 1819 1860 1871 sua
1910 1798 2338 1887 canonicali,
2396 1821 2603 1891 quam
2650 1800 3016 1893 magnifico
3072 1807 3357 1896 sumptu
3395 1803 3481 1876 de

386 1919 604 1993 latere
659 1924 854 1991 cocto
909 1917 1428 2008 aedificaverat,
1487 1916 1805 2006 moritur,
1864 1922 1936 1990 et
1987 1917 2065 1991 in
2103 1917 2545 1993 cracoviensi
2602 1919 2897 1993 ecclesia
2952 1921 3314 2014 sepelitur.
3354 1922 3482 1995 Vir

386 2038 736 2131 probitate
791 2043 860 2111 et
912 2058 1067 2112 raro
1123 2036 1197 2109 in
1249 2038 1551 2131 patriam
1607 2039 1757 2111 zelo
1813 2042 2026 2131 atque
2078 2059 2311 2112 amore
2365 2037 2695 2133 insignis,
2762 2039 3055 2117 cuilibet
3107 2042 3257 2115 viro
3310 2042 3478 2115 illu-

387 2157 520 2233 stri
573 2158 1088 2251 coaequandus,
1141 2158 1348 2233 66163
1387 2159 1656 2235 obitum
1709 2156 2053 2253 propositi
2090 2158 2230 2232 mei
2266 2158 2563 2247 oblitae,
2620 2180 2756 2253 quo
2793 2162 3274 2237 tantummodo
3312 2161 3477 2235 illu·

387 2278 639 2353 strium
695 2298 1024 2353 excessus
1079 2277 1380 2353 scribere
1431 2280 1907 2369 decreveram,
1961 2278 2318 2373 praesenti
2355 2278 2547 2371 operi
2599 2278 2897 2369 inserui,
2957 2281 3284 2376 quoniam
3338 2282 3479 2355 vir-

388 2404 506 2471 tus
561 2420 689 2472 sua
742 2402 823 2471 ut
861 2397 1034 2473 viris
1089 2398 1515 2473 insereretur
1574 2399 2008 2488 illustribus,
2076 2399 2494 2473 merebatur.
2576 2389 2687 2472 Ex
2754 2399 3073 2473 omnibus
3126 2400 3478 2493 siquidem

388 2540 556 2591 suae
605 2518 896 2609 aetatiS,
962 2540 1101 2591 non
1156 2518 1380 2591 dicam
1443 2518 1898 2609 Doctoribus,
1974 2519 2095 2592 sed
2157 2540 2287 2593 nec
2349 2518 2782 2607 hominibus,
2857 2540 3059 2593 nemo
3114 2520 3477 2611 fervidius,

383 2660 584 2713 nemo
640 2637 1085 2731 diligentius,
1151 2659 1352 2712 nemo
1417 2638 1813 2713 accuratius
1884 2659 2011 2731 pro
2083 2643 2425 2713 terrarum
2490 2638 2971 2728 Pomeraniae,
3048 2639 3478 2713 chelmensis

377 2764 458 2831 et
509 2757 1085 2831 Michaloviensis
1147 2779 1273 2850 per
1337 2758 1724 2832 cruciferos
1787 2759 1872 2832 de
1935 2757 2229 2831 Prussia
2298 2762 2791 2849 occupatarum
2851 2758 3335 2849 restitutione,
3410 2764 3481 2833 et

385 2900 512 2973 pro
569 2878 943 2953 eorundem
999 2878 1505 2953 cruciferorum
1561 2877 1976 2953 exterminio
2035 2883 2105 2951 et
2155 2878 2428 2969 patriae
2482 2878 2773 2967 honore,
2830 2878 2904 2951 in
2942 2878 3249 2953 Concilio
3305 2880 3476 2953 Con-

386 2998 796 3087 stantiensi,
853 2999 1149 3086 Romae,
1207 2998 1448 3071 Budae
1504 3003 1573 3070 et
1627 2998 1790 3071 aliis
1842 2996 2170 3090 pluribus
2224 2996 2401 3071 16613
2457 2997 2655 3069 visus
2712 3002 2819 3071 est
2862 2998 3320 3079 exactissimo
3374 3000 3477 3072 la-

383 3120 552 3193 bore
605 3118 976 3193 insudasse
1004 3116 1097 3208 3);
1151 3139 1352 3192 66166
1395 3139 1530 3211 ‚pro
1570 3118 1926 3191 fundanda
1979 3121 2049 3191 et
2085 3116 2511 3191 intendenda
2538 3117 2602 3207 ⁴)
2656 3117 2885 3210 Regni
2920 3118 3270 3209 Polonici,
3310 3140 3478 3213 quo·

385 3240 476 3313 ad
546 3244 770 3312 terras
839 3238 1266 3329 praedictas,
1339 3237 1766 3330 proprietate
1799 3236 1860 3327 5)
1917 3242 1986 3311 et
2057 3235 2369 3324 iustitia,
2426 3237 2632 3328 plura
2704 3237 3123 3329 scriptorum
3196 3260 3480 3316 suorum

385 3362 868 3445 monumenta,
927 3357 1180 3449 quibus
1236 3356 1310 3429 in
1349 3377 1497 3430 eam
1553 3356 1736 3429 diem
1772 3356 2062 3443 utimur,
2121 3355 2343 3428 scitus
2382 3360 2490 3429 est
2542 3355 2939 3451 reliquisse.
2998 3358 3207 3431 Hunc
3246 3363 3478 3432 tamen

383 3480 605 3553 talem
661 3484 730 3550 et
784 3482 1060 3550 tantum
1124 3476 1352 3549 virum
1417 3476 1492 3548 in
1556 3476 1842 3549 occidua
1904 3480 2132 3549 aetate
2196 3474 2693 3564 constitutum,
2760 3477 2844 3551 de
2906 3478 3263 3552 beneficiis
3329 3478 3479 3551 suis

385 3599 886 3673 nonnullorum
941 3598 1363 3669 Polonorum
1417 3596 1809 3689 ingressum
1864 3595 2229 3689 religionis
2267 3594 2405 3668 sibi
2460 3594 2937 3669 obiicientium
2992 3597 3485 3671 deturbaverat

385 3718 710 3807 ambiti03
766 3717 838 3789 in
895 3716 1256 3809 captandis
1301 3716 1667 3789 doctrinae
1721 3720 1791 3789 et
1843 3715 2258 3807 prudentiae
2312 3714 2567 3788 studiis
2623 3717 2793 3789 adeo
2848 3715 3185 3790 mirificus
3242 3722 3311 3791 et
3366 3718 3480 3791 de·

385 3842 612 3928 ditus,
669 3842 751 3909 ut
803 3837 1094 3911 lectioni
1156 3836 1496 3909 librorum
1558 3816 1961 3925 1611661663,
2026 3835 2258 3909 cibum
2326 3857 2597 3909 sumere
2660 3836 2801 3910 nisi
2866 3858 2907 3909 a
2962 3835 3185 3909 servis
3241 3837 3476 3910 admo-

383 3960 582 4033 nitus
613 3960 675 4047 6)
731 3957 1287 4031 oblivisceretur.
1345 3956 1520 4029 Eius
1573 3957 1897 4048 precibus
1954 3961 2024 4029 et
2077 3956 2351 4029 meritis
2388 3955 2827 4029 Wladislaus
2867 3956 3214 4030 secundus
3269 3957 3475 4029 Polo-

383 4082 548 4153 niae
603 4082 757 4154 Rex
811 4082 1204 4170 permotuS‚
1261 4077 1344 4149 de
1383 4077 1677 4150 ecclesia
1713 4076 2102 4168 parochiali
2138 4077 2380 4151 Sancti
2419 4076 2700 4169 Aegidii
2755 4075 2827 4147 in
2864 4076 3235 4165 Klodowa,
3276 4076 3477 4149 cuius

383 4201 542 4293 ipse
597 4199 932 4293 Magister
986 4198 1253 4269 Paulus
1309 4200 1477 4269 tunc
1530 4196 1870 4289 plebanus
1927 4203 2106 4285 erat,
2165 4196 2663 4269 monasterium
2719 4195 3219 4269 canonicorum
3274 4218 3476 4289 regu-

381 4320 644 4395 larium
707 4318 894 4391 beati
957 4316 1344 4409 Augustini
1415 4316 1636 4389 creari
1698 4317 2081 4405 consensit,
2157 4316 2481 4409 ingressu
2554 4315 2962 4409 Sandivogii
3034 4317 3117 4389 de
3189 4316 3482 4388 czechel

379 4440 674 4516 Artium
729 4442 800 4510 et
851 4437 1266 4529 Theologiae
1321 4435 1642 4529 Magistri
1699 4441 1771 4508 et
1825 4436 1976 4509 eius
2029 4436 2219 4507 vitae
2277 4436 2739 4508 sanctimonia
2791 4436 3256 4509 illustratum.

605 4729 650 4809 ¹)
698 4730 1080 4805 consequenti
1135 4726 1264 4791 Ed.
1325 4726 1506 4811 Lipe.
1585 4727 1649 4807 ³)
1695 4727 2080 4802 Quindecim
2142 4722 2295 4791 0001.
2356 4725 2533 4791 Kost.
2626 4726 2683 4809 ⁸)
2726 4730 3051 4793 exsudans
3110 4726 3236 4799 Ed.
3299 4726 3479 4812 Ζὸμ.

380 4833 446 4912 ι)
491 4833 864 4899 extendenda
919 4830 1047 4895 Ed.
1093 4829 1274 4913 Lips.
1354 4830 1408 4911 ὅ)
1452 4850 1561 4909 pro
1597 4850 1854 4907 quarum
1898 4832 2259 4907 proprietate
2311 4828 2443 4894 Ed.
2488 4828 2670 4917 Lipss·
2747 4829 2805 4919 θ)
2842 4833 3263 4900 admoneretur
3325 4827 3479 4897 Coa.

375 4933 606 4997 Przez.
