4342 6384
928 574 967 645 7
982 574 1075 645 14
2078 596 2304 651 11111111
2355 594 2866 651 111101111οω110.
3465 572 3600 677 (Α.
3639 574 3737 650 D.
3779 572 4034 673 1444.)

924 786 994 852 et
1048 781 1235 867 loca,
1296 784 1367 851 et
1421 780 1714 871 Despoti
1749 780 2062 873 geminos
2099 782 2286 853 filios
2325 782 2722 870 constabat,
2781 781 3282 855 satisfaciendo
3321 782 3858 855 conditionibus
3899 784 4034 855 foe-

920 900 1195 987 derum,
1250 899 1637 972 reddidisse
1696 904 1765 971 et
1824 900 2256 993 resignasse,
2323 902 2703 993 cogebatur
2737 902 3003 974 bellum
3040 922 3312 994 gerere,
3369 902 3606 974 divino
3641 902 4032 993 praesidio,

923 1020 1106 1110 quod
1172 1018 1310 1091 sibi
1372 1019 1602 1110 priore
1666 1019 1853 1093 bello
1916 1020 2303 1111 propitium
2365 1024 2697 1109 noverat,
2763 1026 2838 1093 et
2900 1021 3101 1095 cuius
3165 1022 3508 1095 ultionem
3571 1024 3780 1094 velut
3842 1023 4032 1095 iura-

923 1139 1144 1211 menti
1194 1138 1747 1231 praevaricator,
1804 1143 1875 1211 et
1928 1139 2167 1212 tacitis
2226 1140 2553 1233 suspiriis
2609 1147 2680 1213 et
2713 1141 3022 1232 publicis
3059 1142 3340 1215 fletibus
3377 1141 3610 1214 animo
3647 1142 3794 1214 iam
3829 1162 4032 1232 prae·

925 1259 1273 1351 sagiebat,
1332 1258 1751 1347 destitutus,
1810 1260 1929 1332 sed
1976 1264 2047 1331 et
2084 1260 2320 1351 copias
2373 1260 2724 1333 exercitus
2763 1261 2874 1333 sui
2913 1261 3118 1352 longe
3153 1262 3516 1353 pauciores
3553 1261 3816 1353 copiis,
3877 1282 4034 1333 cum

922 1379 1179 1469 quibus
1234 1400 1414 1451 anno
1470 1380 1826 1471 superiore
1881 1380 2144 1453 bellum
2198 1383 2543 1474 gesserat,
2603 1400 2778 1471 quas
2831 1380 3047 1472 duplo
3101 1385 3345 1453 auctas
3399 1381 3761 1469 credebat,
3820 1381 4032 1453 intel·

923 1498 1186 1590 ligenS,
1247 1520 1461 1590 quum
1516 1504 1800 1591 propter
1836 1500 1891 1588 1)
1948 1520 2141 1591 spem
2197 1500 2566 1572 conclusae
2611 1520 2767 1572 cum
2805 1499 3050 1571 Turcis
3087 1499 3316 1592 pacis,
3371 1520 3599 1593 neque
3635 1505 3886 1573 tantae
3923 1520 4032 1572 co·

922 1619 1080 1710 piae
1135 1640 1208 1691 se
1259 1624 1591 1710 pararant
1646 1620 1732 1691 ad
1788 1620 2085 1706 bellum,
2142 1639 2367 1710 neque
2421 1619 2510 1691 ad
2564 1619 2747 1691 diem
2779 1617 2842 1708 2)
2899 1624 3245 1691 statutum
3290 1620 3690 1693 Danubium
3731 1620 4030 1693 traiece-

923 1743 1114 1827 rant,
1174 1739 1296 1811 sed
1350 1743 1422 1812 et
1475 1738 1685 1811 multi
1738 1738 2003 1811 milites
2041 1738 2409 1827 Poloniae,
2469 1740 2671 1831 quasi
2709 1740 2892 1812 altas
2930 1738 3342 1830 largitiones
3379 1740 3856 1831 expetissent,
3919 1759 4030 1811 co-

923 1862 1130 1948 gente
1170 1858 1477 1947 defectu,
1536 1857 1725 1931 abire
1761 1857 2087 1949 permissi
2125 1861 2323 1947 sunt,
2384 1864 2802 1951 suggerente
2838 1858 3016 1950 Regi
3053 1858 3350 1951 quodam
3389 1860 3825 1947 consultore,
3880 1860 4032 1931 illis

923 1998 1063 2049 non
1117 1976 1462 2069 indigere,
1520 1978 1809 2049 anxium
1864 1982 2346 2069 moestumque
2399 1980 2722 2052 trahebat
2776 1978 3137 2069 spiritum,
3197 1980 3519 2069 querelas
3575 1998 3786 2069 saepe
3831 1978 4029 2070 inge·

924 2096 1231 2184 minans,
1291 2098 1477 2188 quod
1513 2100 1682 2170 tunc
1722 2097 1988 2171 milites
2025 2098 2362 2170 Poloniae
2397 2099 2572 2171 fidos
2628 2098 2799 2188 sibi,
2855 2099 3038 2169 malo
3093 2118 3472 2188 persuasus
3527 2098 3860 2186 consilio,
3917 2120 4028 2171 re-

926 2215 1270 2304 misisset,
1328 2237 1485 2290 cum
1540 2216 1823 2289 illorum
1870 2236 2061 2289 'usus
2128 2217 2352 2309 magis
2419 2217 2557 2291 sibi
2619 2221 2805 2291 esset
2857 2216 3328 2305 neccssariuS,
3396 2222 3468 2290 et
3521 2217 3830 2288 donandi
3883 2218 4032 2289 lar·

925 2335 1301 2427 giendique
1357 2336 1556 2427 copia
1607 2356 1951 2427 nusquam
2012 2336 2232 2409 maior
2286 2342 2715 2429 suppeteret.
2771 2336 3142 2409 Transitus
3191 2340 3424 2409 autem
3459 2336 3680 2429 Regis
3717 2341 3792 2409 et
3829 2356 4032 2409 exer-

926 2455 1111 2527 citus
1165 2477 1303 2527 11011
1357 2476 1481 2547 per
1536 2456 1897 2545 Rasciam,
1952 2461 2037 2528 ut
2090 2456 2446 2547 superiore
2501 2477 2682 2529 anno
2737 2456 2904 2545 fuit,
2965 2456 3086 2530 sed
3139 2456 3345 2529 iuxta
3397 2456 3662 2530 flumen
3715 2457 4032 2530 Danubii

924 2596 1049 2666 per
1102 2575 1423 2667 Regnum
1480 2574 1855 2667 Bulgariae
1910 2574 2149 2666 copiae
2204 2596 2444 2647 omnes
2508 2575 2720 2648 tertia
2770 2575 2884 2647 die
2938 2575 3358 2649 Novembris
3411 2576 3782 2649 traductae
3837 2582 4028 2649 sunt.

926 2694 1147 2785 Culpa
1200 2694 1425 2767 omnis
1478 2694 1553 2767 in
1590 2694 1961 2767 Nicolaum
2014 2694 2410 2786 Lassoczky
2440 2692 2502 2783 ³)
2557 2694 2894 2767 decanum
2943 2693 3501 2785 cracoviensem,
3558 2697 3686 2787 qui
3733 2716 3820 2769 ea
3853 2700 4028 2768 tem·

926 2816 1199 2904 pestate
1266 2817 1337 2885 et
1396 2812 1751 2885 actionum
1822 2813 2171 2905 regiarum
2237 2817 2307 2887 et
2359 2813 2848 2887 thesaurorum
2915 2819 3065 2888 erat
3125 2814 3546 2906 praecipuus
3609 2815 4028 2902 moderator,

928 2932 1190 3006 arbiter
1245 2937 1316 3004 et
1368 2953 1745 3025 expensor,
1811 2932 2376 3023 retorquebatur,
2445 2937 2515 3006 et
2571 2933 2881 3025 suscepti
2945 2938 3186 3006 contra
3248 2933 3492 3007 foedus
3545 2937 3620 3007 et
3672 2934 4028 3007 iusiuran-

929 3052 1093 3122 dum
1148 3050 1223 3123 in
1278 3053 1538 3124 Turcos
1600 3051 1774 3125 belli
1832 3056 1904 3125 et
1958 3052 2199 3124 solatii
2243 3052 2554 3125 militum
2601 3054 2970 3143 Poloniae,
3030 3052 3150 3144 qui
3207 3074 3281 3127 se
3333 3052 3566 3126 iuvari
3620 3054 4030 3126 Pannonico

929 3191 1098 3244 auro
1154 3172 1613 3262 expetebant,
1670 3170 2065 3244 abiiciendi.

930 3526 1321 3599 wladislaus
1364 3526 1505 3600 Rex
1549 3542 1689 3599 cum
1736 3528 2033 3600 exercitu
2078 3542 2198 3599 sno
2236 3544 2468 3599 verns
2495 3526 2966 3616 Adummim
2995 3526 3354 3616 profectu,
3399 3526 3756 3616 perieulu-
3783 3526 4030 3613 vitus,

1366 3648 1449 3718 ad
1494 3648 1829 3719 sinistram
1874 3648 2169 3720 deflectit
2217 3651 2288 3719 et
2333 3648 2504 3720 circa
2545 3648 2900 3720 Danubium
2941 3649 3071 3721 iter
3113 3664 3300 3719 snum
3343 3648 3589 3737 dirigit.

1137 3894 1518 3985 Postquam
1573 3892 1794 3985 igitur
1856 3894 2011 3967 Rex
2067 3894 2142 3965 111
2198 3895 2603 3987 Bulgariam
2659 3894 2936 3968 traiecit
2997 3915 3121 3986 per
3183 3915 3470 3986 passum
3535 3891 3910 3967 Orschawa
3934 3892 4024 3983 ⁴),

932 4012 1053 4104 qui
1108 4019 1215 4086 est
1270 4014 1343 4086 in
1398 4012 1707 4086 citeriori
1739 4013 1800 4103 5)
1853 4014 2010 4105 ripa
2063 4015 2372 4087 Danubii
2425 4036 2672 4088 versus
2726 4015 3195 4107 Hungariam,
3262 4015 3512 4105 quarta
3564 4012 3678 4086 die
3733 4013 4022 4085 Floren-

930 4133 1191 4219 tinum,
1250 4137 1319 4205 et
1374 4138 1577 4205 sexta
1630 4133 1991 4205 Bidinium
2048 4133 2119 4205 in
2177 4135 2500 4207 ulteriori
2553 4134 2708 4226 ripa
2761 4134 3068 4207 Danubii
3123 4138 3194 4206 et
3247 4133 3321 4204 in
3375 4132 3529 4224 ipso
3566 4130 3814 4223 Regno
3851 4132 4022 4203 Bul·

930 4251 1165 4342 gariae
1218 4251 1571 4342 pervenit,
1640 4252 1849 4324 fortia
1913 4252 2192 4343 quidem
2256 4275 2380 4345 pro
2449 4253 2758 4325 manuali
2821 4274 3058 4346 pugna
3111 4253 3437 4339 castella,
3494 4272 3672 4342 quae
3727 4272 4020 4343 magnus

932 4373 1192 4443 Teucer
1242 4371 1568 4463 pluribus
1624 4370 1763 4443 iam
1818 4372 2250 4463 temporibus
2307 4373 2708 4463 occupavit,
2769 4378 2840 4446 et
2893 4394 3069 4465 quae
3123 4374 3277 4445 Rex
3333 4371 3484 4463 ipse
3527 4390 3932 4463 expugnare
3958 4370 4018 4459 ⁶)

933 4491 1248 4579 distulit,
1316 4492 1483 4583 quia
1548 4491 1685 4563 fuit
1746 4492 2023 4563 animus
2086 4492 2238 4564 eius
2303 4497 2548 4584 gentes
2612 4514 2776 4565 suas
2841 4493 2994 4566 01110
3055 4492 3315 4566 offensa
3367 4496 3438 4563 et
3491 4491 3814 4579 vulnere,
3875 4490 4018 4561 sine

934 4611 1189 4702 quibus
1246 4612 1672 4705 expugnatio
1726 4632 1881 4683 raro
1947 4611 2326 4703 contingit,
2395 4612 2594 4703 prius
2660 4612 3189 4703 Adrianopolim
3221 4613 3306 4701 ¹¹),
3363 4610 3610 4683 deinde
3665 4609 4014 4699 (101110Ρο-

934 4730 1059 4800 11111
1114 4750 1336 4822 usque
1392 4732 1786 4819 traducere,
1843 4735 1923 4803 ut
1978 4750 2053 4803 se
2108 4752 2264 4803 cum
2320 4732 2738 4822 apostolica,
2799 4731 3014 4803 Ducis
3053 4729 3534 4823 Burgundiae‚
3591 4728 4014 4801 Venetorum

932 4854 1003 4921 et
1058 4849 1513 4923 Ianuensium
1544 4850 1606 4941 ε5)
1664 4850 2015 4923 maritima
2068 4852 2293 4924 classe
2328 4850 2812 4944 coniungeret,
2868 4871 3047 4942 quae
3084 4851 3270 4922 intra
3305 4848 3613 4921 Pharum
3651 4846 4006 4938 (101110110-

1150 5140 1197 5220 ¹)
1241 5147 1477 5217 praeter
1519 5138 1645 5203 Ed.
1692 5138 1875 5222 Lips.
1946 5137 1991 5219 ²)
2038 5102 2271 5218 tempus
2314 5139 2440 5203 Ed.
2488 5138 2670 5224 Lipe.
2739 5138 2793 5220 ⁸)
2837 5140 3093 5202 Lassoki
3151 5138 3278 5202 Ed.
3339 5136 3518 5221 Lips.
3583 5136 3637 5217 ⁴)
3697 5136 4014 5200 Puschawa

932 5241 1057 5305 Ed.
1106 5240 1285 5325 Lips.
1336 5242 1385 5321 ⁶)
1433 5244 1697 5303 ulteriori
1742 5241 1867 5303 Ed.
1916 5240 2096 5325 Lips.
2145 5243 2198 5321 ⁸)
2245 5262 2588 5320 oppugnare
2636 5238 2788 5305 Cod.
2837 5240 3011 5305 Kost.
3063 5241 3115 5323 ⁷)
3163 5243 3610 5318 Andrinopolim
3655 5236 3812 5303 0011.
3843 5238 4010 5301 Kost.

932 5347 1377 5423 Hadrinopolim
1428 5342 1577 5408 Cod.
1626 5344 1760 5407 Lis.
1811 5346 1861 5421 Β)
1911 5346 2312 5407 Genuensium
2361 5341 2512 5407 cod.
2558 5342 2734 5407 Kost.
