4342 6384
391 601 522 703 (Α.
561 602 652 687 D.
693 600 924 703 1441.)
1013 564 1020 569 ¹
1562 628 1790 681 mmm
1842 626 2355 680 Duomccnms·
3338 611 3481 680 667

391 812 594 887 tincti
657 811 1223 904 reperiebantur,
1290 811 1533 900 multi,
1591 832 1670 885 eo
1724 811 2043 901 vidente,
2112 812 2297 885 infra
2359 812 2601 886 divina
2638 813 2869 887 officia
2914 813 3364 905 procidebant
3419 817 3489 887 et

389 933 796 1025 palpitando
852 932 924 1005 in
979 938 1166 1006 terra
1203 932 1257 1023 ι)
1313 932 1646 1023 spiritum
1684 933 2041 1007 exhalant.
2101 933 2572 1007 Grassabatur
2609 938 2842 1007 aut-em
2882 934 3103 1027 pestis
3141 933 3297 1026 ipsa
3335 938 3483 1006 toto

393 1053 714 1142 aestatis,
791 1052 1112 1126 autumni
1168 1057 1238 1127 et
1292 1052 1546 1126 hiemis
1602 1056 1940 1144 tempore,
1999 1058 2071 1125 et
2122 1076 2263 1125 non
2316 1053 2458 1126 nisi
2509 1076 2667 1128 vere
2706 1054 3245 1146 superveniente
3290 1054 3483 1145 quie-

392 1172 517 1245 vit.
586 1175 689 1246 Ea
741 1178 974 1247 tamen
1037 1193 1178 1245 non
1246 1172 1598 1261 obstante,
1655 1173 1741 1245 ab
1801 1179 2097 1264 utraque
2161 1179 2362 1265 parte
2426 1174 2711 1247 assidue
2774 1179 3151 1263 certatum,
3220 1195 3347 1248 nec
3399 1175 3485 1246 ab

393 1292 602 1365 armis
657 1292 1040 1367 discessum
1097 1297 1221 1366 aut
1275 1295 1740 1384 temperatum
1798 1298 1927 1366 est.

577 1716 588 1725 .
707 1646 967 1720 louet·
1010 1647 1130 1720 sub
1175 1648 1385 1737 signis
1430 1649 1501 1719 ot
1544 1647 1746 1719 titulo
1791 1647 2128 1719 wladislai
2174 1646 2368 1737 Regis
2410 1648 2479 1719 in
2526 1647 2849 1738 Hungaria
2894 1648 3171 1720 cuditur.

598 1898 690 1970 Et
744 1896 912 1983 licet
975 1895 1049 1967 in
1105 1895 1356 1987 oppido
1420 1894 1890 1987 Krempnicza
1919 1893 1982 1984 ²)
2039 1899 2109 1969 et
2163 1896 2315 1968 eius
2380 1894 2737 1968 montibus
2793 1895 2865 1969 in
2920 1896 3329 1970 rebellionis
3388 1898 3481 1971 si-

389 2040 605 2112 gnum
659 2037 796 2090 non
851 2015 1230 2089 Wladislai
1286 2015 1502 2107 Regis
1557 2015 1965 2108 Hungariae
2018 2015 2093 2087 in
2148 2016 2465 2106 fioreni8‚
2534 2016 2654 2089 sed
2708 2014 3027 2089 Ladislai
3080 2016 3215 2090 filii
3268 2018 3486 2111 Regis

393 2136 667 2210 Alberti
722 2157 971 2209 nomen
1025 2141 1094 2209 et
1149 2157 1341 2208 arma
1395 2136 1815 2209 cuderentur
1846 2133 1930 2224 3),
1990 2135 2062 2208 in
2119 2136 2442 2209 omnibus
2501 2142 2734 2210 tamen
2788 2137 2950 2209 aliis
3007 2136 3363 2211 montibus
3392 2144 3488 2229 ‘et

392 2258 673 2332 fabricis
737 2257 1119 2331 Wladislai
1184 2257 1333 2331 veri
1395 2257 1614 2349 Regis
1671 2277 1864 2329 arma
1917 2262 1986 2329 et
2041 2256 2469 2349 subscriptio
2523 2258 2596 2331 in
2653 2262 2929 2331 moneta
2983 2279 3198 2331 aurea
3248 2263 3319 2330 et
3375 2280 3483 2330 ar-

389 2384 640 2472 gentea
690 2380 1148 2469 ponebantur.
1217 2377 1538 2451 Habebat
1592 2382 1828 2449 autem
1896 2378 2199 2451 fiorenus
2264 2377 2644 2451 Wladislai
2698 2378 2913 2469 Regis
2969 2378 3044 2449 in
3097 2398 3238 2451 una
3289 2383 3487 2469 parte

391 2522 578 2573 arma
631 2519 756 2591 per
783 2499 845 2588 ⁴)
900 2498 1240 2590 quadrum
1295 2498 1466 2570 sita:
1524 2497 1599 2569 in
1652 2518 1792 2570 una
1827 2502 2025 2588 parte
2061 2498 2307 2590 anguli
2362 2502 2561 2571 erant
2597 2518 2789 2571 arma
2823 2498 3228 2591 Hungariae
3254 2554 3271 2587 ,
3313 2520 3481 2591 qua-

392 2626 549 2693 tuor
601 2620 878 2708 barrae,
941 2619 1017 2691 in
1071 2618 1374 2692 secunda
1428 2638 1622 2690 arma
1675 2617 1904 2711 Regni
1959 2618 2323 2707 Poloniae‚
2382 2618 2623 2709 aquila
2677 2622 3007 2691 coronata
3060 2618 3199 2691 alis
3240 2624 3481 2692 exten-

393 2740 525 2827 εἰς,
581 2739 656 2812 in
695 2740 904 2813 tertia
942 2759 1135 2811 arma
1171 2740 1484 2811 Ducatus
1539 2738 1776 2830 Magni
1831 2738 2287 2827 Lithuaniae,
2346 2738 2457 2811 vir
2500 2743 2811 2812 armatus
2850 2738 3202 2812 vibratum
3239 2730 3486 2813 tenens

389 2858 736 2952 gladium,
803 2879 978 2951 equo
1044 2858 1390 2947 insidenS,
1457 2859 1529 2930 in
1596 2863 1846 2949 quarta
1909 2878 2083 2929 crux
2145 2878 2272 2948 per
2335 2863 2811 2935 transversum
2876 2859 3263 2952 geminata;
3320 2862 3481 2932 sub·

393 2978 679 3071 scriptio
735 2978 904 3051 talis
958 2979 1352 3071 legebatur:
1417 2978 1858 3050 Wladislaus
1923 2978 2053 3050 Dei
2115 2979 2346 3070 gratia
2410 2980 2565 3053 Rex
2620 2977 3061 3071 Hungariae;
3128 2979 3201 3051 in
3266 2980 3488 3053 altera

391 3105 591 3191 parte
647 3098 875 3191 imago
933 3098 1176 3173 Sancti
1229 3097 1544 3171 Ladislai
1577 3097 1635 3187 5)
1692 3098 2103 3189 ponebatur.

729 3452 975 3525 civitas
1019 3452 1376 3525 Koechioze
1420 3452 1666 3523 trustra
1711 3452 1792 3523 ab
1842 3451 2134 3523 exercitu
2182 3451 2514 3524 wladislai
2559 3452 2754 3542 Regis
2798 3452 3154 3524 obsidetur.

600 3701 1091 3775 Temeritatem
1132 3699 1393 3773 civium
1441 3701 1525 3773 de
1563 3699 1954 3773 Koschicze
1986 3700 2050 3788 6)
2117 3698 2553 3772 Wladislaus
2616 3700 2772 3773 Rex
2835 3721 2973 3772 non
3030 3700 3288 3788 ferens,
3346 3703 3485 3774 col-

391 3826 574 3899 lecto
629 3844 716 3896 ex
754 3820 1116 3914 Hungaris
1173 3820 1310 3894 sibi
1349 3820 1672 3894 fidelibus
1711 3819 2057 3907 exercitu,
2115 3821 2501 3892 Iohannem
2538 3820 2809 3911 Ozapek
2833 3820 2894 3909 ⁷)
2950 3818 3337 3893 Bohemum
3376 3822 3489 3895 illi

389 3947 464 4019 in
521 3944 963 4036 capitaneum
1028 3940 1471 4033 praeficiens,
1548 3944 1788 4013 contra
1853 3938 2216 4012 civitatem
2279 3939 2667 4011 Koschicze
2696 3938 2760 4028 8)
2834 3938 3289 4027 transmittit;
3367 3944 3486 4033 qui

396 4069 572 4141 illuc
624 4064 1038 4158 perveniens
1077 4068 1148 4136 et
1184 4064 1566 4136 Iohannem
1623 4062 1986 4152 Hluczsky
2017 4060 2104 4150 ⁹),
2171 4060 2489 4151 aliosque
2544 4059 2888 4131 Bohemos
2951 4060 3175 4151 pretio
3232 4062 3485 4134 condu-

388 4194 540 4263 ctos
587 4208 823 4261 secum
866 4184 1130 4257 habens
1169 4184 1286 4274 ¹⁰),
1344 4182 1702 4255 civitatem
1747 4181 2135 4253 Koschicze
2175 4180 2265 4269 ¹¹)
2314 4179 2674 4252 obsidione
2738 4179 2911 4251 dura
2958 4180 3337 4273 obstringit
3375 4181 3486 4271 ¹²).

392 4310 613 4402 Quam
669 4328 826 4381 cum
883 4303 1241 4377 mensibus
1295 4303 1568 4395 aliquot
1622 4300 2136 4387 continuasset,
2196 4305 2265 4373 et
2319 4300 2526 4372 multi
2582 4320 2669 4371 ex
2726 4299 3015 4373 civitate
3080 4300 3348 4374 incolae
3404 4304 3491 4374 ad

391 4432 637 4518 illum,
693 4426 919 4519 pressi
975 4429 1287 4517 egestate
1323 4444 1574 4515 magna
1628 4427 1699 4495 et
1736 4424 1950 4509 fame,
2010 4423 2495 4512 confugerant,
2552 4425 2764 4511 atque
2818 4441 3085 4493 omnem
3140 4420 3487 4493 residuam

395 4550 639 4645 oppidi
678 4545 1207 4621 multitudinem
1243 4566 1408 4636 prae
1446 4542 1772 4637 angustia
1808 4541 2046 4629 famis,
2105 4540 2534 4615 obsidionem
2580 4541 2987 4612 nullatenus
3042 4540 3487 4627 toleraturoS,

392 4671 817 4747 deditionem
873 4670 1128 4753 facere,
1197 4671 1384 4739 certo
1441 4667 1824 4749 constaret,
1893 4663 2389 4754 Hungarorum
2446 4660 2796 4733 exercitus
2862 4660 3091 4732 taedio
3150 4666 3219 4732 et
3275 4662 3486 4733 mole-

396 4793 536 4866 stia
591 4789 996 4883 vigiliarum
1051 4787 1374 4875 affectus,
1434 4784 1694 4857 sensim
1749 4784 1900 4857 sine
1956 4782 2244 4855 licentia
2308 4780 2603 4873 praefati
2660 4780 2996 4853 Iohannis
3052 4780 3322 4872 Czapek
3376 4802 3486 4853 ea·

395 4999 631 5009 ——-—-—

611 5116 656 5195 1)
701 5117 1062 5193 palpitantes
1107 5115 1168 5173 in
1215 5120 1428 5175 terram
1479 5108 1630 5175 Cod.
1679 5108 1856 5172 Kost.
1921 5108 1972 5189 Ω)
2019 5109 2431 5170 Krzemieuica
2494 5102 2648 5170 God.
2694 5104 2912 5168 Przez.
2966 5107 3321 5167 Kremnicza
3364 5104 3490 5167 Ed.

391 5220 574 5306 Lips.
637 5218 692 5297 ³)
740 5219 975 5279 nomine
1021 5224 1080 5278 et
1123 5236 1287 5278 arma
1330 5216 1675 5276 arder-entur
1718 5211 1846 5275 Ed.
1894 5209 2074 5294 Lips.
2138 5208 2189 5289 41)
2241 5212 2302 5271 in
2352 5206 2503 5273 Cod.
2550 5207 2727 5271 Kost.
2793 5207 2845 5287 ⁵)
2894 5210 2954 5269 S.
2998 5208 3265 5269 Ladislai
3312 5210 3493 5285 Regis

389 5322 521 5387 Ed.
554 5320 736 5405 Lipc.
789 5317 844 5405 ⁸)
879 5322 1093 5383 civium
1125 5320 1600 5381 Cassoviensium
1651 5314 1802 5379 Cod.
1827 5313 1961 5376 Lis.
2015 5312 2064 5392 ⁷)
2115 5314 2317 5390 Zapek
2348 5310 2472 5374 Ed.
2501 5310 2681 5397 Lipc.
2730 5311 2786 5392 ⁸)
2830 5314 3105 5389 Kozycze
3150 5308 3277 5372 Ed.
3311 5308 3492 5394 Lipc.

396 5424 456 5511 ⁹)
503 5426 774 5487 Hluczko
838 5420 990 5488 Cod.
1033 5421 1253 5485 Przez.
1313 5422 1542 5483 Huczki
1587 5418 1713 5482 Ed.
1761 5417 1941 5501 Lips.
2015 5414 2094 5502 ¹⁰)
2143 5418 2457 5478 habentem
2499 5413 2625 5479 Ed.
2678 5410 2854 5498 Lips.
2928 5414 3000 5494 ¹¹)
3045 5416 3321 5492 Kozycze
3367 5411 3492 5476 Ed.

393 5528 578 5614 Lipc.
635 5526 714 5609 Ι’)
759 5527 1124 5604 constringit.
1169 5521 1319 5588 cod.
1353 5522 1532 5585 Kost.
