4342 6384
366 533 498 633 (Α.
537 534 629 609 D.
670 532 922 633 1440.)
1495 558 1719 610 mmm
1770 556 2282 610 nvom-:cums
3310 540 3449 609 641

365 763 548 814 wara
580 742 952 815 Palatinus
996 742 1432 835 Hungariae,
1497 742 1872 815 Ladislaus
1911 743 1996 816 de
2035 742 2251 831 Gara,
2320 743 2641 831 Mathko,
2708 743 3103 816 Fristaczki
3169 748 3241 816 et
3296 764 3453 817 cae-

363 862 500 935 teri
555 884 791 937 omnes
843 863 1214 937 fidelitatis
1271 862 1663 935 Wladislao
1717 862 1898 955 Regi
1950 867 2317 955 praestant
2370 863 2864 937 iuramentum.
2923 864 3069 955 Quo
3108 865 3195 936 ab
3235 864 3457 938 omni·-

364 984 498 1055 bus
549 984 923 1075 praestito,
991 982 1429 1056 Wladislaus
1493 983 1651 1055 Rex
1714 982 2086 1056 deducitur
2147 984 2223 1055 in
2278 1004 2515 1056 eorum
2577 984 2915 1073 medium,
2987 990 3056 1057 et
3110 985 3186 1057 in
3238 986 3464 1057 altum

367 1103 690 1176 manibus
743 1105 1223 1177 Praelatorum
1279 1107 1350 1175 et
1401 1104 1737 1175 baronum
1803 1103 2207 1196 Hungariae
2272 1105 2619 1192 elevatus,
2687 1106 2773 1177 ab
2840 1105 2943 1177 eis
3010 1110 3079 1177 et
3134 1106 3465 1178 universo

367 1226 624 1315 populo
679 1224 976 1297 clamore
1031 1224 1266 1296 valido
1321 1223 1726 1316 Hungariae
1780 1224 1934 1296 Rex
1973 1224 2471 1315 pronuntiatur
2507 1230 2579 1297 et
2614 1226 3063 1298 acclamatur.
3120 1226 3465 1299 Posthaec

367 1344 443 1417 in
497 1345 836 1436 capellam
891 1344 1260 1418 deducitur
1297 1345 1376 1433 ¹),
1433 1344 1545 1415 Te
1600 1345 1875 1416 Deum
1930 1345 2419 1417 laudamus
2474 1342 2800 1419 cantatur
2853 1346 2939 1419 ab
2987 1345 3334 1437 episcopis
3392 1350 3461 1419 et

370 1465 584 1554 clero,
641 1464 980 1557 Dionysio
1043 1463 1395 1539 Cardinali
1451 1468 1522 1538 et
1557 1462 2079 1556 archiepiscopo
2148 1464 2626 1557 strigoniensi
2682 1464 3062 1539 Collectam
3092 1464 3156 1554 2)
3212 1466 3300 1537 ad
3354 1465 3457 1537 al-

368 1589 519 1657 tare
572 1584 647 1656 in
700 1584 1098 1677 praesentia
1150 1584 1366 1676 Regis
1421 1588 1492 1657 et
1546 1584 2027 1657 multitudinis
2079 1606 2207 1675 pro
2260 1605 2557 1676 persona
2611 1585 2991 1658 Wladislai
3045 1585 3262 1678 Regis
3300 1606 3458 1657 con-

369 1704 717 1777 cludente.
773 1704 952 1777 Mira
1005 1704 1262 1777 etenim
1319 1707 1388 1777 et
1441 1704 1697 1777 latenti
1752 1704 2034 1797 energia
2085 1725 2227 1775 non
2282 1704 2775 1799 Hungarorum
2824 1706 3302 1778 tantummodo
3342 1706 3461 1779 sed

369 1828 440 1897 et
492 1824 997 1897 Almannorum
1049 1827 1332 1915 pectora
1385 1843 1549 1917 erga
1585 1824 2057 1897 Wladislaum
2094 1824 2357 1916 Regem
2395 1823 2999 1915 gratificabantur:
3058 1847 3218 1897 nam
3266 1826 3461 1916 igno-

370 1946 518 2017 tum
576 1948 646 2017 et
699 1965 838 2016 non
892 1942 1124 2016 visum
1179 1943 1388 2015 multi
1443 1949 1567 2016 aut
1621 1944 2188 2032 contemnebant,
2248 1950 2371 2017 ant
2426 1944 2745 2031 oderant3
2814 1945 3028 2017 semel
3082 1966 3245 2017 vero
3302 1966 3460 2017 con-

372 2069 686 2156 spectum
741 2064 906 2136 dum
963 2062 1404 2137 attenderent
1466 2063 1976 2137 adolescentem
2019 2063 2246 2156 primo
2302 2064 2557 2137 aetatis
2606 2068 3010 2137 vernantem
3046 2065 3245 2154 flore,
3302 2086 3461 2137 eon-

371 2183 764 2256 versatione
833 2182 1245 2276 benignum,
1319 2183 1579 2276 gratia,
1654 2205 1822 2258 voce
1876 2188 1946 2257 et
2002 2184 2405 2275 eloquentia
2466 2184 2804 2257 blandum
2869 2188 2939 2257 et
2991 2185 3330 2271 nitidum,
3388 2185 3464 2257 in

371 2302 726 2394 quoslibet
779 2302 990 2376 etiam
1052 2304 1293 2377 hostes
1357 2301 1654 2377 infestos
1715 2305 2100 2377 humanum
2153 2308 2225 2377 et
2278 2304 2677 2385 liberalem,
2743 2304 2999 2377 mirum
3055 2304 3128 2377 in
3184 2305 3462 2377 modum

371 2422 456 2493 ab
513 2422 664 2495 eius
715 2423 1208 2497 benevolentia
1264 2423 1452 2516 capti
1506 2423 2081 2498 demulcebantur
2110 2422 2198 2513 ³).

370 2774 520 2845 Ilios
563 2776 930 2847 coronando
973 2776 1326 2850 wladislao
1370 2777 1772 2867 designatur.
1818 2778 2156 2851 Ladislaus
2187 2778 2270 2849 do
2300 2777 2463 2849 (lara
2495 2778 2573 2849 ob
2606 2778 3037 2867 suspicione·
3051 2832 3069 2863 ,
3114 2776 3286 2866 quod
3317 2778 3463 2865 ipso

376 2896 606 2965 autore
650 2894 982 2968 Elisabeth
1024 2897 1271 2987 Regius
1324 2914 1623 2969 coronam
1674 2898 1878 2987 Regni
1931 2898 2295 2987 ilungariae
2340 2898 2759 2983 sustulisset,
2804 2897 2875 2968 in
2918 2914 3237 2969 carcerem
3280 2897 3466 2967 iussu

848 3034 1176 3105 procerum
1219 3018 1583 3104 coniectus,
1621 3020 1959 3107 precatore
2001 3018 2355 3090 wladislao
2399 3019 2572 3108 Rogo
2617 3017 2987 3089 dimittitur.

578 3263 825 3336 Altera
877 3268 1112 3337 autem
1166 3264 1310 3354 die,
1369 3263 1540 3340 feria
1594 3264 1924 3337 videlicet
1972 3265 2223 3356 quinta
2259 3265 2333 3337 iu
2370 3266 2675 3338 crastino
2714 3266 3127 3338 Sanctorum
3163 3261 3360 3335 Petri
3395 3265 3466 3335 et

370 3382 614 3471 Pauli,
651 3384 962 3456 Praelati
1000 3390 1070 3457 et
1103 3384 1398 3457 barones
1435 3384 1839 3478 Hungariae
1878 3385 1952 3458 in
1992 3391 2300 3458 castrum
2339 3384 2665 3457 Budense
2702 3385 2775 3456 in
2814 3385 3046 3456 aulam
3085 3381 3463 3455 Wladislai

368 3502 588 3595 Regis
644 3503 1101 3593 conveniunt,
1159 3510 1230 3577 et
1284 3506 1588 3598 qualiter
1642 3525 1866 3597 quave
1921 3504 2032 3578 die
2078 3505 2592 3578 coronationem
2629 3503 3007 3577 Wladislai
3045 3502 3261 3595 Regis
3300 3523 3459 3573 con-

369 3623 822 3696 summationi
857 3623 1133 3698 debitae
1181 3627 1507 3699 mandare
1551 3625 1856 3717 possint,
1924 3625 2336 3698 deliberant.
2394 3625 2481 3697 In
2519 3624 2767 3715 primis
2805 3626 3039 3695 autem
3082 3622 3265 3694 diem
3320 3622 3455 3693 Do-

369 3742 700 3817 minicam
766 3744 1008 3819 Sancti
1072 3746 1314 3819 Alexii
1377 3766 1501 3837 pro
1565 3744 2006 3819 coronatione
2071 3745 2433 3817 nominant
2460 3745 2548 3833 ⁴).
2617 3743 2753 3816 Sed
2819 3742 3045 3816 oritur
3109 3740 3460 3832 extemplo

365 3863 785 3953 difficultas,
843 3886 979 3956 quo
1034 3864 1460 3953 diademate,
1537 3865 1756 3939 veteri
1812 3885 2061 3938 corona
2116 3865 2429 3947 sublata,
2486 3864 2734 3937 debeat
2789 3861 3126 3936 coronari.
3194 3862 3459 3933 Multos

369 3983 764 4056 amaritudo
821 3989 890 4057 et
943 3984 1160 4058 animi
1211 3986 1446 4078 passio
1513 3989 1834 4077 occupat,
1893 3984 2017 4056 alii
2071 3984 2409 4057 modestis
2459 3984 2729 4071 verbiS,
2788 3982 2912 4055 alii
2950 3982 3458 4074 indignatione,

369 4103 500 4176 alii
555 4104 784 4176 furore
837 4108 1080 4177 contra
1111 4104 1171 4193 5)
1225 4105 1636 4178 Ladislaum
1699 4106 1971 4177 Banum
2034 4105 2119 4178 de
2184 4105 2399 4193 Gara,
2467 4104 2681 4177 castri
2745 4102 3209 4194 Wischogrod
3242 4102 3329 4191 6),
3387 4101 3460 4173 in

367 4244 508 4317 quo
561 4244 812 4296 corona
867 4224 1308 4313 servabatur,
1365 4224 1824 4314 tenutarium,
1883 4230 2283 4297 moventur:
2342 4224 2547 4316 quasi
2600 4244 2679 4297 eo
2734 4224 3009 4297 conscio
3065 4227 3137 4296 et
3174 4241 3458 4294 suasore

367 4364 624 4416 corona
683 4344 920 4447 ablata
983 4344 1079 4417 sit
1141 4350 1212 4417 et
1265 4348 1542 4417 tantum
1601 4345 1843 4437 Regno
1909 4343 2217 4417 deducus
2282 4345 2585 4416 illatum.
2654 4342 2803 4417 Nec
2866 4342 3092 4433 aliqui
3156 4343 3453 4414 barones

369 4463 810 4556 Hungariae,
868 4464 990 4556 qui
1046 4485 1209 4537 suas
1263 4464 1627 4556 passiones
1681 4464 1962 4537 domare
2015 4485 2154 4536 non
2209 4463 2572 4551 valebant,
2628 4462 3142 4537 continuissent
3186 4481 3459 4548 manus,

369 4590 444 4657 et
497 4584 730 4675 ipsum
787 4585 1196 4657 Ladislaum
1251 4584 1335 4658 de
1388 4584 1604 4671 Gara,
1661 4606 1800 4656 non
1849 4584 2277 4676 suffragante
2314 4582 2451 4657 sibi
2485 4602 2734 4676 genere
2772 4587 2842 4657 et
2878 4582 3253 4675 dignitate,
3309 4582 3459 4673 gla-

367 4704 510 4778 diis
565 4704 1064 4793 concidissent,
1121 4704 1262 4777 nisi
1316 4703 1753 4778 Wladislaus
1808 4705 1964 4779 Rex
2024 4704 2451 4777 concitatum
2508 4704 2891 4777 multorum
2948 4701 3305 4775 fremitum
3353 4722 3459 4772 se-

367 4826 640 4913 dasset,
698 4828 768 4897 et
818 4823 1249 4916 praesidium
1304 4824 1590 4898 tulisset
1644 4824 1832 4900 vitae
1887 4846 2077 4898 suae.
2139 4826 2469 4899 Defertur
2506 4824 2787 4897 tandem
2824 4843 2937 4897 res
2974 4823 3061 4895 ad
3097 4822 3460 4913 populum,

368 4945 496 5037 qui
559 4945 634 5017 in
665 4949 1004 5039 ‚castrum
1067 4949 1512 5035 convenerat,
1570 4950 1640 5019 et
1691 4946 1916 5037 portis
1981 4945 2195 5019 castri
2258 4945 2555 5035 clausiS,
2628 4943 2973 5029 Praelati,
3042 4942 3337 5015 barones
3392 4944 3463 5012 et

365 5064 832 5139 communitas
885 5064 1299 5138 deliberant.
1366 5066 1676 5139 Tandem
1731 5065 2037 5138 omnium
2097 5086 2440 5139 consensu
2496 5070 2567 5138 et
2620 5064 2895 5137 decreto
2952 5061 3327 5136 Ladislaus
3377 5060 3462 5132 de

587 5339 634 5419 ¹)
680 5340 988 5403 deducitur
1031 5346 1092 5402 et
1132 5336 1260 5402 Ed.
1305 5335 1487 5422 Lips.
1550 5338 1603 5418 ²)
1647 5338 1896 5400 collecta
1949 5336 2102 5401 eod.
2147 5335 2325 5401 Kost.
2372 5339 2616 5400 collecto
2659 5335 2788 5400 Ed.
2833 5333 3016 5421 Lips.
3073 5334 3125 5415 ³)
3173 5336 3461 5397 demulce-

363 5446 532 5506 bant.
578 5441 707 5506 Ed.
753 5440 936 5527 Lips.
983 5440 1036 5523 ⁴)
1082 5442 1484 5505 denominant.
1527 5439 1655 5504 Ed.
1700 5438 1882 5525 Lips.
1933 5438 1988 5526 ⁶)
2034 5444 2096 5503 in
2138 5439 2268 5504 Ed.
2314 5438 2496 5525 Lips.
2546 5440 2599 5522 ⁶)
2644 5440 3037 5524 Wischegrad
3094 5436 3246 5501 Ood.
3293 5436 3436 5501 Lis.

419 5596 472 5639 s.
494 5594 688 5648 ninam.
713 5592 888 5639 mm.
915 5594 1076 5639 ποιοιι.
1101 5594 1155 5640 ⁹1⁸.
1179 5593 1262 5638 xv.
3049 5574 3116 5632 81
