4342 6384
343 572 483 676 (Α.
519 574 612 651 D.
650 572 908 673 14³0.)
1511 594 1740 649 menn
1789 592 2249 649 annuemus.
3282 574 3433 647 415

343 783 742 859 wladislao
795 781 1005 876 Regi,
1064 804 1272 874 quam
1309 781 1630 855 omnibus
1683 780 2083 855 astantibus
2101 834 2118 868 ,
2176 778 2537 867 lacrimas,
2595 783 2665 853 et
2700 798 2789 855 ex
2824 779 3261 871 poenitentia
3295 779 3437 853 dis-

345 903 522 977 sidii
568 902 855 996 prioriS,
912 906 1056 974 ta'm
1109 901 1502 975 wladislao
1556 899 1768 993 Regi,
1825 921 2034 993 quam
2088 898 2269 993 Duci
2305 898 2737 989 Withawdo,
2794 898 2981 973 iuter
3032 901 3245 974 verba
3280 921 3437 993 per·

345 1023 618 1098 misena
669 1021 997 1097 lacrimae
1049 1021 1449 1095 manabant.
1523 1022 1681 1094 Rex
1735 1040 1810 1093 se
1873 1020 1950 1093 in
2003 1020 2327 1093 omnibus
2390 1019 3017 1093 condescensurum
3080 1019 3231 1093 suis
3282 1041 3439 1112 pre·

345 1143 550 1217 cibus
602 1140 1040 1234 repromisit3
1097 1146 1372 1222 curaret
1423 1139 1906 1215 tantummodo
1954 1139 2043 1213 de
2077 1139 2321 1228 rebus,
2376 1157 2557 1230 quae
2592 1137 2864 1213 animae
2919 1128 3221 1213 salutem
3274 1160 3436 1211 con-

346 1263 726 1355 tingerent.
761 1262 1017 1352 Itaque
1052 1259 1330 1335 vicibus
1365 1259 1638 1352 aliquot
1675 1257 2177 1333 confessionem
2206 1264 2521 1338 sanctam
2557 1278 2784 1331 coram
2812 1257 3081 1333 Mathia
3114 1259 3439 1352 episcopo

346 1381 673 1457 Vilnensi
727 1384 1078 1473 repetens,
1137 1386 1208 1453 et
1261 1379 1752 1453 Eucharistiae
1807 1378 2255 1455 Sacrameuto
2328 1383 2399 1451 et
2454 1383 2767 1452 extrema
2818 1377 2975 1451 Olei
3028 1378 3257 1453 sancti
3307 1400 3437 1452 un-

347 1501 582 1577 ctione
635 1504 1048 1594 procuratus
1103 1506 1233 1574 est.
1291 1500 1666 1591 Quaesitus
1719 1499 2008 1592 insuper
2069 1499 2156 1573 ab
2212 1499 2365 1589 ipso
2420 1497 2685 1571 Mathia
2737 1497 3063 1571 Vilnensi
3116 1498 3441 1592 episcopo

349 1621 435 1697 de
489 1620 624 1695 fide
677 1620 1022 1695 catholica
1077 1624 1146 1694 et
1199 1619 1620 1713 singillatim
1673 1619 1759 1692 de
1811 1618 2175 1693 duodecim
2230 1618 2393 1691 fidei
2444 1617 2800 1708 articulis,
2858 1619 3023 1693 dum
3076 1618 3165 1691 ad
3202 1640 3439 1693 omnes

343 1740 698 1817 catholice
749 1740 1229 1832 responderet,
1297 1738 1674 1831 specialius
1739 1744 1972 1812 tamen
2036 1738 2120 1811 de
2171 1738 2679 1812 resurrectione
2735 1738 2973 1811 futura
3026 1738 3437 1831 inquisituS,

350 1882 444 1935 an
499 1862 697 1935 illam
751 1862 1092 1949 erederet,
1149 1880 1307 1933 cum
1363 1860 1436 1933 in
1475 1858 1912 1937 sermonibus
1950 1857 2099 1931 suis
2153 1858 2485 1931 collative
2522 1857 2777 1930 solitus
2814 1857 3029 1931 fuerit
3064 1858 3441 1932 articulum

349 1980 438 2056 de
491 1979 1027 2069 resurrectione,
1093 1979 1169 2052 in
1223 1979 1514 2053 dubium
1575 1998 1930 2052 revocare:
2007 1976 2257 2067 Credo,
2322 1976 2589 2069 inquit,
2626 1982 2728 2049 ·et
2780 1976 3178 2051 firmissime
3240 1978 3441 2053 credo

347 2100 928 2175 resurrectionem
985 2101 1314 2177 futuram.
1387 2098 1592 2171 Alias
1647 2097 2026 2189 siquidem,
2093 2097 2259 2171 dum
2314 2102 2622 2169 caeteros
2676 2096 3013 2169 articulos
3076 2096 3239 2170 fidei
3292 2118 3439 2171 cre-

353 2221 618 2309 derem,
671 2220 860 2296 hunc
914 2223 1148 2302 tamen
1201 2219 1398 2291 velut
1449 2215 2065 2309 impossibiliorem
2121 2216 2630 2289 discredebam:
2686 2215 2827 2289 iam
2890 2220 3125 2290 tamen
3176 2214 3251 2290 id
3302 2238 3443 2291 non

351 2340 489 2417 fide
536 2340 803 2426 solum,
857 2338 984 2415 sed
1034 2337 1306 2413 ratione
1341 2337 1877 2429 comprehendo,
1935 2336 2319 2429 quemlibet
2366 2336 2729 2409 mortalem
2780 2340 2854 2409 et
2887 2341 3440 2425 resurrecturum

355 2465 427 2533 et
477 2480 602 2551 pro
665 2458 991 2551 operibus
1055 2457 1204 2531 suis
1269 2457 1688 2550 condignum
1751 2456 2136 2549 praemium
2197 2460 2661 2547 recepturum.
2742 2455 2837 2528 Et
2900 2455 2963 2529 si
3034 2457 3229 2530 salus
3290 2460 3443 2532 mea

353 2578 784 2671 professione
839 2578 1002 2653 fidei
1066 2577 1404 2669 ampliore
1467 2576 1766 2670 indiget,
1817 2576 1938 2650 vel
1993 2575 2473 2650 satisfactione
2525 2576 2735 2665 reali,
2802 2576 2917 2649 vel
2971 2576 3273 2665 verbali,
3330 2598 3438 2654 rc-

355 2698 618 2790 quirar,
673 2698 1037 2773 informer:
1093 2702 1382 2789 paratus
1449 2718 1604 2769 sum
1665 2696 2032 2769 sinceriter
2093 2700 2164 2769 et
2214 2717 2418 2788 pure,
2482 2696 2687 2768 iuxta
2736 2694 2955 2768 ritum
3018 2696 3442 2771 catholicum

357 2824 428 2893 et
476 2816 1040 2894 informationem
1092 2822 1288 2891 tuam
1323 2816 1831 2909 pontificalem,
1888 2814 2122 2889 omnia
2155 2836 2267 2888 me
2302 2815 2757 2906 impleturum
2795 2814 2874 2904 ι).
2926 2815 3182 2907 Itaque
3218 2816 3437 2888 omni-

354 2937 488 3015 bus
541 2936 617 3009 in
671 2937 822 3013 vita
871 2936 1010 3012 rite
1060 2936 1388 3030 perfectis
1405 2992 1422 3027 ,
1483 2935 1802 3010 clavibus
1841 2940 2227 3009 castrorum
2264 2934 2655 3007 Wladislao
2692 2933 2873 3027 Regi
2925 2934 3230 3023 traditis,
3272 2934 3445 3008 feria

359 3061 562 3131 sexta
613 3056 688 3131 in
743 3056 994 3149 vigilia
1047 3056 1457 3131 Sanctorum
1497 3054 1802 3155 Simonis
1855 3059 1928 3129 01
1961 3054 2180 3127 Iudae
2204 3053 2291 3145 ²),
2348 3074 2527 3146 quae
2564 3053 2701 3127 fuit
2754 3052 3090 3127 vicesima
3144 3054 3445 3147 septima

357 3175 676 3254 Octobris
690 3232 708 3267 ,
783 3176 950 3253 dum
1012 3176 1220 3251 terris
1281 3175 1422 3251 iam
1482 3196 1736 3253 aurora
1800 3174 2270 3264 illucesceret,
2339 3173 2673 3267 spiritum
2736 3173 3045 3247 Creatori
3114 3174 3443 3249 reddidit.

357 3294 489 3371 Cui
542 3295 738 3371 dolor
773 3296 1020 3386 animi,
1077 3296 1394 3372 morbum
1431 3295 1770 3387 corporis,
1827 3301 2257 3388 mortemque
2294 3294 2702 3367 credebatur
2738 3294 3184 3383 conflavisse,
3238 3316 3445 3387 quem

359 3416 532 3491 duro
587 3420 658 3489 et
711 3415 1145 3491 intractabili
1199 3415 1468 3504 morbo,
1525 3414 1682 3507 ipsa
1733 3416 2036 3506 denique
2087 3428 2321 3487 rerum
2374 3418 2637 3487 temere
2688 3418 3034 3487 motarum
3088 3414 3446 3488 anxietate

360 3537 781 3623 confectum,
839 3540 1145 3625 matura,
1201 3541 1282 3608 ut
1333 3535 1408 3608 in
1445 3535 1578 3607 tali
1627 3534 2063 3623 discrimine,
2120 3555 2307 3607 mors
2362 3532 2682 3607 abstulit.
2739 3534 3078 3607 Planctus
3132 3533 3326 3607 illico
3374 3538 3446 3607 et

360 3655 678 3729 ululatus
733 3675 1026 3747 magnus
1092 3658 1380 3729 exortus
1443 3658 1554 3727 est
1617 3660 1688 3729 01
1749 3654 1824 3727 in
1879 3653 2026 3727 dies
2057 3652 2120 3744 ³)
2189 3658 2376 3741 octo,
2444 3653 2670 3727 tribus
2724 3652 2997 3726 vicibus
3045 3735 3053 3743 .
3060 3674 3185 3745 per
3236 3654 3443 3743 diem,

361 3794 594 3863 mane,
639 3774 940 3848 meridie
1005 3780 1074 3847 et
1129 3794 1416 3867 vespere
1483 3774 1958 3848 continuatus.
2033 3774 2285 3847 Omnes
2348 3773 2589 3861 illum,
2654 3774 2852 3846 velut
2903 3778 3264 3866 'parentem
3317 3794 3439 3864 pa·

362 3893 570 3983 triae,
627 3895 1190 3971 lamentabantur
1243 3895 1716 3986 absumptum.
1772 3893 2147 3967 Mulierum
2202 3893 2612 3985 praesertim
2675 3892 2978 3985 gemitus
3032 3892 3269 3984 magni
3322 3912 3444 3965 ex-

363 4012 846 4102 audiebantur,
901 4012 1484 4091 subministrante
1539 4014 1968 4088 occasionem
2031 4014 2345 4087 lacrimis
2408 4013 2707 4086 Ducissa
2759 4012 3071 4101 Iuliana,
3139 4032 3319 4103 quae
3372 4033 3448 4086 sc

363 4132 596 4207 orbem
648 4132 972 4223 pluribus
1028 4132 1329 4224 querelis
1383 4133 1917 4207 vociferabatur.
1991 4133 2142 4208 Nec
2194 4138 2381 4207 certe
2418 4133 2663 4205 -solum
2718 4132 2900 4221 suis,
2966 4132 3107 4204 imo
3164 4136 3235 4204 et
3287 4132 3445 4222 plu-

361 4251 559 4325 ribus
621 4252 1024 4329 nationibus
1085 4252 1442 4326 deflendus
1517 4252 1910 4326 videbatur.
1991 4254 2163 4326 Erat
2235 4253 2419 4327 enim
2490 4251 2825 4343 Princeps
2904 4256 3057 4325 tum
3116 4251 3447 4343 prudens,

365 4376 514 4445 tum
577 4370 924 4461 liberalis,
999 4372 1122 4463 qui
1184 4372 1271 4445 ad
1335 4373 1732 4446 subeundos
1797 4393 2270 4465 quoscumque
2330 4373 2605 4446 labores
2665 4371 2978 4444 animum
3050 4370 3445 4459 duraverat,

367 4492 554 4569 vices
605 4512 882 4585 quoque
933 4495 1324 4583 temporum
1385 4493 1488 4565 ita
1539 4514 1663 4584 pro
1719 4492 2170 4584 disponendis
2232 4491 2539 4583 publicis
2611 4496 2681 4564 et
2733 4490 3031 4584 privatis
3085 4491 3294 4564 rebus
3341 4490 3485 4568 di-·

369 4612 662 4698 viserat,
715 4615 798 4684 ut
850 4632 978 4684 nec
1028 4611 1388 4684 minimam
1441 4611 1859 4703 particulam
1915 4612 2057 4684 diei
2109 4613 2373 4684 frustra
2426 4610 2859 4703 praeteriret.
2916 4610 3005 4682 In
3055 4609 3449 4695 iudicandis

367 4737 599 4803 autem
653 4734 724 4802 et
760 4730 1158 4803 decidendis
1197 4730 1634 4803 subditorum
1673 4730 2012 4823 quereliS‚
2069 4735 2138 4803 et
2192 4729 2647 4822 expediendis
2685 4730 2915 4802 causis
2970 4734 3041 4801 01
3076 4728 3446 4823 legationi-

365 4849 497 4921 bus
525 4850 589 4939 4)
627 4849 795 4921 adeo
833 4848 1135 4941 diligens
1172 4856 1242 4923 et
1277 4850 1592 4923 intentus
1633 4856 1811 4937 erat,
1850 4853 1932 4921 ut
1968 4848 2042 4920 in
2078 4850 2323 4925 tabula
2360 4855 2429 4922 et
2464 4848 2538 4921 in
2576 4848 2847 4939 itinere,
2889 4848 2951 4922 si
2986 4870 3098 4922 res
3134 4850 3447 4941 postula-

366 4967 519 5056 bat,
578 4968 962 5040 sententias
1002 4969 1211 5041 ferret
1257 4974 1326 5042 01
1359 4990 1724 5063 responsa,
1779 4969 2072 5061 iuraque
2109 4968 2511 5060 petentibus
2548 4968 2897 5044 redderet:
2954 4990 3091 5061 quo
3128 4991 3267 5053 uuo
3302 4990 3448 5059 ma—

363 5086 630 5162 rimam
684 5086 1241 5163 aestimationem
1295 5088 1412 5165 sni
1465 5087 1770 5167 nominis
1825 5093 1896 5161 et
1955 5088 2142 5180 apud
2194 5088 2513 5179 proprios
2568 5087 3055 5181 quaesiverat3
3119 5088 3453 5167 adversus

583 5356 632 5438 ¹)
677 5359 873 5419 omnia
914 5358 1176 5436 implere.
1226 5354 1376 5422 God.
1401 5356 1594 5422 Rozr.
1643 5358 1696 5441 ²)
1741 5360 1996 5422 Simonis
2040 5354 2101 5422 01
2126 5360 2311 5422 Iudae
2339 5359 2758 5438 Apostolorum
2806 5354 2957 5423 cod.
3002 5356 3196 5425 Roaer.
3245 5355 3301 5449 ³)
3334 5359 3455 5426 dic·

367 5464 480 5523 bus
532 5458 686 5523 G'od.
717 5457 911 5522 Rozr.
959 5458 1012 5543 ⁴)
1059 5462 1472 5539 largitionibus
1518 5458 1670 5525 0001.
1721 5457 1896 5525 Calv.
1943 5464 2274 5525 actionibus
2322 5457 2476 5526 cod.
2521 5458 2697 5534 Kest-
