4342 6384
875 537 1027 611 390
2068 557 2297 610 mnan
2348 557 2801 612 annuemus.
2838 510 2850 518 ⁵
3406 531 3541 636 (Α.
3581 533 3671 609 D.
3716 531 3969 634 142⁹.)

881 743 1228 834 „Russiae
1282 744 1553 816 firmato
1584 741 1662 832 ¹),
1718 741 1820 814 ita
1835 717 1860 829 ,¹
1911 742 2094 834 qnod
2150 741 2225 814 in
2278 741 2631 831 omnibns,
2690 763 2867 833 qnae
2921 745 3340 816 concernant
3392 741 3725 814 honorem
3782 741 3963 814 eius-

881 864 1081 952 „dem
1135 863 1350 956 Regis
1407 867 1475 934 et
1528 861 2062 954 amplitudinem
2117 863 2347 956 Regni
2384 863 2527 951 sui,
2586 864 2869 937 deberes
2926 863 3149 936 eidem
3204 863 3535 955 praebere
3590 861 3963 936 consilium

884 988 997 1074 „et
1051 986 1386 1072 favorem,
1446 986 1516 1055 et
1549 1004 1910 1074 nunquam
1964 1005 2116 1056 esse
2153 982 2489 1056 adversus
2544 983 2779 1076 ipsum
2834 984 3095 1075 Regem
3151 987 3223 1055 et
3258 982 3617 1074 Regnum,
3674 1001 3803 1055 nec
3838 1003 3965 1053 un-

885 1124 1132 1195 „quam
1186 1102 1462 1194 aliquas
1499 1102 1713 1194 ligas,
1771 1103 2300 1192 conventiones,
2358 1108 2481 1176 aut
2518 1103 2909 1176 iuramenta
2962 1123 3119 1176 cum
3159 1102 3518 1194 aliquibus
3557 1103 3783 1175 facere
3819 1101 3967 1174 sine

879 1222 1212 1312 „licentia
1263 1225 1734 1313 praefatorum
1788 1223 2008 1315 Regis
2063 1230 2134 1297 et
2187 1224 2446 1316 Regni:
2504 1222 2997 1311 nihilominuS,
3054 1228 3135 1295 ut
3171 1223 3429 1295 asserit
3480 1222 3711 1314 ipsius
3748 1219 3963 1313 Regis

883 1346 1180 1432 „orator,
1239 1346 1319 1414 tu
1373 1342 1682 1414 omnium
1738 1342 2100 1417 immemor
2155 1345 2271 1417 vel
2324 1349 2779 1436 contemptor,
2840 1345 3214 1416 fraternam
3270 1363 3512 1435 pacem
3565 1346 3634 1414 et
3688 1361 3965 1414 concor-

882 1462 1113 1550 „diam
1185 1462 1309 1534 diu
1385 1468 1732 1536 servatam
1803 1465 2245 1556 perturbare,
2320 1485 2401 1537 ac
2473 1463 2900 1556 praedictos,
2978 1465 3327 1536 Ducatum
3399 1460 3829 1535 Lithuaniae
3900 1465 3969 1533 et

885 1586 1149 1672 „terras
1230 1582 1533 1656 Russiae
1557 1639 1576 1673 ,
1661 1585 1967 1658 membra
2035 1584 2479 1677 incorporata
2560 1588 2631 1658 et
2710 1583 2913 1657 unita
2994 1583 3235 1676 Regno
3318 1581 3651 1655 Poloniae
3679 1637 3697 1670 ,
3780 1580 3971 1674 regia

883 1702 1064 1792 „tibi
1117 1702 1546 1775 authoritate
1600 1724 1957 1793 concessa,
2032 1705 2118 1776 ab
2184 1704 2336 1795 ipso
2402 1704 2644 1796 Regno
2702 1703 2978 1797 seiungi
3042 1723 3121 1776 ac
3174 1701 3495 1791 liberari,
3562 1723 3643 1774 ac
3704 1700 3780 1773 in
3834 1701 3971 1773 Re·

887 1843 1144 1915 „gnum
1208 1844 1466 1894 novum
1530 1823 1737 1916 erigi,
1811 1828 2019 1916 teque
2091 1822 2403 1898 eiusdem
2476 1824 2705 1916 Regni
2779 1825 3045 1916 Regem
3119 1822 3377 1911 creari,
3452 1823 3819 1908 seductus,
3894 1822 3975 1890 ut

888 1943 1112 2032 „idem
1141 1942 1204 2032 2)
1261 1943 1546 2031 asserit,
1603 1942 1830 2016 alieno
1887 1943 2214 2031 consilio,
2269 1965 2409 2017 non
2463 1964 2777 2032 recusas;
2848 1942 3033 2034 quod
3087 1943 3241 2016 fieri
3294 1964 3433 2014 non
3490 1963 3697 2035 posse
3748 1962 3971 2014 asser-

887 2066 1083 2153 „tum
1114 2061 1200 2153 ³),
1257 2062 1410 2136 sine
1462 2063 1654 2155 turpi
1707 2067 1876 2135 nota
1929 2063 2038 2136 tui
2089 2063 2419 2151 nominis,
2475 2068 2762 2155 propter
2815 2062 3041 2137 dictas
3098 2061 3594 2154 promissiones
3649 2065 3813 2134 tuas
3865 2059 3969 2134 iu-

891 2187 1243 2272 „ramento
1297 2185 1641 2271 firmatas;
1713 2186 2073 2275 praeterea
2127 2184 2312 2274 qnod
2366 2205 2505 2256 non
2560 2183 2793 2256 minus
2848 2183 3427 2256 considerandum
3482 2187 3591 2255 est
3644 2181 3851 2255 nobis
3904 2185 3969 2254 et

889 2301 1098 2392 „tibi,
1173 2301 1236 2374 si
1298 2303 1387 2374 ad
1447 2302 1852 2377 huiusmodi
1915 2303 2332 2376 erectionem
2396 2303 2623 2396 Regni
2689 2308 2759 2376 et
2824 2303 3245 2377 creationem
3319 2307 3391 2375 et
3456 2301 3967 2375 coronationem

889 2425 1124 2512 „tuam
1177 2422 1572 2496 inconsulte
1633 2424 2142 2515 procederetur,
2209 2427 2493 2515 propter
2558 2423 3001 2497 manifestam
3066 2420 3429 2511 iniuriam,
3497 2443 3707 2514 quam
3772 2442 3967 2513 prae·

887 2542 1226 2633 „tendunt
1279 2542 1430 2615 fieri
1493 2541 1630 2616 sibi
1683 2544 2041 2634 praefatus
2095 2543 2255 2615 Rex
2319 2548 2389 2616 et
2443 2544 2762 2636 Regnum
2816 2542 3178 2631 Poloniae,
3236 2543 3577 2616 bellorum
3632 2541 3966 2634 pericula,

888 2662 1302 2755 „vastitates
1357 2667 1731 2752 terrarum,
1799 2667 2074 2756 strages
2126 2663 2474 2752 fidelium,
2540 2684 2621 2736 ac
2684 2664 3013 2736 scandala
3074 2662 3410 2751 maxima,
3478 2667 3559 2734 ut
3622 2667 3965 2750 asserunt,

887 2787 1408 2875 „sequerentur,
1475 2804 1653 2874 quae
1715 2783 1942 2856 modis
2007 2783 2329 2856 omnibus
2394 2783 2723 2856 evitanda
2786 2787 2975 2857 sunt.
3056 2783 3427 2856 Praeterea
3453 2784 3517 2870 ⁴)
3580 2782 3966 2874 cupientes,

888 2908 1012 2993 „ut
1063 2907 1406 2992 tenemur,
1463 2907 1732 2976 tantam
1785 2907 2052 2997 pestem
2072 2960 2089 2993 ‚
2145 2907 2560 2995 tantumque
2612 2903 3003 2994 periculum
3050 2908 3361 2976 avertere
3416 2924 3457 2974 a
3490 2903 3752 2993 populo
3790 2901 3968 2976 chri·

889 3022 1196 3112 „stian0,
1253 3023 1767 3096 Excellentiam
1819 3027 2016 3096 tuam
2081 3023 2499 3097 charitative
2553 3045 2947 3112 monemus,
3014 3043 3101 3096 ex
3156 3024 3360 3096 corde
3421 3021 3849 3114 requirimus
3902 3027 3971 3094 et

891 3163 1256 3236 „rogamus
1307 3163 1434 3234 per
1485 3143 2032 3216 misericordiam
2096 3144 2263 3216 Iesu
2316 3142 2611 3232 Christi,
2668 3149 2750 3216 ut
2808 3142 2883 3215 in
2932 3144 3063 3215 hac
3117 3163 3327 3216 causa
3380 3143 3564 3215 nihil
3618 3139 3836 3215 facias
3873 3142 3966 3215 fe·

891 3261 1279 3352 „stinanter
1333 3268 1402 3336 et
1457 3261 1610 3337 sine
1664 3263 2164 3338 deliberatione
2218 3268 2524 3353 matura,
2584 3269 2657 3336 et
2692 3263 3090 3336 inconsulta
3125 3262 3476 3351 Ecclesia,
3532 3283 3621 3336 ne
3656 3283 3967 3336 nececes-

891 3381 1195 3472 „sarium
1247 3382 1450 3456 nobis
1515 3383 1611 3457 sit
1672 3388 1947 3476 postea,
2016 3383 2140 3477 qui
2204 3405 2341 3456 non
2405 3405 2779 3477 possumus
2843 3383 3370 3476 postulantibus
3441 3382 3654 3456 laesis
3722 3403 3971 3476 negare

890 3502 1312 3593 „iustitiam,
1372 3504 1455 3578 de
1490 3503 1902 3594 violatione,
1959 3505 2076 3577 vel
2111 3526 2283 3592 non,
2340 3504 2887 3578 iuramentorum
2944 3511 3014 3576 et
3051 3505 3405 3576 foederum
3458 3503 3971 3594 praedictorum

889 3643 1376 3715 „cognoscere‚
1443 3630 1512 3697 et
1575 3625 1840 3712 forsan,
1913 3645 2040 3697 nos
2105 3628 2394 3718 cogente
2458 3624 2768 3711 iustitia,
2832 3645 3186 3713 revocare,
3254 3623 3315 3695 si
3380 3643 3556 3715 quae
3609 3643 3971 3714 perperam

889 3743 1116 3832 „facta
1170 3748 1434 3833 essent,
1492 3763 1646 3817 cum
1703 3749 1900 3816 tanto
1955 3744 2283 3818 scandalo
2338 3744 2586 3836 populi
2640 3743 3047 3817 christiani:
3107 3742 3290 3835 quod
3334 3743 3444 3816 tui
3480 3763 3693 3815 causa
3748 3741 3969 3814 susci-

891 3863 1072 3953 „tari
1123 3865 1501 3955 nollemus,
1557 3885 1646 3937 ne
1683 3867 1867 3937 fama
1906 3869 2058 3952 tua,
2117 3885 2295 3956 quae
2330 3864 2591 3956 ubique
2628 3863 3019 3937 clarissima
3056 3869 3193 3952 est,
3250 3863 3591 3951 laedatur,
3633 3867 3705 3936 et
3741 3861 3973 3934 anima

893 3987 1058 4072 „tua
1111 3983 1294 4057 tanti
1347 3983 1616 4076 peccati
1667 3985 1969 4076 pondere
2022 3989 2545 4078 praegravetur,
2604 3989 2674 4058 et
2726 4005 2888 4056 reus
2944 3983 3019 4055 in
3073 3987 3383 4056 extremo
3439 3981 3701 4057 iudicio
3756 3983 3973 4054 malo·

893 4124 1090 4192 „rum
1144 4103 1486 4193 omnium,
1551 4125 1728 4196 quae
1782 4105 2175 4177 necessario
2232 4108 2557 4177 secutura
2620 4104 2974 4192 videntur,
3042 4103 3279 4175 valeas
3334 4103 3675 4175 denotari.
3751 4103 3977 4193 Quare

893 4221 1042 4312 „fili
1094 4220 1379 4312 dilecte,
1435 4223 1511 4295 in
1565 4225 1697 4296 hac
1751 4228 1896 4296 tam
1951 4223 2345 4316 periculosa
2398 4224 2693 4297 materia
2748 4223 3101 4296 moderare
3138 4223 3573 4296 voluntatem
3628 4227 3856 4310 tuam,
3908 4227 3977 4295 et

894 4340 1011 4430 „in
1071 4342 1204 4415 hac
1264 4346 1464 4434 parte
1524 4342 1785 4415 nostris
1849 4343 2162 4436 paternis
2224 4342 2729 4417 monitionibus
2804 4347 2873 4416 et
2935 4343 3253 4416 consiliis
3316 4341 3745 4435 acquiescas·
3827 4341 3897 4414 N
3900 4362 3977 4413 os

893 4461 1121 4552 „enim
1175 4465 1276 4550 te,
1333 4467 1618 4554 propter
1670 4463 2162 4537 excellentiam
2217 4468 2409 4536 tuam
2467 4469 2537 4537 et
2588 4465 2772 4538 bona
2826 4462 3119 4551 eximia,
3187 4467 3258 4536 et
3312 4462 3731 4556 singularia,
3800 4483 3977 4554 quae

892 4582 1169 4671 „fecisti
1223 4582 1296 4654 in
1349 4583 1848 4676 propagatione
1912 4581 2077 4655 fidei
2141 4583 2597 4672 christianae,
2663 4583 3229 4677 magnifacimus,
3294 4582 3717 4674 probitatem
3782 4588 3977 4654 tuam

891 4707 1007 4792 „et
1058 4708 1130 4776 te
1183 4705 1476 4795 paterna
1530 4702 1871 4776 charitate
1926 4703 2324 4795 diligimuS,
2380 4725 2461 4777 ac
2514 4703 2859 4797 dignitate
2913 4703 3107 4796 regia
3159 4703 3653 4796 dignissimum
3708 4700 3973 4774 iudica-

891 4843 1120 4912 „must
1179 4824 1300 4897 sed
1353 4824 1698 4897 vellemus
1751 4843 2117 4916 personam
2175 4830 2367 4897 tuam
2422 4845 2578 4897 cum
2632 4845 2833 4916 pace,
2892 4815 3045 4897 sine
3100 4823 3450 4911 scandalo,
3510 4821 3661 4894 sine
3716 4821 3979 4894 iniuria

894 4947 1008 5030 „et
1061 4943 1214 5018 sine
1266 4943 1616 5017 discordia
1669 4943 1906 5017 fratris
1961 4943 2104 5033 tui,
2178 4944 2441 5018 talibus
2496 4945 2923 5018 ornamentis
2976 4943 3239 5031 ornari,
3316 4943 3500 5014 sicut
3552 4942 3731 5014 alias
3804 4941 3977 5014 scri-

1101 5215 1148 5296 ι)
1193 5223 1255 5278 et
1279 5218 1534 5279 Russiae
1577 5222 1866 5279 firmatam
1909 5215 2036 5280 Ed.
2069 5216 2252 5302 Lips.
2302 5217 2349 5298 ²)
2396 5218 2550 5279 idem
2597 5221 2795 5282 orator
2842 5210 2995 5282 Cod.
3033 5211 3221 5278 Rozr.
3270 5211 3321 5301 ³)
3365 5217 3655 5278 assertum
3685 5217 3780 5276 est
3824 5205 3979 5276 Cod-

889 5313 1082 5382 Rozr.
1129 5317 1184 5403 ⁴)
1226 5320 1548 5405 Propterea
1595 5315 1747 5392 Cod.
1777 5317 1971 5390 Rozr.
