4342 6384
905 553 1051 625 198
2084 574 2308 628 mnan
2360 575 2820 628 monemus
3450 551 3583 653 (Α.
3621 552 3714 626 D.
3735 550 3975 650 141⁸.)

900 756 1086 829 citus
1141 761 1212 830 et
1264 756 1573 850 legiones
1628 757 2162 830 assumebantur
2218 762 2286 830 et
2340 756 2828 846 efficiebantur,
2894 759 3090 831 venit
3151 779 3308 832 oum
3372 758 3608 831 valido
3671 757 3978 831 exercitu

900 879 1143 948 eontra
1194 876 1557 964 Russiam,
1624 880 1696 949 et
1747 874 2124 967 improvise
2177 876 2252 950 in
2297 875 2658 952 civitatem
2720 878 2943 971 Kyow
3006 877 3312 966 irruens,
3389 876 3863 970 spoliavitque
3913 879 3980 948 et

898 994 1131 1067 omnia
1183 994 1335 1068 eius
1387 994 1681 1084 vicinia,
1738 1017 2115 1088 omnesque
2150 995 2482 1070 ecclesias
2521 999 2598 1086 ¹),
2656 997 3166 1090 spoliatamque
3202 996 3362 1090 igne
3398 995 3744 1086 incendit,
3801 996 3974 1068 mul·

896 1118 1179 1206 tamque
1233 1113 1569 1187 familiam
1625 1120 1696 1188 et
1747 1115 2107 1188 hominum
2162 1115 2686 1190 multitudinem
2722 1116 3093 1208 utriusque
3130 1137 3344 1190 sexus
3380 1117 3456 1190 in
3493 1115 3972 1208 captivitatem

895 1232 1211 1307 deduxit.
1269 1235 1361 1306 Et
1414 1234 1583 1308 licet
1635 1239 1941 1308 castrum
1994 1235 2216 1325 Kyow
2271 1236 2628 1310 obsidione
2683 1235 3027 1309 cinxisset
3081 1236 3338 1310 eteius
3377 1235 3812 1310 obsidionem
3849 1233 3968 1306 ali-

898 1356 1158 1444 quanto
1222 1358 1530 1445 tempore
1591 1352 2100 1442 continuasset,
2170 1355 2483 1428 faciendo
2549 1357 2946 1448 frequentes
3010 1377 3133 1447 pro
3197 1355 3401 1429 illius
3465 1353 3971 1446 conquisitione

896 1470 1491 1565 impugnationeS,
1549 1473 1837 1547 Polonis
1892 1478 2124 1547 tamen
2179 1479 2250 1548 et
2301 1474 2684 1563 Rutheni8‚
2753 1475 2878 1566 qui
2931 1495 3158 1548 arcem
3215 1475 3710 1562 observabant,
3764 1473 3968 1565 probe

895 1589 1421 1682 resistentibus,
1478 1597 1760 1666 coactus
1815 1592 1953 1666 fuit
2004 1593 2092 1666 ab
2147 1592 2274 1665 illo
2329 1595 2552 1668 facere
2614 1593 3134 1668 discessionem.
3211 1595 3322 1667 Ab
3375 1615 3455 1668 eo
3509 1597 3742 1666 autem
3806 1597 3965 1664 tem·

894 1731 1060 1802 pore
1123 1710 1349 1784 omnis
1410 1711 1895 1803 pulchritudo,
1960 1712 2289 1803 splendor
2343 1718 2412 1784 et
2467 1721 2754 1786 ornatus
2818 1713 3133 1787 civitatis
3197 1713 3592 1805 praedictae
3621 1710 3684 1800 ²)
3739 1717 3962 1784 centa-

896 1829 1083 1918 buit,
1148 1829 1538 1923 civitasque
1600 1830 1756 1922 ipsa
1818 1837 2099 1923 propter
2160 1830 2465 1924 spolium
2520 1837 2591 1905 et
2643 1831 3073 1920 incendium,
3141 1833 3325 1924 quod
3388 1832 3806 1923 pertulerat,
3861 1829 3964 1902 de-

898 1948 1148 2022 sertari
1200 1953 1476 2040 coepta,
1532 1951 1873 2042 fulgorem
1927 1950 2236 2042 priscum
2290 1971 2638 2025 resumere
2693 1973 2832 2024 non
2887 1951 3137 2024 valuit.

894 2299 1121 2372 Petrus
1164 2300 1248 2372 de
1290 2301 1466 2373 Luna
1510 2300 1676 2372 elias
1720 2301 2109 2373 Benedictus
2152 2301 2543 2374 tredecimus
2585 2304 2873 2375 noritur.
2919 2302 3362 2393 sigismundus
3390 2301 3812 2372 Romanorum
3839 2297 3966 2368 nex

890 2419 1065 2490 inter
1108 2420 1411 2493 franciae
1454 2423 1526 2492 et
1566 2421 1833 2510 Angliae
1876 2421 2088 2509 Reges
2130 2421 2600 2511 compositurus
2644 2439 2894 2511 pacem,
2939 2421 3216 2494 Parisios
3259 2421 3474 2508 venit,
3519 2419 3762 2508 legetis
3805 2417 3966 2487 Polo·

892 2539 1044 2611 niae
1089 2557 1167 2610 eo
1212 2556 1431 2611 secum
1473 2540 1807 2614 deductis:
1866 2541 1973 2612 ubi
2018 2540 2355 2613 cruciferis
2397 2557 2530 2630 pu
2573 2541 2658 2613 ad
2701 2541 3026 2614 biennium
3083 2541 3467 2629 impetratur
3522 2555 3718 2628 opera
3771 2533 3965 2607 caroli

2134 2661 2477 2732 Gallium
2519 2661 2733 2750 Regis.

1096 2903 1589 2996 Sigismundus
1641 2905 2113 2977 Romanorum
2168 2907 2239 2976 et
2291 2903 2696 2996 Hungariae
2748 2905 2904 2978 Rex
2957 2925 3000 2976 a
3035 2902 3367 2976 Patribus
3420 2897 3968 2975 Constantiensis

890 3021 1153 3115 Synodi
1204 3026 1523 3114 rogatus,
1580 3021 1667 3093 ad
1723 3023 2123 3115 Aragonum
2177 3023 2531 3115 Regnum,
2588 3023 2875 3097 Petrum
2911 3023 2996 3097 de
3031 3024 3264 3110 Luna,
3323 3019 3780 3094 Benedictum
3833 3023 3963 3090 tre-

889 3141 1233 3216 decimum
1270 3141 1735 3233 appellatum,
1794 3140 1866 3212 in
1904 3143 2304 3234 Aragonum
2341 3143 2582 3233 Regno
2619 3163 2696 3215 se
2733 3140 3234 3228 continentem,
3293 3141 3379 3212 ad
3432 3135 3970 3212 renuntiandum

886 3260 1193 3353 Papatui
1228 3281 1690 3352 persuasurus
1722 3257 1809 3349 ³),
1864 3279 2087 3351 usque
2134 3261 2588 3334 Barsalonem
2623 3264 3089 3352 processerat,
3147 3258 3480 3332 vicesima
3517 3261 3762 3329 octava
3797 3252 3969 3326 Iulii

888 3380 973 3453 de
1026 3379 1435 3453 Constantia
1496 3400 1849 3472 egressus:
1918 3385 1989 3453 et
2017 3381 2081 3470 ³¹)
2136 3380 2424 3453 Petrum
2479 3381 2564 3453 do
2619 3380 2820 3452 Luna
2883 3400 3107 3470 neque
3137 3378 3198 3468 5)
3255 3397 3484 3468 prece,
3551 3395 3778 3466 neque
3829 3377 3967 3444 ter·

884 3521 1041 3572 rere
1066 3498 1587 3591 impugnatum,
1626 3499 1713 3572 ab
1751 3498 2076 3590 opinione
2106 3501 2406 3573 scelesta
2433 3521 2572 3571 non
2599 3501 2842 3572 valens
2872 3499 2934 3587 θ)
2983 3502 3324 3584 avertere,
3363 3492 3884 3568 Ferdinandum
3913 3491 3974 3577 ⁷)

886 3619 1292 3712 Aragonum
1344 3619 1606 3711 Regem
1644 3619 1853 3691 Petro
1880 3616 1945 3708 8)
1999 3618 2084 3691 de
2119 3619 2322 3689 Luna
2359 3617 3268 3692 obedientiam-subtrahere
3295 3613 3383 3702 ⁰),
3439 3633 3522 3684 ac
3558 3632 3636 3684 eo
3673 3611 3972 3693 deserto,

885 3736 1195 3812 Concilio
1249 3737 1624 3810 adhaerere
1661 3738 1775 3826 ¹⁰),
1831 3759 1955 3828 pro
2000 3737 2458 3810 rescindendo
2497 3736 2870 3810 schismate
2907 3733 3234 3808 obtinuit.
3290 3732 3658 3804 Praefatus
3698 3747 3976 3820 quoquc

880 3857 1137 3930 Petrus
1208 3878 1251 3930 a
1312 3856 1799 3929 cardinalibus
1862 3861 1933 3930 et
1998 3855 2293 3929 caeteris
2367 3855 2688 3928 omnibus
2763 3855 2960 3926 velut
3023 3851 3418 3925 obstinatus
3482 3849 3838 3933 desertae,
3904 3843 3978 3915 in

885 3953 1191 4048 castrum
1245 3974 1743 4047 Paniusculam
1800 3995 1873 4046 se
1928 3973 2260 4060 contulit,
2319 3973 2596 4045 et·illic
2634 3972 2706 4045 in
2741 3970 3128 4064 pertinacia
3174 3992 3301 4042 sua
3337 3966 3976 4040 anathematisatus

884 4093 1068 4165 diem
1122 4092 1321 4166 obiit.
1380 4092 1871 4185 Sigismundus
1926 4097 2159 4165 autem
2216 4093 2369 4165 Rex
2427 4113 2513 4164 ex
2567 4092 2972 4184 Aragonum
3025 4089 3265 4181 Regno
3303 4087 3376 4160 in
3417 4085 3687 4160 Gallias
3728 4089 3804 4156 et
3844 4083 3976 4155 Pa·

802 4301 808 4310 ·
883 4209 1092 4282 risios
1131 4209 1220 4299 ¹¹)
1276 4209 1363 4282 ad
1416 4210 1919 4300 pacificandum
1974 4210 2312 4283 Franciae
2366 4214 2436 4282 et
2490 4210 2790 4301 Angliae
2844 4209 3104 4300 Reges,
3161 4207 3346 4278 inter
3397 4226 3571 4296 quos
3611 4200 3975 4275 execrabi-

884 4329 1073 4401 libus
1136 4326 1349 4400 armis
1413 4328 1736 4401 funestus
1798 4329 2017 4417 MarS,
2084 4349 2270 4402 nunc
2330 4350 2575 4416 unam,
2642 4349 2827 4400 nunc
2872 4328 3163 4399 alteram
3210 4329 3474 4416 partem
3529 4341 3982 4405 consumam,

885 4448 1228 4536 fervebat,
1270 4445 1587 4535 transiit,
1626 4467 1998 4538 secumque
2026 4468 2165 4519 nna
2194 4447 2566 4521 Nicolaum
2605 4448 3076 4520 Gnesnensem
3115 4441 3716 4533 archiepiscopum
3735 4495 3754 4526 ,
3799 4437 3986 4530 quod

882 4573 953 4642 et
1008 4567 1309 4654 familia,
1378 4565 1747 4656 equisque,
1814 4566 2003 4638 vasis
2068 4567 2355 4656 insuper
2419 4565 2651 4638 aureis
2705 4570 2774 4637 et
2829 4563 3211 4656 argent-eis,
3277 4561 3583 4650 itemque
3639 4555 3984 4649 expensis
4055 4605 4060 4610 ‚

882 4685 1308 4780 magnificiS,
1364 4684 1809 4778 splendidum
1864 4685 2147 4758 tenebat
2182 4685 2257 4756 in
2295 4685 2602 4757 Concilio
2656 4680 3176 4756 constantiensi
3213 4683 3506 4763 statum,
3565 4675 3760 4748 inter
3808 4696 3982 4768 pon-

1096 4890 1144 4971 ¹)
1193 4891 1319 4952 eius
1364 4891 1647 4952 ecclesias
1696 4883 1848 4950 Cod.
1894 4885 2087 4949 Rozr.
2137 4886 2190 4958 2)
2235 4887 2538 4964 praefatae
2587 4881 2738 4950 cod.
2784 4882 2976 4945 Rozr.
3026 4881 3079 4961 ³)
3123 4888 3191 4942 ut
3231 4881 3406 4941 Petro
3451 4880 3525 4940 de
3567 4878 3752 4938 Luna
3799 4880 3986 4938 Bene·

880 4994 1041 5054 dicto
1086 4994 1407 5054 tredecimo
1440 4993 1741 5069 appellato
1752 5035 1769 5068 ,
1816 4990 2137 5051 continenti
2170 5007 2235 5049 se
2266 4991 2325 5048 in
2355 4990 2564 5065 Regno
2607 4987 2971 5063 Aragoniae,
3001 4983 3384 5061 persuaderet
3411 4981 3488 5040 ad
3517 4979 3990 5040 renuntiandum

880 5094 1132 5170 Papatui
1180 5089 1332 5158 cod.
1378 5091 1569 5154 Rozr.
1627 5089 1679 5168 ⁴)
1726 5109 1897 5168 quem
1956 5091 2194 5167 quidem
2253 5085 2406 5152 Cod.
2451 5086 2644 5150 Rozr.
2703 5085 2755 5166 ⁸)
2801 5087 2938 5147 dum
2983 5102 3175 5161 neque
3221 5079 3374 5145 cod.
3421 5079 3622 5176 Romu
3691 5079 3752 5155 ⁶)
3801 5081 3992 5140 valuit

888 5190 1040 5256 Cod.
1086 5192 1275 5255 Rozr.
1326 5192 1379 5271 ⁷)
1424 5197 1583 5272 apud
1626 5194 2065 5254 Fordinandum
2114 5187 2266 5254 Cod.
2314 5189 2507 5252 Rozr.
2557 5188 2610 5268 ⁸)
2660 5193 2724 5249 ut
2767 5189 2954 5248 eidem
3002 5189 3176 5247 Petro
3220 5180 3370 5246 Cocl.
3403 5180 3594 5243 Rozr.
3645 5179 3704 5259 ⁹)
3756 5184 3990 5243 subtra-

883 5295 1052 5356 heret
1098 5290 1247 5356 0001.
1292 5292 1483 5356 Rozr.
1539 5295 1617 5375 ¹⁰)
1660 5295 2011 5356 adhaereret
2058 5289 2209 5356 0001.
2254 5290 2448 5353 Rozr.
2509 5289 2528 5326 ¹
2543 5287 2589 5373 ¹)
2637 5291 2924 5350 Parisium
2975 5285 3125 5350 Cod.
3172 5284 3364 5347 Rozr.
