<?xml version="1.0" encoding="UTF-8"?>
<!DOCTYPE html PUBLIC "-//W3C//DTD XHTML 1.0 Transitional//EN"
    "http://www.w3.org/TR/xhtml1/DTD/xhtml1-transitional.dtd">
<html xmlns="http://www.w3.org/1999/xhtml" xml:lang="en" lang="en">
 <head>
  <title>
</title>
<meta http-equiv="Content-Type" content="text/html;charset=utf-8" />
  <meta name='ocr-system' content='tesseract 3.04.00' />
  <meta name='ocr-capabilities' content='ocr_page ocr_carea ocr_par ocr_line ocrx_word'/>
</head>
<body>
  <div class='ocr_page' id='page_1' title='image "./dzieawszystkie00unkngoog_0314.png"; bbox 0 0 4342 6384; ppageno 0'>
   <div class='ocr_carea' id='block_1_1' title="bbox 365 530 3458 632">
    <p class='ocr_par' dir='ltr' id='par_1_1' title="bbox 365 530 3458 632">
     <span class='ocr_line' id='line_1_1' title="bbox 365 530 3458 632; baseline 0.001 -25"><span class='ocrx_word' id='word_1_1' title='bbox 365 530 500 632; x_wconf 91' lang='grc' dir='ltr'>(Α.</span> <span class='ocrx_word' id='word_1_2' title='bbox 540 533 630 607; x_wconf 89' lang='lat' dir='ltr'>D.</span> <span class='ocrx_word' id='word_1_3' title='bbox 672 530 926 631; x_wconf 81' lang='lat'><strong>1422.)</strong></span> <span class='ocrx_word' id='word_1_4' title='bbox 1531 556 1758 609; x_wconf 67' lang='lat' dir='ltr'>mann</span> <span class='ocrx_word' id='word_1_5' title='bbox 1809 556 2269 611; x_wconf 66' lang='lat' dir='ltr'>nuntiemus.</span> <span class='ocrx_word' id='word_1_6' title='bbox 3306 537 3458 610; x_wconf 86' lang='lat'>303</span> 
     </span>
    </p>
   </div>
   <div class='ocr_carea' id='block_1_2' title="bbox 365 739 3487 4305">
    <p class='ocr_par' dir='ltr' id='par_1_2' title="bbox 365 739 3487 4305">
     <span class='ocr_line' id='line_1_2' title="bbox 367 739 3462 834; baseline 0.001 -23"><span class='ocrx_word' id='word_1_7' title='bbox 367 761 575 832; x_wconf 92' lang='lat' dir='ltr'>quem</span> <span class='ocrx_word' id='word_1_8' title='bbox 631 739 770 813; x_wconf 92' lang='lat' dir='ltr'>sibi</span> <span class='ocrx_word' id='word_1_9' title='bbox 820 739 1105 833; x_wconf 89' lang='lat' dir='ltr'>indigne</span> <span class='ocrx_word' id='word_1_10' title='bbox 1157 740 1632 833; x_wconf 88' lang='lat' dir='ltr'>praepositum</span> <span class='ocrx_word' id='word_1_11' title='bbox 1672 743 2308 831; x_wconf 74' lang='lat' dir='ltr'><strong>stomachabantur,</strong></span> <span class='ocrx_word' id='word_1_12' title='bbox 2366 740 2509 814; x_wconf 91' lang='lat' dir='ltr'>odii</span> <span class='ocrx_word' id='word_1_13' title='bbox 2545 740 2939 834; x_wconf 90' lang='lat' dir='ltr'>complendi</span> <span class='ocrx_word' id='word_1_14' title='bbox 2976 741 3059 831; x_wconf 90' lang='lat'>¹),</span> <span class='ocrx_word' id='word_1_15' title='bbox 3116 746 3462 833; x_wconf 88' lang='lat' dir='ltr'>quatenus</span> 
     </span>
     <span class='ocr_line' id='line_1_3' title="bbox 366 860 3462 953; baseline 0 -21"><span class='ocrx_word' id='word_1_16' title='bbox 366 861 442 932; x_wconf 90' lang='lat' dir='ltr'>in</span> <span class='ocrx_word' id='word_1_17' title='bbox 496 860 724 933; x_wconf 87' lang='lat' dir='ltr'>medio</span> <span class='ocrx_word' id='word_1_18' title='bbox 787 860 1105 933; x_wconf 90' lang='lat' dir='ltr'>hostium</span> <span class='ocrx_word' id='word_1_19' title='bbox 1166 860 1574 950; x_wconf 89' lang='lat' dir='ltr'>derelictus,</span> <span class='ocrx_word' id='word_1_20' title='bbox 1638 861 1937 953; x_wconf 81' lang='lat' dir='ltr'>periculi</span> <span class='ocrx_word' id='word_1_21' title='bbox 2000 861 2404 935; x_wconf 88' lang='lat' dir='ltr'>discrimine</span> <span class='ocrx_word' id='word_1_22' title='bbox 2469 861 2902 935; x_wconf 77' lang='lat' dir='ltr'>obrueretur.</span> <span class='ocrx_word' id='word_1_23' title='bbox 2976 861 3075 933; x_wconf 87' lang='lat' dir='ltr'>At</span> <span class='ocrx_word' id='word_1_24' title='bbox 3144 861 3462 935; x_wconf 76' lang='lat' dir='ltr'>Andreas</span> 
     </span>
     <span class='ocr_line' id='line_1_4' title="bbox 367 980 3461 1074; baseline 0 -23"><span class='ocrx_word' id='word_1_25' title='bbox 367 980 816 1072; x_wconf 82' lang='lat' dir='ltr'>Brochoczky</span> <span class='ocrx_word' id='word_1_26' title='bbox 871 980 1181 1052; x_wconf 88' lang='lat' dir='ltr'>animum</span> <span class='ocrx_word' id='word_1_27' title='bbox 1244 981 1621 1053; x_wconf 90' lang='lat' dir='ltr'>infractum</span> <span class='ocrx_word' id='word_1_28' title='bbox 1672 1002 1954 1073; x_wconf 88' lang='lat' dir='ltr'>gerens,</span> <span class='ocrx_word' id='word_1_29' title='bbox 2023 1003 2227 1074; x_wconf 91' lang='lat' dir='ltr'>quem</span> <span class='ocrx_word' id='word_1_30' title='bbox 2285 986 2563 1074; x_wconf 79' lang='lat' dir='ltr'>ceperat</span> <span class='ocrx_word' id='word_1_31' title='bbox 2614 982 2843 1054; x_wconf 90' lang='lat' dir='ltr'>locum</span> <span class='ocrx_word' id='word_1_32' title='bbox 2906 980 3291 1069; x_wconf 88' lang='lat' dir='ltr'>incolebat;</span> <span class='ocrx_word' id='word_1_33' title='bbox 3357 985 3461 1053; x_wconf 90' lang='lat' dir='ltr'>vi-</span> 
     </span>
     <span class='ocr_line' id='line_1_5' title="bbox 365 1099 3461 1193; baseline 0.001 -22"><span class='ocrx_word' id='word_1_34' title='bbox 365 1099 580 1191; x_wconf 90' lang='lat' dir='ltr'>gilias</span> <span class='ocrx_word' id='word_1_35' title='bbox 635 1103 866 1173; x_wconf 88' lang='lat' dir='ltr'>tamen</span> <span class='ocrx_word' id='word_1_36' title='bbox 921 1100 997 1172; x_wconf 92' lang='lat' dir='ltr'>in</span> <span class='ocrx_word' id='word_1_37' title='bbox 1034 1100 1337 1193; x_wconf 90' lang='lat' dir='ltr'>singulis</span> <span class='ocrx_word' id='word_1_38' title='bbox 1391 1101 1565 1174; x_wconf 91' lang='lat' dir='ltr'>locis</span> <span class='ocrx_word' id='word_1_39' title='bbox 1620 1101 2133 1192; x_wconf 77' lang='lat' dir='ltr'>duplicaverat,</span> <span class='ocrx_word' id='word_1_40' title='bbox 2192 1101 2598 1193; x_wconf 89' lang='lat' dir='ltr'>impendens</span> <span class='ocrx_word' id='word_1_41' title='bbox 2651 1101 3041 1193; x_wconf 90' lang='lat' dir='ltr'>periculum</span> <span class='ocrx_word' id='word_1_42' title='bbox 3080 1100 3461 1175; x_wconf 78' lang='lat' dir='ltr'>vitaturus,</span> 
     </span>
     <span class='ocr_line' id='line_1_6' title="bbox 365 1214 3463 1313; baseline 0.001 -24"><span class='ocrx_word' id='word_1_43' title='bbox 365 1214 855 1291; x_wconf 79' lang='lat' dir='ltr'>Palati&#39;norum</span> <span class='ocrx_word' id='word_1_44' title='bbox 908 1219 1370 1307; x_wconf 79' lang='lat' dir='ltr'>discessione,</span> <span class='ocrx_word' id='word_1_45' title='bbox 1430 1224 1502 1294; x_wconf 90' lang='lat' dir='ltr'>et</span> <span class='ocrx_word' id='word_1_46' title='bbox 1553 1241 1822 1309; x_wconf 90' lang='lat' dir='ltr'>eorum,</span> <span class='ocrx_word' id='word_1_47' title='bbox 1881 1222 2002 1313; x_wconf 89' lang='lat' dir='ltr'>qui</span> <span class='ocrx_word' id='word_1_48' title='bbox 2065 1241 2224 1293; x_wconf 88' lang='lat' dir='ltr'>cum</span> <span class='ocrx_word' id='word_1_49' title='bbox 2279 1222 2561 1293; x_wconf 85' lang='lat' dir='ltr'>Andrea</span> <span class='ocrx_word' id='word_1_50' title='bbox 2613 1221 3063 1313; x_wconf 82' lang='lat' dir='ltr'>Brochoczky</span> <span class='ocrx_word' id='word_1_51' title='bbox 3116 1240 3463 1293; x_wconf 87' lang='lat' dir='ltr'>remanse-</span> 
     </span>
     <span class='ocr_line' id='line_1_7' title="bbox 365 1338 3463 1433; baseline 0.001 -24"><span class='ocrx_word' id='word_1_52' title='bbox 365 1343 560 1426; x_wconf 87' lang='lat' dir='ltr'>rant,</span> <span class='ocrx_word' id='word_1_53' title='bbox 633 1338 990 1430; x_wconf 84' lang='lat' dir='ltr'>paucitate</span> <span class='ocrx_word' id='word_1_54' title='bbox 1063 1340 1150 1413; x_wconf 89' lang='lat' dir='ltr'>ab</span> <span class='ocrx_word' id='word_1_55' title='bbox 1223 1340 1785 1432; x_wconf 83' lang='lat' dir='ltr'>exploratoribus</span> <span class='ocrx_word' id='word_1_56' title='bbox 1859 1340 2196 1414; x_wconf 74' lang='lat' dir='ltr'>cruciferi</span> <span class='ocrx_word' id='word_1_57' title='bbox 2269 1345 2653 1431; x_wconf 85' lang='lat' dir='ltr'>comperta,</span> <span class='ocrx_word' id='word_1_58' title='bbox 2721 1340 3036 1412; x_wconf 88' lang='lat' dir='ltr'>exercitu</span> <span class='ocrx_word' id='word_1_59' title='bbox 3108 1339 3463 1433; x_wconf 83' lang='lat' dir='ltr'>octingen-</span> 
     </span>
     <span class='ocr_line' id='line_1_8' title="bbox 369 1458 3463 1553; baseline 0 -22"><span class='ocrx_word' id='word_1_60' title='bbox 369 1463 606 1531; x_wconf 89' lang='lat' dir='ltr'>torum</span> <span class='ocrx_word' id='word_1_61' title='bbox 671 1459 1098 1550; x_wconf 89' lang='lat' dir='ltr'>equestrium</span> <span class='ocrx_word' id='word_1_62' title='bbox 1164 1464 1610 1553; x_wconf 87' lang='lat' dir='ltr'>congregato,</span> <span class='ocrx_word' id='word_1_63' title='bbox 1678 1481 1880 1551; x_wconf 89' lang='lat' dir='ltr'>quem</span> <span class='ocrx_word' id='word_1_64' title='bbox 1946 1461 2476 1534; x_wconf 81' lang='lat' dir='ltr'>commendator</span> <span class='ocrx_word' id='word_1_65' title='bbox 2536 1461 2621 1533; x_wconf 93' lang='lat' dir='ltr'>de</span> <span class='ocrx_word' id='word_1_66' title='bbox 2682 1458 3071 1551; x_wconf 76' lang='lat' dir='ltr'>&#39;Nyeschow</span> <span class='ocrx_word' id='word_1_67' title='bbox 3142 1459 3463 1549; x_wconf 87' lang='lat' dir='ltr'>ducebat,</span> 
     </span>
     <span class='ocr_line' id='line_1_9' title="bbox 373 1578 3464 1671; baseline 0 -22"><span class='ocrx_word' id='word_1_68' title='bbox 373 1579 728 1651; x_wconf 87' lang='lat' dir='ltr'>Andream</span> <span class='ocrx_word' id='word_1_69' title='bbox 784 1579 1230 1671; x_wconf 76' lang='lat' dir='ltr'>Brochoczky</span> <span class='ocrx_word' id='word_1_70' title='bbox 1287 1583 1358 1652; x_wconf 90' lang='lat' dir='ltr'>et</span> <span class='ocrx_word' id='word_1_71' title='bbox 1411 1602 1617 1653; x_wconf 88' lang='lat' dir='ltr'>suum</span> <span class='ocrx_word' id='word_1_72' title='bbox 1647 1578 1709 1669; x_wconf 82' lang='lat'>²)</span> <span class='ocrx_word' id='word_1_73' title='bbox 1765 1581 2154 1655; x_wconf 90' lang='lat' dir='ltr'>exercitum</span> <span class='ocrx_word' id='word_1_74' title='bbox 2210 1579 2557 1669; x_wconf 84' lang='lat' dir='ltr'>invasuri,</span> <span class='ocrx_word' id='word_1_75' title='bbox 2616 1579 2717 1651; x_wconf 91' lang='lat' dir='ltr'>ire</span> <span class='ocrx_word' id='word_1_76' title='bbox 2754 1583 3079 1671; x_wconf 91' lang='lat' dir='ltr'>pergunt.</span> <span class='ocrx_word' id='word_1_77' title='bbox 3136 1578 3298 1653; x_wconf 85' lang='lat' dir='ltr'>Nox</span> <span class='ocrx_word' id='word_1_78' title='bbox 3354 1599 3464 1650; x_wconf 90' lang='lat' dir='ltr'>ca·</span> 
     </span>
     <span class='ocr_line' id='line_1_10' title="bbox 369 1698 3463 1791; baseline 0 -22"><span class='ocrx_word' id='word_1_79' title='bbox 369 1698 678 1790; x_wconf 86' lang='lat' dir='ltr'>liginosa</span> <span class='ocrx_word' id='word_1_80' title='bbox 731 1698 820 1769; x_wconf 89' lang='lat' dir='ltr'>ad</span> <span class='ocrx_word' id='word_1_81' title='bbox 874 1700 1358 1790; x_wconf 91' lang='lat' dir='ltr'>exequendum</span> <span class='ocrx_word' id='word_1_82' title='bbox 1412 1700 1794 1789; x_wconf 87' lang='lat' dir='ltr'>destinata,</span> <span class='ocrx_word' id='word_1_83' title='bbox 1853 1707 1924 1773; x_wconf 89' lang='lat' dir='ltr'>et</span> <span class='ocrx_word' id='word_1_84' title='bbox 1977 1702 2252 1773; x_wconf 87' lang='lat' dir='ltr'>invasio</span> <span class='ocrx_word' id='word_1_85' title='bbox 2307 1720 2446 1772; x_wconf 92' lang='lat' dir='ltr'>non</span> <span class='ocrx_word' id='word_1_86' title='bbox 2485 1701 2710 1773; x_wconf 89' lang='lat' dir='ltr'>fronte</span> <span class='ocrx_word' id='word_1_87' title='bbox 2764 1700 2889 1771; x_wconf 89' lang='lat' dir='ltr'>sed</span> <span class='ocrx_word' id='word_1_88' title='bbox 2942 1721 2983 1771; x_wconf 90' lang='lat' dir='ltr'>a</span> <span class='ocrx_word' id='word_1_89' title='bbox 3020 1703 3250 1791; x_wconf 88' lang='lat' dir='ltr'>tergo,</span> <span class='ocrx_word' id='word_1_90' title='bbox 3306 1698 3463 1769; x_wconf 87' lang='lat' dir='ltr'>nnl-</span> 
     </span>
     <span class='ocr_line' id='line_1_11' title="bbox 368 1816 3467 1912; baseline 0.001 -24"><span class='ocrx_word' id='word_1_91' title='bbox 368 1818 512 1889; x_wconf 88' lang='lat' dir='ltr'>lam</span> <span class='ocrx_word' id='word_1_92' title='bbox 550 1817 940 1890; x_wconf 88' lang='lat' dir='ltr'>custodiam</span> <span class='ocrx_word' id='word_1_93' title='bbox 975 1818 1132 1891; x_wconf 91' lang='lat' dir='ltr'>illic</span> <span class='ocrx_word' id='word_1_94' title='bbox 1167 1818 1548 1891; x_wconf 87' lang='lat' dir='ltr'>consistere</span> <span class='ocrx_word' id='word_1_95' title='bbox 1583 1819 1756 1908; x_wconf 90' lang='lat' dir='ltr'>rati,</span> <span class='ocrx_word' id='word_1_96' title='bbox 1796 1818 2168 1893; x_wconf 78' lang='lat' dir='ltr'>cruciferis</span> <span class='ocrx_word' id='word_1_97' title='bbox 2220 1819 2449 1912; x_wconf 90' lang='lat' dir='ltr'>aptior</span> <span class='ocrx_word' id='word_1_98' title='bbox 2485 1818 2876 1892; x_wconf 89' lang='lat' dir='ltr'>videbatur.</span> <span class='ocrx_word' id='word_1_99' title='bbox 2935 1816 3192 1891; x_wconf 90' lang='lat' dir='ltr'>Silenti</span> <span class='ocrx_word' id='word_1_100' title='bbox 3228 1818 3467 1910; x_wconf 89' lang='lat' dir='ltr'>itaque</span> 
     </span>
     <span class='ocr_line' id='line_1_12' title="bbox 369 1935 3466 2032; baseline 0.001 -25"><span class='ocrx_word' id='word_1_101' title='bbox 369 1935 679 2029; x_wconf 86' lang='lat' dir='ltr'>agmine,</span> <span class='ocrx_word' id='word_1_102' title='bbox 738 1937 1036 2027; x_wconf 89' lang='lat' dir='ltr'>septima</span> <span class='ocrx_word' id='word_1_103' title='bbox 1091 1937 1520 2029; x_wconf 89' lang='lat' dir='ltr'>Septembris</span> <span class='ocrx_word' id='word_1_104' title='bbox 1559 1939 1704 2027; x_wconf 93' lang='lat' dir='ltr'>die,</span> <span class='ocrx_word' id='word_1_105' title='bbox 1759 1940 2144 2032; x_wconf 87' lang='lat' dir='ltr'>progressi,</span> <span class='ocrx_word' id='word_1_106' title='bbox 2200 1939 2372 2012; x_wconf 91' lang='lat' dir='ltr'>licet</span> <span class='ocrx_word' id='word_1_107' title='bbox 2422 1938 2805 2030; x_wconf 90' lang='lat' dir='ltr'>primarum</span> <span class='ocrx_word' id='word_1_108' title='bbox 2860 1938 3313 2012; x_wconf 83' lang='lat' dir='ltr'>excubiarum</span> <span class='ocrx_word' id='word_1_109' title='bbox 3350 1958 3466 2009; x_wconf 90' lang='lat' dir='ltr'>cu-</span> 
     </span>
     <span class='ocr_line' id='line_1_13' title="bbox 373 2056 3470 2149; baseline 0 -22"><span class='ocrx_word' id='word_1_110' title='bbox 373 2056 608 2128; x_wconf 89' lang='lat' dir='ltr'>stodes</span> <span class='ocrx_word' id='word_1_111' title='bbox 662 2056 1138 2149; x_wconf 88' lang='lat' dir='ltr'>negligentius</span> <span class='ocrx_word' id='word_1_112' title='bbox 1191 2056 1569 2149; x_wconf 89' lang='lat' dir='ltr'>vigilantes</span> <span class='ocrx_word' id='word_1_113' title='bbox 1625 2056 2074 2147; x_wconf 87' lang='lat' dir='ltr'>occidissent,</span> <span class='ocrx_word' id='word_1_114' title='bbox 2133 2058 2474 2131; x_wconf 89' lang='lat' dir='ltr'>secundae</span> <span class='ocrx_word' id='word_1_115' title='bbox 2530 2062 2763 2131; x_wconf 86' lang='lat' dir='ltr'>tamen</span> <span class='ocrx_word' id='word_1_116' title='bbox 2829 2058 3163 2131; x_wconf 81' lang='lat' dir='ltr'>excubiae</span> <span class='ocrx_word' id='word_1_117' title='bbox 3230 2060 3470 2129; x_wconf 88' lang='lat' dir='ltr'>custos</span> 
     </span>
     <span class='ocr_line' id='line_1_14' title="bbox 377 2175 3466 2268; baseline 0.001 -22"><span class='ocrx_word' id='word_1_118' title='bbox 377 2175 462 2246; x_wconf 91' lang='lat' dir='ltr'>de</span> <span class='ocrx_word' id='word_1_119' title='bbox 518 2175 842 2247; x_wconf 87' lang='lat' dir='ltr'>manibus</span> <span class='ocrx_word' id='word_1_120' title='bbox 909 2196 1143 2248; x_wconf 91' lang='lat' dir='ltr'>eorum</span> <span class='ocrx_word' id='word_1_121' title='bbox 1209 2177 1521 2268; x_wconf 88' lang='lat' dir='ltr'>elapsus,</span> <span class='ocrx_word' id='word_1_122' title='bbox 1581 2178 1819 2251; x_wconf 88' lang='lat' dir='ltr'>hostes</span> <span class='ocrx_word' id='word_1_123' title='bbox 1883 2178 2125 2251; x_wconf 87' lang='lat' dir='ltr'>adesse</span> <span class='ocrx_word' id='word_1_124' title='bbox 2187 2178 2493 2249; x_wconf 84' lang='lat' dir='ltr'>maximo</span> <span class='ocrx_word' id='word_1_125' title='bbox 2558 2179 2859 2251; x_wconf 89' lang='lat' dir='ltr'>clamore</span> <span class='ocrx_word' id='word_1_126' title='bbox 2930 2177 3466 2251; x_wconf 81' lang='lat' dir='ltr'>vociferabatur.</span> 
     </span>
     <span class='ocr_line' id='line_1_15' title="bbox 377 2294 3468 2387; baseline 0.001 -21"><span class='ocrx_word' id='word_1_127' title='bbox 377 2294 509 2387; x_wconf 80' lang='lat' dir='ltr'>Qui</span> <span class='ocrx_word' id='word_1_128' title='bbox 567 2294 704 2367; x_wconf 89' lang='lat' dir='ltr'>etsi</span> <span class='ocrx_word' id='word_1_129' title='bbox 757 2294 842 2366; x_wconf 90' lang='lat' dir='ltr'>ab</span> <span class='ocrx_word' id='word_1_130' title='bbox 898 2295 1222 2367; x_wconf 88' lang='lat' dir='ltr'>hostibus</span> <span class='ocrx_word' id='word_1_131' title='bbox 1275 2303 1565 2369; x_wconf 90' lang='lat' dir='ltr'>necatus</span> <span class='ocrx_word' id='word_1_132' title='bbox 1621 2298 1829 2385; x_wconf 86' lang='lat' dir='ltr'>foret,</span> <span class='ocrx_word' id='word_1_133' title='bbox 1888 2298 2150 2370; x_wconf 90' lang='lat' dir='ltr'>clamor</span> <span class='ocrx_word' id='word_1_134' title='bbox 2204 2303 2435 2371; x_wconf 91' lang='lat' dir='ltr'>tamen</span> <span class='ocrx_word' id='word_1_135' title='bbox 2490 2318 2661 2371; x_wconf 90' lang='lat' dir='ltr'>suus</span> <span class='ocrx_word' id='word_1_136' title='bbox 2716 2298 3086 2371; x_wconf 89' lang='lat' dir='ltr'>tertiarum</span> <span class='ocrx_word' id='word_1_137' title='bbox 3140 2297 3468 2371; x_wconf 86' lang='lat' dir='ltr'>excubia·</span> 
     </span>
     <span class='ocr_line' id='line_1_16' title="bbox 375 2414 3469 2521; baseline 0.001 -35"><span class='ocrx_word' id='word_1_138' title='bbox 375 2436 532 2486; x_wconf 92' lang='lat' dir='ltr'>rum</span> <span class='ocrx_word' id='word_1_139' title='bbox 595 2414 852 2506; x_wconf 89' lang='lat' dir='ltr'>vigiles</span> <span class='ocrx_word' id='word_1_140' title='bbox 916 2415 1320 2487; x_wconf 87' lang='lat' dir='ltr'>commovit:</span> <span class='ocrx_word' id='word_1_141' title='bbox 1397 2416 1518 2507; x_wconf 92' lang='lat' dir='ltr'>qui</span> <span class='ocrx_word' id='word_1_142' title='bbox 1581 2416 1669 2521; x_wconf 66' lang='lat' dir='ltr'>ad</span> <span class='ocrx_word' id='word_1_143' title='bbox 1734 2416 1996 2489; x_wconf 86' lang='lat' dir='ltr'>stativa</span> <span class='ocrx_word' id='word_1_144' title='bbox 2058 2416 2381 2489; x_wconf 90' lang='lat' dir='ltr'>Andreae</span> <span class='ocrx_word' id='word_1_145' title='bbox 2442 2418 2889 2509; x_wconf 77' lang='lat' dir='ltr'>Brochoczky</span> <span class='ocrx_word' id='word_1_146' title='bbox 2961 2416 3469 2509; x_wconf 85' lang='lat' dir='ltr'>pertingentes,</span> 
     </span>
     <span class='ocr_line' id='line_1_17' title="bbox 381 2532 3466 2627; baseline 0.001 -22"><span class='ocrx_word' id='word_1_147' title='bbox 381 2532 694 2605; x_wconf 90' lang='lat' dir='ltr'>subitum</span> <span class='ocrx_word' id='word_1_148' title='bbox 747 2533 1058 2606; x_wconf 89' lang='lat' dir='ltr'>hostium</span> <span class='ocrx_word' id='word_1_149' title='bbox 1113 2534 1489 2606; x_wconf 87' lang='lat' dir='ltr'>adventum</span> <span class='ocrx_word' id='word_1_150' title='bbox 1545 2535 1986 2608; x_wconf 87' lang='lat' dir='ltr'>denuntiant.</span> <span class='ocrx_word' id='word_1_151' title='bbox 2069 2535 2219 2627; x_wconf 80' lang='lat' dir='ltr'>Quo</span> <span class='ocrx_word' id='word_1_152' title='bbox 2272 2536 2498 2608; x_wconf 89' lang='lat' dir='ltr'>nihilo</span> <span class='ocrx_word' id='word_1_153' title='bbox 2529 2533 2591 2625; x_wconf 75' lang='grc'>3)</span> <span class='ocrx_word' id='word_1_154' title='bbox 2646 2536 2962 2609; x_wconf 88' lang='lat' dir='ltr'>Andreas</span> <span class='ocrx_word' id='word_1_155' title='bbox 3018 2537 3466 2627; x_wconf 75' lang='lat' dir='ltr'>Brochoczky</span> 
     </span>
     <span class='ocr_line' id='line_1_18' title="bbox 379 2653 3466 2747; baseline 0.001 -22"><span class='ocrx_word' id='word_1_156' title='bbox 379 2653 587 2726; x_wconf 89' lang='lat' dir='ltr'>miles</span> <span class='ocrx_word' id='word_1_157' title='bbox 643 2653 1030 2741; x_wconf 90' lang='lat' dir='ltr'>animosus,</span> <span class='ocrx_word' id='word_1_158' title='bbox 1085 2653 1424 2747; x_wconf 85' lang='lat' dir='ltr'>religione</span> <span class='ocrx_word' id='word_1_159' title='bbox 1478 2657 1548 2726; x_wconf 93' lang='lat' dir='ltr'>et</span> <span class='ocrx_word' id='word_1_160' title='bbox 1584 2654 1950 2727; x_wconf 91' lang='lat' dir='ltr'>devotione</span> <span class='ocrx_word' id='word_1_161' title='bbox 1987 2655 2273 2747; x_wconf 78' lang='lat' dir='ltr'>plenuS,</span> <span class='ocrx_word' id='word_1_162' title='bbox 2328 2654 2725 2746; x_wconf 79' lang='lat' dir='ltr'>perculsuS,</span> <span class='ocrx_word' id='word_1_163' title='bbox 2782 2656 2867 2728; x_wconf 93' lang='lat' dir='ltr'>de</span> <span class='ocrx_word' id='word_1_164' title='bbox 2903 2656 3085 2729; x_wconf 90' lang='lat' dir='ltr'>lecto</span> <span class='ocrx_word' id='word_1_165' title='bbox 3140 2654 3466 2744; x_wconf 87' lang='lat' dir='ltr'>exiliens,</span> 
     </span>
     <span class='ocr_line' id='line_1_19' title="bbox 382 2768 3471 2866; baseline 0 -22"><span class='ocrx_word' id='word_1_166' title='bbox 382 2774 602 2846; x_wconf 87' lang='lat' dir='ltr'>lorica</span> <span class='ocrx_word' id='word_1_167' title='bbox 656 2793 940 2865; x_wconf 90' lang='lat' dir='ltr'>corpore</span> <span class='ocrx_word' id='word_1_168' title='bbox 1007 2772 1192 2845; x_wconf 91' lang='lat' dir='ltr'>nudo</span> <span class='ocrx_word' id='word_1_169' title='bbox 1255 2774 1514 2847; x_wconf 90' lang='lat' dir='ltr'>vestito</span> <span class='ocrx_word' id='word_1_170' title='bbox 1546 2768 1648 2863; x_wconf 77' lang='lat'>⁴),</span> <span class='ocrx_word' id='word_1_171' title='bbox 1693 2774 1874 2863; x_wconf 89' lang='lat' dir='ltr'>suis,</span> <span class='ocrx_word' id='word_1_172' title='bbox 1932 2774 2053 2866; x_wconf 87' lang='lat' dir='ltr'>qui</span> <span class='ocrx_word' id='word_1_173' title='bbox 2101 2779 2171 2847; x_wconf 90' lang='lat' dir='ltr'>et</span> <span class='ocrx_word' id='word_1_174' title='bbox 2225 2774 2367 2866; x_wconf 90' lang='lat' dir='ltr'>ipsi</span> <span class='ocrx_word' id='word_1_175' title='bbox 2419 2774 2845 2849; x_wconf 87' lang='lat' dir='ltr'>dormierant</span> <span class='ocrx_word' id='word_1_176' title='bbox 2896 2775 3227 2864; x_wconf 88' lang='lat' dir='ltr'>inermes,</span> <span class='ocrx_word' id='word_1_177' title='bbox 3291 2774 3471 2849; x_wconf 90' lang='lat' dir='ltr'>bono</span> 
     </span>
     <span class='ocr_line' id='line_1_20' title="bbox 383 2892 3474 2987; baseline 0 -23"><span class='ocrx_word' id='word_1_178' title='bbox 383 2900 454 2965; x_wconf 90' lang='lat' dir='ltr'>et</span> <span class='ocrx_word' id='word_1_179' title='bbox 507 2892 673 2964; x_wconf 88' lang='lat' dir='ltr'>forti</span> <span class='ocrx_word' id='word_1_180' title='bbox 728 2892 993 2980; x_wconf 89' lang='lat' dir='ltr'>animo,</span> <span class='ocrx_word' id='word_1_181' title='bbox 1059 2914 1140 2965; x_wconf 90' lang='lat' dir='ltr'>ac</span> <span class='ocrx_word' id='word_1_182' title='bbox 1194 2914 1268 2966; x_wconf 89' lang='lat' dir='ltr'>se</span> <span class='ocrx_word' id='word_1_183' title='bbox 1324 2893 1524 2985; x_wconf 88' lang='lat' dir='ltr'>sequi</span> <span class='ocrx_word' id='word_1_184' title='bbox 1579 2894 1828 2983; x_wconf 90' lang='lat' dir='ltr'>iussis,</span> <span class='ocrx_word' id='word_1_185' title='bbox 1892 2894 2221 2967; x_wconf 86' lang='lat' dir='ltr'>hostibus</span> <span class='ocrx_word' id='word_1_186' title='bbox 2274 2894 2415 2965; x_wconf 85' lang='lat' dir='ltr'>iam</span> <span class='ocrx_word' id='word_1_187' title='bbox 2479 2898 2647 2966; x_wconf 92' lang='lat' dir='ltr'>tunc</span> <span class='ocrx_word' id='word_1_188' title='bbox 2702 2916 2901 2987; x_wconf 86' lang='lat' dir='ltr'>sepes</span> <span class='ocrx_word' id='word_1_189' title='bbox 2956 2899 3027 2969; x_wconf 90' lang='lat' dir='ltr'>et</span> <span class='ocrx_word' id='word_1_190' title='bbox 3078 2894 3474 2987; x_wconf 86' lang='lat' dir='ltr'>papiliones</span> 
     </span>
     <span class='ocr_line' id='line_1_21' title="bbox 381 3012 3475 3103; baseline 0.001 -18"><span class='ocrx_word' id='word_1_191' title='bbox 381 3013 768 3103; x_wconf 87' lang='lat' dir='ltr'>irrumpere</span> <span class='ocrx_word' id='word_1_192' title='bbox 823 3012 1247 3101; x_wconf 76' lang='lat' dir='ltr'>nitentibuS,</span> <span class='ocrx_word' id='word_1_193' title='bbox 1315 3012 1710 3103; x_wconf 90' lang='lat' dir='ltr'>intrepidus</span> <span class='ocrx_word' id='word_1_194' title='bbox 1766 3013 2098 3103; x_wconf 90' lang='lat' dir='ltr'>occurrit,</span> <span class='ocrx_word' id='word_1_195' title='bbox 2157 3017 2229 3087; x_wconf 91' lang='lat' dir='ltr'>et</span> <span class='ocrx_word' id='word_1_196' title='bbox 2290 3034 2445 3088; x_wconf 91' lang='lat' dir='ltr'>cum</span> <span class='ocrx_word' id='word_1_197' title='bbox 2500 3014 2651 3087; x_wconf 88' lang='lat' dir='ltr'>illis</span> <span class='ocrx_word' id='word_1_198' title='bbox 2707 3015 3087 3089; x_wconf 86' lang='lat' dir='ltr'>fortissime</span> <span class='ocrx_word' id='word_1_199' title='bbox 3142 3013 3475 3087; x_wconf 86' lang='lat' dir='ltr'>dimicare</span> 
     </span>
     <span class='ocr_line' id='line_1_22' title="bbox 385 3131 3479 3225; baseline 0.001 -21"><span class='ocrx_word' id='word_1_200' title='bbox 385 3132 638 3223; x_wconf 88' lang='lat' dir='ltr'>coepit.</span> <span class='ocrx_word' id='word_1_201' title='bbox 697 3131 1258 3223; x_wconf 78' lang='lat' dir='ltr'>cadentibusque</span> <span class='ocrx_word' id='word_1_202' title='bbox 1313 3136 1384 3205; x_wconf 87' lang='lat' dir='ltr'>et</span> <span class='ocrx_word' id='word_1_203' title='bbox 1420 3133 1642 3205; x_wconf 89' lang='lat' dir='ltr'>caesis</span> <span class='ocrx_word' id='word_1_204' title='bbox 1697 3133 1844 3221; x_wconf 87' lang='lat' dir='ltr'>his,</span> <span class='ocrx_word' id='word_1_205' title='bbox 1902 3134 2024 3225; x_wconf 89' lang='lat' dir='ltr'>qui</span> <span class='ocrx_word' id='word_1_206' title='bbox 2076 3133 2152 3207; x_wconf 93' lang='lat' dir='ltr'>in</span> <span class='ocrx_word' id='word_1_207' title='bbox 2190 3134 2338 3208; x_wconf 88' lang='lat' dir='ltr'>acie</span> <span class='ocrx_word' id='word_1_208' title='bbox 2394 3136 2888 3224; x_wconf 89' lang='lat' dir='ltr'>constiterant,</span> <span class='ocrx_word' id='word_1_209' title='bbox 2945 3135 3327 3209; x_wconf 87' lang='lat' dir='ltr'>assistente</span> <span class='ocrx_word' id='word_1_210' title='bbox 3364 3134 3479 3207; x_wconf 91' lang='lat' dir='ltr'>illi</span> 
     </span>
     <span class='ocr_line' id='line_1_23' title="bbox 385 3252 3477 3345; baseline 0.001 -21"><span class='ocrx_word' id='word_1_211' title='bbox 385 3252 628 3324; x_wconf 90' lang='lat' dir='ltr'>divina</span> <span class='ocrx_word' id='word_1_212' title='bbox 699 3252 1068 3324; x_wconf 89' lang='lat' dir='ltr'>clementia</span> <span class='ocrx_word' id='word_1_213' title='bbox 1133 3255 1316 3343; x_wconf 88' lang='lat' dir='ltr'>(erat</span> <span class='ocrx_word' id='word_1_214' title='bbox 1379 3253 1562 3325; x_wconf 91' lang='lat' dir='ltr'>enim</span> <span class='ocrx_word' id='word_1_215' title='bbox 1627 3252 1832 3325; x_wconf 90' lang='lat' dir='ltr'>miles</span> <span class='ocrx_word' id='word_1_216' title='bbox 1899 3253 2259 3327; x_wconf 88' lang='lat' dir='ltr'>virtuosus</span> <span class='ocrx_word' id='word_1_217' title='bbox 2325 3259 2395 3326; x_wconf 91' lang='lat' dir='ltr'>et</span> <span class='ocrx_word' id='word_1_218' title='bbox 2458 3253 2531 3326; x_wconf 90' lang='lat' dir='ltr'>in</span> <span class='ocrx_word' id='word_1_219' title='bbox 2596 3255 2875 3327; x_wconf 90' lang='lat' dir='ltr'>cultura</span> <span class='ocrx_word' id='word_1_220' title='bbox 2928 3254 3061 3329; x_wconf 93' lang='lat' dir='ltr'>Dei</span> <span class='ocrx_word' id='word_1_221' title='bbox 3124 3254 3477 3345; x_wconf 89' lang='lat' dir='ltr'>assiduus,</span> 
     </span>
     <span class='ocr_line' id='line_1_24' title="bbox 389 3371 3477 3465; baseline 0.001 -22"><span class='ocrx_word' id='word_1_222' title='bbox 389 3371 742 3462; x_wconf 87' lang='lat' dir='ltr'>quaslibet</span> <span class='ocrx_word' id='word_1_223' title='bbox 795 3371 1163 3444; x_wconf 89' lang='lat' dir='ltr'>fastidiens</span> <span class='ocrx_word' id='word_1_224' title='bbox 1219 3376 1289 3445; x_wconf 90' lang='lat' dir='ltr'>et</span> <span class='ocrx_word' id='word_1_225' title='bbox 1326 3393 1657 3446; x_wconf 89' lang='lat' dir='ltr'>execrans</span> <span class='ocrx_word' id='word_1_226' title='bbox 1708 3373 2050 3464; x_wconf 89' lang='lat' dir='ltr'>rapinas),</span> <span class='ocrx_word' id='word_1_227' title='bbox 2107 3373 2419 3465; x_wconf 91' lang='lat' dir='ltr'>reliquos</span> <span class='ocrx_word' id='word_1_228' title='bbox 2472 3375 2711 3447; x_wconf 89' lang='lat' dir='ltr'>hostes</span> <span class='ocrx_word' id='word_1_229' title='bbox 2767 3374 2857 3447; x_wconf 90' lang='lat' dir='ltr'>ad</span> <span class='ocrx_word' id='word_1_230' title='bbox 2894 3379 3285 3449; x_wconf 90' lang='lat' dir='ltr'>extremum</span> <span class='ocrx_word' id='word_1_231' title='bbox 3321 3376 3477 3446; x_wconf 87' lang='lat' dir='ltr'>fun-</span> 
     </span>
     <span class='ocr_line' id='line_1_25' title="bbox 390 3480 3478 3587; baseline 0.001 -26"><span class='ocrx_word' id='word_1_232' title='bbox 390 3491 496 3563; x_wconf 90' lang='lat' dir='ltr'>dit</span> <span class='ocrx_word' id='word_1_233' title='bbox 550 3496 621 3564; x_wconf 91' lang='lat' dir='ltr'>et</span> <span class='ocrx_word' id='word_1_234' title='bbox 675 3491 749 3563; x_wconf 89' lang='lat' dir='ltr'>in</span> <span class='ocrx_word' id='word_1_235' title='bbox 803 3491 1038 3583; x_wconf 85' lang='lat' dir='ltr'>fugam</span> <span class='ocrx_word' id='word_1_236' title='bbox 1093 3491 1263 3584; x_wconf 90' lang='lat' dir='ltr'>agit.</span> <span class='ocrx_word' id='word_1_237' title='bbox 1323 3480 1678 3583; x_wconf 71' lang='lat' dir='ltr'>Qui&#39;dum</span> <span class='ocrx_word' id='word_1_238' title='bbox 1732 3514 1855 3585; x_wconf 91' lang='lat' dir='ltr'>per</span> <span class='ocrx_word' id='word_1_239' title='bbox 1891 3514 2144 3585; x_wconf 88' lang='lat' dir='ltr'>opacae</span> <span class='ocrx_word' id='word_1_240' title='bbox 2197 3494 2425 3566; x_wconf 92' lang='lat' dir='ltr'>noctis</span> <span class='ocrx_word' id='word_1_241' title='bbox 2464 3493 2820 3583; x_wconf 86' lang='lat' dir='ltr'>tenebras,</span> <span class='ocrx_word' id='word_1_242' title='bbox 2878 3495 3188 3567; x_wconf 89' lang='lat' dir='ltr'>locorum</span> <span class='ocrx_word' id='word_1_243' title='bbox 3227 3493 3478 3587; x_wconf 87' lang='lat' dir='ltr'>ignari,</span> 
     </span>
     <span class='ocr_line' id='line_1_26' title="bbox 393 3611 3479 3705; baseline 0.001 -24"><span class='ocrx_word' id='word_1_244' title='bbox 393 3631 690 3700; x_wconf 85' lang='lat' dir='ltr'>quonam</span> <span class='ocrx_word' id='word_1_245' title='bbox 746 3611 1096 3702; x_wconf 89' lang='lat' dir='ltr'>fugerent,</span> <span class='ocrx_word' id='word_1_246' title='bbox 1154 3632 1400 3703; x_wconf 92' lang='lat' dir='ltr'>parum</span> <span class='ocrx_word' id='word_1_247' title='bbox 1455 3616 1774 3701; x_wconf 90' lang='lat' dir='ltr'>nossent,</span> <span class='ocrx_word' id='word_1_248' title='bbox 1831 3612 1904 3685; x_wconf 92' lang='lat' dir='ltr'>in</span> <span class='ocrx_word' id='word_1_249' title='bbox 1958 3614 2112 3686; x_wconf 92' lang='lat' dir='ltr'>loca</span> <span class='ocrx_word' id='word_1_250' title='bbox 2165 3618 2237 3686; x_wconf 88' lang='lat' dir='ltr'>et</span> <span class='ocrx_word' id='word_1_251' title='bbox 2289 3632 2571 3687; x_wconf 89' lang='lat' dir='ltr'>nemora</span> <span class='ocrx_word' id='word_1_252' title='bbox 2623 3614 2821 3686; x_wconf 87' lang='lat' dir='ltr'>varia</span> <span class='ocrx_word' id='word_1_253' title='bbox 2875 3613 3245 3687; x_wconf 92' lang='lat' dir='ltr'>desiliunt:</span> <span class='ocrx_word' id='word_1_254' title='bbox 3320 3633 3479 3705; x_wconf 90' lang='lat' dir='ltr'>pro·</span> 
     </span>
     <span class='ocr_line' id='line_1_27' title="bbox 389 3730 3482 3825; baseline 0.001 -24"><span class='ocrx_word' id='word_1_255' title='bbox 389 3734 547 3822; x_wconf 93' lang='lat' dir='ltr'>pter</span> <span class='ocrx_word' id='word_1_256' title='bbox 601 3730 783 3823; x_wconf 91' lang='lat' dir='ltr'>quod</span> <span class='ocrx_word' id='word_1_257' title='bbox 841 3731 1213 3803; x_wconf 89' lang='lat' dir='ltr'>errabundi</span> <span class='ocrx_word' id='word_1_258' title='bbox 1277 3734 1364 3803; x_wconf 89' lang='lat' dir='ltr'>ab</span> <span class='ocrx_word' id='word_1_259' title='bbox 1419 3732 1814 3825; x_wconf 86' lang='lat' dir='ltr'>agrestibus</span> <span class='ocrx_word' id='word_1_260' title='bbox 1868 3733 2078 3805; x_wconf 91' lang='lat' dir='ltr'>multi</span> <span class='ocrx_word' id='word_1_261' title='bbox 2133 3754 2369 3807; x_wconf 89' lang='lat' dir='ltr'>eorum</span> <span class='ocrx_word' id='word_1_262' title='bbox 2433 3733 2617 3807; x_wconf 90' lang='lat' dir='ltr'>circa</span> <span class='ocrx_word' id='word_1_263' title='bbox 2668 3732 3099 3821; x_wconf 87' lang='lat' dir='ltr'>Lanciciam,</span> <span class='ocrx_word' id='word_1_264' title='bbox 3156 3731 3482 3805; x_wconf 93' lang='lat' dir='ltr'>nonnulli</span> 
     </span>
     <span class='ocr_line' id='line_1_28' title="bbox 392 3850 3479 3946; baseline 0 -23"><span class='ocrx_word' id='word_1_265' title='bbox 392 3850 574 3923; x_wconf 91' lang='lat' dir='ltr'>circa</span> <span class='ocrx_word' id='word_1_266' title='bbox 628 3850 1071 3939; x_wconf 84' lang='lat' dir='ltr'>Klodawam,</span> <span class='ocrx_word' id='word_1_267' title='bbox 1127 3851 1468 3925; x_wconf 85' lang='lat' dir='ltr'>Przedecz</span> <span class='ocrx_word' id='word_1_268' title='bbox 1525 3857 1593 3926; x_wconf 89' lang='lat' dir='ltr'>et</span> <span class='ocrx_word' id='word_1_269' title='bbox 1649 3854 1983 3928; x_wconf 84' lang='lat' dir='ltr'>Brzescze</span> <span class='ocrx_word' id='word_1_270' title='bbox 2007 3852 2091 3943; x_wconf 71' lang='grc' dir='ltr'>Β),</span> <span class='ocrx_word' id='word_1_271' title='bbox 2152 3854 2635 3946; x_wconf 87' lang='lat' dir='ltr'>comprehensi</span> <span class='ocrx_word' id='word_1_272' title='bbox 2690 3854 2965 3926; x_wconf 81' lang='lat' dir='ltr'>fuerant</span> <span class='ocrx_word' id='word_1_273' title='bbox 3017 3856 3141 3925; x_wconf 90' lang='lat' dir='ltr'>aut</span> <span class='ocrx_word' id='word_1_274' title='bbox 3195 3852 3479 3925; x_wconf 91' lang='lat' dir='ltr'>obtrun-</span> 
     </span>
     <span class='ocr_line' id='line_1_29' title="bbox 393 3969 3479 4069; baseline 0.001 -27"><span class='ocrx_word' id='word_1_275' title='bbox 393 3970 555 4043; x_wconf 87' lang='lat' dir='ltr'>cati.</span> <span class='ocrx_word' id='word_1_276' title='bbox 615 3969 874 4061; x_wconf 87' lang='lat' dir='ltr'>Captus</span> <span class='ocrx_word' id='word_1_277' title='bbox 912 3974 1062 4043; x_wconf 86' lang='lat' dir='ltr'>erat</span> <span class='ocrx_word' id='word_1_278' title='bbox 1115 3970 1189 4043; x_wconf 93' lang='lat' dir='ltr'>in</span> <span class='ocrx_word' id='word_1_279' title='bbox 1228 3973 1554 4045; x_wconf 85' lang='lat' dir='ltr'>conflictu</span> <span class='ocrx_word' id='word_1_280' title='bbox 1604 3972 1960 4069; x_wconf 74' lang='lat' dir='ltr'>praedicto</span> <span class='ocrx_word' id='word_1_281' title='bbox 2013 3973 2702 4048; x_wconf 88' lang='lat' dir='ltr'>Vicecommendator</span> <span class='ocrx_word' id='word_1_282' title='bbox 2738 3972 3245 4061; x_wconf 89' lang='lat' dir='ltr'>Thorunensis,</span> <span class='ocrx_word' id='word_1_283' title='bbox 3284 3973 3479 4045; x_wconf 88' lang='lat' dir='ltr'>Com-</span> 
     </span>
     <span class='ocr_line' id='line_1_30' title="bbox 393 4088 3485 4187; baseline 0.001 -25"><span class='ocrx_word' id='word_1_284' title='bbox 393 4091 794 4163; x_wconf 86' lang='lat' dir='ltr'>mendatore</span> <span class='ocrx_word' id='word_1_285' title='bbox 855 4088 1232 4183; x_wconf 89' lang='lat' dir='ltr'>principali</span> <span class='ocrx_word' id='word_1_286' title='bbox 1293 4093 1466 4165; x_wconf 92' lang='lat' dir='ltr'>duce</span> <span class='ocrx_word' id='word_1_287' title='bbox 1529 4115 1652 4184; x_wconf 91' lang='lat' dir='ltr'>per</span> <span class='ocrx_word' id='word_1_288' title='bbox 1713 4094 1950 4185; x_wconf 86' lang='lat' dir='ltr'>fugam</span> <span class='ocrx_word' id='word_1_289' title='bbox 2011 4094 2275 4187; x_wconf 89' lang='lat' dir='ltr'>elapso.</span> <span class='ocrx_word' id='word_1_290' title='bbox 2357 4093 2559 4186; x_wconf 87' lang='lat' dir='ltr'>Capti</span> <span class='ocrx_word' id='word_1_291' title='bbox 2622 4093 2997 4165; x_wconf 91' lang='lat' dir='ltr'>duodecem</span> <span class='ocrx_word' id='word_1_292' title='bbox 3050 4093 3335 4166; x_wconf 85' lang='lat' dir='ltr'>Fratres</span> <span class='ocrx_word' id='word_1_293' title='bbox 3400 4092 3485 4165; x_wconf 90' lang='lat' dir='ltr'>de</span> 
     </span>
     <span class='ocr_line' id='line_1_31' title="bbox 395 4210 3487 4305; baseline 0.001 -23"><span class='ocrx_word' id='word_1_294' title='bbox 395 4210 648 4283; x_wconf 91' lang='lat' dir='ltr'>Ordine</span> <span class='ocrx_word' id='word_1_295' title='bbox 703 4215 774 4282; x_wconf 92' lang='lat' dir='ltr'>et</span> <span class='ocrx_word' id='word_1_296' title='bbox 825 4210 1063 4302; x_wconf 89' lang='lat' dir='ltr'>plures</span> <span class='ocrx_word' id='word_1_297' title='bbox 1128 4213 1535 4286; x_wconf 89' lang='lat' dir='ltr'>mercenarii</span> <span class='ocrx_word' id='word_1_298' title='bbox 1598 4214 1896 4301; x_wconf 90' lang='lat' dir='ltr'>milites,</span> <span class='ocrx_word' id='word_1_299' title='bbox 1961 4218 2035 4285; x_wconf 94' lang='lat' dir='ltr'>et</span> <span class='ocrx_word' id='word_1_300' title='bbox 2088 4212 2404 4286; x_wconf 87' lang='lat' dir='ltr'>universi</span> <span class='ocrx_word' id='word_1_301' title='bbox 2464 4212 2841 4305; x_wconf 87' lang='lat' dir='ltr'>ergastulis</span> <span class='ocrx_word' id='word_1_302' title='bbox 2909 4213 3093 4305; x_wconf 87' lang='lat' dir='ltr'>apud</span> <span class='ocrx_word' id='word_1_303' title='bbox 3150 4215 3487 4286; x_wconf 81' lang='lat' dir='ltr'>Brzescze</span> 
     </span>
    </p>
   </div>
   <div class='ocr_carea' id='block_1_3' title="bbox 396 4328 3483 4539">
    <p class='ocr_par' dir='ltr' id='par_1_3' title="bbox 396 4328 3483 4539">
     <span class='ocr_line' id='line_1_32' title="bbox 396 4328 3483 4426; baseline 0.001 -25"><span class='ocrx_word' id='word_1_304' title='bbox 396 4328 688 4419; x_wconf 88' lang='lat' dir='ltr'>inclusi,</span> <span class='ocrx_word' id='word_1_305' title='bbox 744 4330 1092 4423; x_wconf 86' lang='lat' dir='ltr'>paucique</span> <span class='ocrx_word' id='word_1_306' title='bbox 1145 4332 1230 4405; x_wconf 93' lang='lat' dir='ltr'>de</span> <span class='ocrx_word' id='word_1_307' title='bbox 1283 4332 1700 4407; x_wconf 86' lang='lat' dir='ltr'>Cruciferico</span> <span class='ocrx_word' id='word_1_308' title='bbox 1756 4333 2070 4406; x_wconf 90' lang='lat' dir='ltr'>exercitu</span> <span class='ocrx_word' id='word_1_309' title='bbox 2125 4333 2505 4407; x_wconf 90' lang='lat' dir='ltr'>creduntur</span> <span class='ocrx_word' id='word_1_310' title='bbox 2555 4354 2694 4405; x_wconf 92' lang='lat' dir='ltr'>non</span> <span class='ocrx_word' id='word_1_311' title='bbox 2748 4332 2937 4426; x_wconf 90' lang='lat' dir='ltr'>capti</span> <span class='ocrx_word' id='word_1_312' title='bbox 2999 4338 3122 4406; x_wconf 85' lang='lat' dir='ltr'>aut</span> <span class='ocrx_word' id='word_1_313' title='bbox 3176 4354 3313 4406; x_wconf 92' lang='lat' dir='ltr'>non</span> <span class='ocrx_word' id='word_1_314' title='bbox 3367 4332 3483 4405; x_wconf 90' lang='lat' dir='ltr'>de-</span> 
     </span>
     <span class='ocr_line' id='line_1_33' title="bbox 399 4450 1188 4539; baseline 0.003 -18"><span class='ocrx_word' id='word_1_315' title='bbox 399 4450 689 4522; x_wconf 90' lang='lat' dir='ltr'>siderati</span> <span class='ocrx_word' id='word_1_316' title='bbox 746 4450 1073 4523; x_wconf 88' lang='lat' dir='ltr'>extitisse</span> <span class='ocrx_word' id='word_1_317' title='bbox 1101 4452 1188 4539; x_wconf 76' lang='grc'>6).</span> 
     </span>
    </p>
   </div>
   <div class='ocr_carea' id='block_1_4' title="bbox 401 4717 3491 4907">
    <p class='ocr_par' dir='ltr' id='par_1_4' title="bbox 401 4717 3491 4907">
     <span class='ocr_line' id='line_1_34' title="bbox 614 4717 3491 4804; baseline -0.001 -18"><span class='ocrx_word' id='word_1_318' title='bbox 614 4725 662 4804; x_wconf 90' lang='lat'>¹)</span> <span class='ocrx_word' id='word_1_319' title='bbox 708 4724 1040 4802; x_wconf 87' lang='lat' dir='ltr'>complendi</span> <span class='ocrx_word' id='word_1_320' title='bbox 1083 4724 1278 4802; x_wconf 79' lang='lat' dir='ltr'>gratia</span> <span class='ocrx_word' id='word_1_321' title='bbox 1323 4719 1475 4786; x_wconf 81' lang='lat' dir='ltr'>Cod.</span> <span class='ocrx_word' id='word_1_322' title='bbox 1520 4720 1714 4785; x_wconf 82' lang='lat' dir='ltr'>Rozr.</span> <span class='ocrx_word' id='word_1_323' title='bbox 1763 4723 1812 4803; x_wconf 83' lang='lat'>²)</span> <span class='ocrx_word' id='word_1_324' title='bbox 1859 4723 1986 4784; x_wconf 87' lang='lat' dir='ltr'>eins</span> <span class='ocrx_word' id='word_1_325' title='bbox 2033 4717 2186 4786; x_wconf 81' lang='lat' dir='ltr'>God.</span> <span class='ocrx_word' id='word_1_326' title='bbox 2232 4720 2425 4785; x_wconf 79' lang='lat' dir='ltr'>Rozr.</span> <span class='ocrx_word' id='word_1_327' title='bbox 2474 4722 2532 4803; x_wconf 79' lang='lat'>³)</span> <span class='ocrx_word' id='word_1_328' title='bbox 2572 4724 2810 4785; x_wconf 87' lang='lat' dir='ltr'>minime</span> <span class='ocrx_word' id='word_1_329' title='bbox 2838 4717 2991 4786; x_wconf 80' lang='lat' dir='ltr'>Cod.</span> <span class='ocrx_word' id='word_1_330' title='bbox 3022 4719 3214 4784; x_wconf 74' lang='lat' dir='ltr'>Rozr.</span> <span class='ocrx_word' id='word_1_331' title='bbox 3262 4718 3315 4801; x_wconf 80' lang='lat'>⁴)</span> <span class='ocrx_word' id='word_1_332' title='bbox 3362 4742 3491 4783; x_wconf 90' lang='lat' dir='ltr'>cor-</span> 
     </span>
     <span class='ocr_line' id='line_1_35' title="bbox 401 4820 3189 4907; baseline 0.001 -20"><span class='ocrx_word' id='word_1_333' title='bbox 401 4844 512 4905; x_wconf 85' lang='lat' dir='ltr'>pus</span> <span class='ocrx_word' id='word_1_334' title='bbox 556 4828 778 4889; x_wconf 85' lang='lat' dir='ltr'>nudum</span> <span class='ocrx_word' id='word_1_335' title='bbox 821 4828 1072 4889; x_wconf 81' lang='lat' dir='ltr'>vestitus</span> <span class='ocrx_word' id='word_1_336' title='bbox 1120 4823 1271 4892; x_wconf 72' lang='lat' dir='ltr'>Coa.</span> <span class='ocrx_word' id='word_1_337' title='bbox 1317 4824 1508 4889; x_wconf 72' lang='lat' dir='ltr'>Rozr.</span> <span class='ocrx_word' id='word_1_338' title='bbox 1557 4824 1614 4907; x_wconf 79' lang='lat'>⁵)</span> <span class='ocrx_word' id='word_1_339' title='bbox 1656 4828 1932 4890; x_wconf 80' lang='lat' dir='ltr'>Brzescie</span> <span class='ocrx_word' id='word_1_340' title='bbox 1985 4824 2138 4890; x_wconf 72' lang='lat' dir='ltr'>eod.</span> <span class='ocrx_word' id='word_1_341' title='bbox 2186 4824 2378 4890; x_wconf 79' lang='lat' dir='ltr'>Rozr.</span> <span class='ocrx_word' id='word_1_342' title='bbox 2442 4824 2495 4905; x_wconf 77' lang='lat'>⁸)</span> <span class='ocrx_word' id='word_1_343' title='bbox 2540 4828 2743 4889; x_wconf 79' lang='lat' dir='ltr'>fuisse.</span> <span class='ocrx_word' id='word_1_344' title='bbox 2800 4821 2952 4888; x_wconf 80' lang='lat' dir='ltr'><em>Cod.</em></span> <span class='ocrx_word' id='word_1_345' title='bbox 2998 4820 3189 4889; x_wconf 78' lang='lat' dir='ltr'>Rozr.</span> 
     </span>
    </p>
   </div>
   <div class='ocr_carea' id='block_1_5' title="bbox 4246 93 4250 844">
    <p class='ocr_par' dir='ltr' id='par_1_5' title="bbox 4246 93 4250 844">
     <span class='ocr_line' id='line_1_36' title="bbox 4246 93 4250 844; baseline 0 0"><span class='ocrx_word' id='word_1_346' title='bbox 4246 93 4250 844; x_wconf 95' lang='lat' dir='ltr'> </span> 
     </span>
    </p>
   </div>
  </div>
 </body>
</html>
