4342 6384
926 584 1075 662 362
2112 601 2340 660 menn
2391 596 2848 662 monemus.
3444 577 3578 681 (Α.
3617 576 3708 658 D.
3751 575 4002 682 1420.)

925 791 1225 867 vadendi
1278 789 1551 866 animus
1596 791 1906 879 ablatus,
1963 797 2322 884 terrorque
2379 795 2449 864 et
2502 796 2729 866 metus
2785 791 3138 865 incussus:
3199 791 3528 865 Bobemis
3587 812 3622 864 e
3659 787 4000 864 contrario

924 914 1199 986 animus
1253 917 1323 986 et
1375 912 1705 984 voluntas
1760 910 2182 984 cumulatior
2233 911 2556 1003 propiore
2608 911 2927 984 accessit.

942 1263 1347 1338 Withawdua
1388 1263 1527 1334 Bu
1570 1263 1837 1353 laguna
1880 1262 2264 1334 Lithuaniao
2309 1261 2859 1351 norvegi-odontes
2905 1260 3240 1334 nathonos
3281 1261 3352 1332 iu
3395 1260 3680 1334 ordinem
3722 1259 3978 1349 redigit.

1126 1511 1290 1583 Dux
1346 1509 1639 1601 Magnus
1692 1507 2115 1580 Lithuaniae
2169 1505 2574 1580 Alexander
2629 1505 3106 1594 WithawduS,
3165 1505 3576 1596 intelligens
3627 1505 3696 1578 N
3699 1525 3997 1597 owogro·

920 1631 1171 1704 denses
1226 1631 1591 1702 Ruthenos
1647 1626 1919 1699 divitiis
1974 1631 2045 1699 et
2098 1626 2449 1699 thesauris
2515 1625 2868 1698 abundare
2929 1624 3348 1713 innumeris,
3417 1626 3784 1718 sciensque
3843 1627 4002 1699 illos

922 1749 1247 1841 pacificos
1302 1754 1373 1821 et
1425 1747 1793 1834 imbelles,-
1834 1746 2031 1818 velut
2085 1745 2565 1818 tantummodo
2621 1745 2980 1836 crapulae,
3047 1744 3264 1817 lucris
3319 1751 3390 1818 et
3445 1746 3676 1818 ventri
3729 1767 4000 1837 operam

922 1871 1085 1941 dare
1140 1868 1417 1955 solitos,
1475 1867 1739 1939 bellum
1792 1865 1969 1956 ipsis
2023 1864 2288 1936 indixit
2325 1870 2396 1936 et
2433 1864 2946 1956 expeditionem
2997 1864 3376 1937 notabilem
3417 1868 3487 1936 et
3523 1871 4000 1956 sumptuosam

924 1993 1164 2060 contra
1217 1987 1381 2059 illos
1435 1985 1685 2072 movit,
1762 2004 2039 2056 causam
2106 1982 2384 2074 quidem
2438 1984 2609 2056 belli
2663 1984 2736 2055 in
2792 1983 3218 2056 occasionem
3273 1988 3343 2056 et
3395 1983 3727 2072 colorem,
3805 1985 4002 2075 quasi

926 2105 1062 2178 sibi
1083 2141 1093 2148 ·
1117 2110 1188 2177 et
1242 2105 1391 2177 suis
1446 2102 1789 2175 Dominiis
1843 2103 1917 2173 in
1973 2102 2323 2174 limitibus
2379 2102 2710 2174 iniuriam
2767 2101 3224 2194 irrogassent,
3283 2123 3593 2175 sumens:
3649 2124 3725 2175 re
3771 2109 4002 2175 autem

925 2245 1121 2311 vera,
1178 2227 1261 2294 ut
1310 2222 1605 2312 gloriam
1662 2221 1773 2293 sui
1827 2221 2130 2292 nominis
2184 2220 2630 2309 diffunderet,
2689 2226 2760 2293 et
2813 2222 3161 2311 praefatos
3199 2221 3267 2294 N
3271 2223 3827 2313 owogrodenseS,
3885 2222 4000 2313 qui

924 2363 1048 2433 per
1100 2363 1174 2414 se
1228 2339 1795 2415 communitatem
1852 2339 2119 2410 faciunt
2171 2339 2712 2432 amplissimam,
2761 2338 2964 2424 ‚nulli
3025 2339 3206 2432 Regi
3267 2346 3390 2412 aut
3441 2339 3758 2432 Principi
3813 2340 3999 2412 dedi-

925 2465 1069 2546 toS,
1128 2460 1268 2532 sibi
1321 2459 1745 2551 subiugaret.
1802 2457 1963 2530 Non
2008 2458 2216 2530 illum
2255 2463 2659 2549 sumptuum
2707 2463 2829 2530 aut
2865 2458 3335 2548 impensarum
3370 2459 3810 2552 magnitudo,
3865 2479 4000 2530 non

922 2578 1096 2651 belli
1148 2578 1385 2651 varius
1440 2580 1765 2664 eventuS,
1822 2597 1961 2648 non
2014 2577 2422 2668 prolixitas,
2478 2597 2616 2648 non
2672 2577 3056 2650 difficultas
3109 2576 3419 2664 itineris,
3475 2598 3606 2650 nec
3651 2583 3846 2650 aetas
3883 2597 4002 2668 per

926 2717 1001 2768 se
1056 2696 1440 2788 decrepita,
1496 2717 1539 2767 a
1591 2695 1947 2786 proposito
2002 2699 2450 2782 revocarunt3
2511 2696 2631 2767 sed
2687 2695 2978 2767 collecto
3033 2715 3120 2768 ex
3174 2697 3494 2784 Polonis‚
3561 2717 3736 2787 quos
3791 2696 3876 2768 ad
3933 2695 4000 2768 id

926 2816 1190 2888 bellum
1242 2835 1366 2905 per
1418 2813 1663 2886 literas
1717 2819 1788 2885 et
1839 2813 2127 2885 nuntios
2182 2814 2638 2906 singulariter
2689 2814 3068 2902 acciverat,
3134 2814 3304 2886 item
3359 2834 3448 2888 ex
3501 2814 3880 2887 Lithuanis
3935 2817 4000 2886 et

926 2933 1279 3006 Ruthenis
1333 2932 1580 3024 grandi
1618 2933 1962 3017 exercitu,
2022 2937 2264 3004 contra
2299 2931 2894 3023 Nowogrodenses
2929 2932 3304 3024 processit,
3359 2953 3760 3023 processum
3797 2953 3998 3004 suum

926 3057 997 3124 et
1050 3051 1186 3124 iter
1238 3049 1305 3122 N
1308 3047 1913 3142 owogrodensibus
1969 3050 2192 3141 magis
2229 3049 2717 3138 irridentibus,
2776 3051 3212 3142 superbaque
3249 3051 3854 3124 contemnentibus
3895 3071 3996 3122 re·

928 3169 1322 3260 sponsione.
1381 3169 1535 3241 Sita
1590 3167 1774 3240 enim
1830 3173 1939 3241 est
1990 3167 2059 3239 N
2064 3169 2378 3259 owogrod
2425 3169 2502 3239 in
2537 3169 2711 3240 locis
2765 3170 2993 3242 bassis
3037 3172 3086 3258 ¹)
3143 3175 3216 3242 et
3266 3170 3736 3262 paludinosiS,
3795 3191 3996 3262 quam

928 3290 1015 3361 ab
1072 3287 1259 3359 omni
1310 3292 1509 3378 parte
1562 3288 1758 3359 lacus
1812 3292 1883 3360 et
1936 3294 2216 3378 stagna,
2274 3287 2704 3380 paludesque
2759 3288 3050 3380 cingunt
3103 3294 3175 3362 et
3227 3290 3574 3362 muniunt.
3641 3290 3790 3362 Nec
3843 3309 3993 3380 pos-

928 3407 1136 3479 sibile
1188 3406 1520 3478 rebantur
1572 3405 1641 3477 N
1646 3407 2198 3498 owogrodenses,
2255 3406 2546 3478 aestatis
2583 3413 2891 3498 tempore
2945 3408 3329 3480 exercitum
3395 3409 3647 3495 silvas,
3699 3409 3896 3480 lacus
3933 3413 3996 3479 et

924 3525 1220 3617 paludes
1284 3523 1407 3596 vix
1463 3524 1641 3614 ipsis
1694 3525 1943 3597 avibus
1999 3530 2068 3598 et
2122 3524 2288 3597 feris
2343 3524 2819 3614 accessibiles,
2875 3547 3078 3616 posse
3148 3527 3446 3600 transire
3511 3533 3581 3600 et
3634 3527 3710 3598 in
3751 3525 3992 3598 Nowo-

924 3646 1097 3737 grod
1126 3643 1189 3733 ²)
1242 3647 1642 3735 penetrare,
1698 3664 1853 3715 cum
1909 3645 2409 3716 mercatoribus
2463 3644 2552 3715 ad
2605 3644 2734 3716 illa
2787 3645 2940 3716 loca
2973 3666 3114 3716 non
3149 3645 3247 3716 sit
3281 3645 3424 3716 alio
3462 3650 3804 3736 tempore,
3863 3644 3996 3716 nisi

926 3763 1153 3836 hieme
1206 3762 1443 3835 valida
1496 3781 1715 3853 aquas
1778 3762 2330 3853 constringente,
2406 3782 2750 3835 accessus.
2827 3763 3028 3836 Unde
3091 3768 3162 3835 et
3221 3762 3573 3836 irridendo
3643 3764 3992 3836 dicebant:

925 3904 1049 3974 pro
1106 3882 1412 3954 adventu
1484 3879 1898 3967 Withawdi,
1972 3880 2047 3951 in
2120 3880 2474 3971 coquendo
2539 3885 2610 3953 et
2671 3881 3144 3972 praeparando
3215 3883 3536 3971 medone,
3593 3903 3668 3955 se
3719 3881 3994 3954 interim

928 4022 1063 4092 quo
1095 3999 1156 4089 3)
1213 4000 1515 4086 veniret,
1570 4019 1844 4088 operam
1900 3998 2210 4071 daturos.
2269 3999 2528 4071 Verum
2593 3999 2759 4090 quia
2813 3998 3064 4072 virtuti
3116 3999 3300 4072 nihil
3355 4005 3462 4072 est
3515 4000 3838 4088 difficile,
3893 4000 3992 4071 ni·

926 4120 1031 4191 hil
1068 4118 1517 4210 impervium,
1574 4122 1645 4189 et
1680 4138 1815 4208 quo
1855 4117 2075 4208 magis
2112 4118 2371 4188 arduus
2416 4118 2645 4206 labor,
2701 4138 2780 4190 eo
2817 4119 2998 4189 solet
3033 4139 3186 4190 esse
3241 4117 3674 4208 splendidior
3725 4123 3796 4191 et
3846 4119 3990 4210 glo-

925 4238 1059 4310 ria:
1115 4237 1279 4308 dum
1335 4237 1572 4326 itaque
1626 4237 1787 4306 Dux
1842 4235 2284 4309 Withawdus
2329 4237 2418 4308 ad
2455 4237 2707 4309 silvam
2761 4257 3112 4328 magnam,
3177 4243 3492 4308 vocatam
3557 4236 3990 4328 czarnylass‚

928 4357 1139 4428 unius
1176 4355 1316 4426 diei
1352 4355 1487 4426 iter
1531 4355 1931 4441 habentem,
1985 4355 2452 4445 pervenisset,
2508 4357 2678 4428 haec
2732 4356 2866 4427 etsi
2895 4357 2960 4444 ⁴)
3013 4353 3284 4428 lubrica
3330 4361 3402 4428 et
3436 4356 3646 4447 plena
3698 4356 3992 4428 difficul-

930 4475 1197 4548 tatibus
1250 4477 1466 4560 esset,
1522 4472 1801 4560 nihi15)
1850 4473 2112 4545 Ducem
2175 4474 2524 4547 obluctari
2583 4474 3122 4546 difficultatibus
3187 4474 3475 4546 solitum
3537 4475 3822 4563 terruit,
3879 4473 3996 4546 sed

928 4593 1061 4666 tali
1115 4592 1353 4666 ordine
1408 4591 1605 4662 illam
1659 4591 2023 4664 meabilem
2078 4592 2334 4666 effecit.
2391 4592 2773 4684 Dispositis
2830 4592 3014 4664 enim
3069 4597 3138 4664 et
3193 4593 3532 4666 ordinatis
3569 4594 3805 4666 decem
3842 4593 3994 4664 mil-

926 4713 1117 4786 libus
1170 4710 1528 4782 hominum
1580 4709 2053 4800 pedestribus,
2112 4731 2390 4784 secures
2444 4713 2792 4784 duntaxat
2853 4711 3016 4783 illos
3072 4712 3248 4784 ferre
3301 4714 3372 4784 et
3423 4731 3550 4802 per
3599 4710 3996 4783 universam

928 4832 1181 4903 silvam
1234 4828 1448 4921 lignis
1500 4831 1803 4899 stratum
1832 4828 1896 4916 θ)
1952 4828 2174 4902 facere
2226 4829 2460 4902 iussit.
2519 4831 2668 4901 Hos
2722 4829 2919 4920 sequi
2975 4829 3361 4902 exercitum
3412 4829 3836 4901 Polonorum
3887 4849 3994 4899 ar-

928 4954 1191 5020 matum
1246 4945 1635 5032 mandavit,
1694 4951 1775 5016 ut
1826 4945 1992 5017 illos
2045 4945 2117 5018 in
2174 4947 2409 5020 labore
2465 4954 2866 5038 occupatos,
2925 4969 2966 5018 a
3020 4946 3334 5037 qualibet
3395 4945 3758 5018 invasione
3813 4949 3994 5016 tuta-

924 5071 1191 5142 rentur.
1249 5065 1895 5157 Quantumcumque
1950 5085 2111 5157 ergo
2166 5066 2381 5156 spatii
2415 5066 2771 5157 pedestres
2809 5065 3024 5158 lignis
3063 5065 3498 5154 sternebant,
3555 5067 3830 5136 tantum
3867 5064 3994 5135 Po·

1144 5338 1190 5419 1)
1234 5341 1505 5401 demissis
1554 5337 1705 5404 Cod.
1748 5338 1939 5406 Rozr.
1988 5342 2043 5424 ἰ)
2088 5338 2490 5424 Nouogrodek
2539 5335 2690 5412 Cod.
2735 5335 2926 5410 Rozr.
2976 5335 3031 5427 ³)
3077 5336 3214 5408 dum
3263 5329 3412 5410 Coei.
3463 5343 3656 5408 Roir.
3703 5333 3757 5424 4)
3805 5353 4002 5422 quam·

930 5440 1021 5504 vis
1071 5435 1221 5503 Cod.
1266 5439 1457 5504 Rozr.
1509 5441 1559 5522 ⁵)
1604 5443 1753 5503 nihil
1796 5451 1990 5507 tamen
2040 5442 2192 5510 Cod.
2238 5447 2431 5513 Roaer.
2481 5448 2536 5530 ⁶)
2581 5455 2824 5511 stratam
2879 5446 3030 5512 cod.
3077 5447 3269 5510 Rom-⁸
