4342 6384
383 533 527 636 (Α.
567 534 658 612 D.
699 535 953 636 1438.)
1524 560 1750 613 mnan
1802 560 2316 616 3303303133.
3345 541 3492 616 595

1224 861 1502 933 Barbara
1545 863 1928 951 113113131ῐί3
1970 862 2041 935 111
2084 863 2410 936 [0101113111
2453 865 2646 954 rugit.

594 1109 905 1180 Barbara
958 1108 1209 1181 relicta
1272 1109 1711 1202 Sigismundi
1772 1110 2245 1184 Romanorum
2311 1113 2764 1204 Imperatoris
2820 1118 2889 1185 et
2944 1114 3350 1207 Hungariae
3405 1135 3486 1186 ac

380 1228 764 1300 Bohemiae
819 1228 1067 1320 Regis,
1129 1250 1254 1320 per
1298 1230 1667 1302 Albertum
1710 1231 2182 1304 Romanorum
2220 1235 2291 1303 et
2325 1233 2732 1324 Hungariae
2768 1234 3062 1327 Regem,
3119 1235 3480 1326 filiamque

379 1371 583 1420 suam
636 1349 1033 1436 Elisabeth,
1103 1350 1413 1422 eiusdem
1469 1350 1748 1423 Alberti
1804 1357 2227 1440 consortem,
2297 1351 2732 1426 instantibus
2788 1360 2859 1427 et
2915 1375 3194 1447 operam
3249 1355 3478 1428 danti-

376 1471 514 1542 bus
569 1469 947 1542 baronibus
1002 1471 1440 1562 Hungariae,
1498 1493 1673 1561 quos
1729 1471 1975 1544 multis
2030 1471 2104 1544 in
2159 1472 2310 1545 vita
2364 1473 2600 1546 mariti
2664 1476 2778 1547 sui
2831 1476 3178 1550 afficiebat
3233 1481 3476 1550 contu-

376 1592 613 1664 meliis
670 1597 738 1665 et
792 1591 1097 1684 111011113,
1166 1592 1250 1664 (13
1304 1591 1625 1664 0111311133
1682 1593 1964 1679 3331113,
2034 1592 2444 1666 civitatibus
2509 1600 2580 1667 et
2632 1597 3231 1687 1103333310311133,
3299 1618 3478 1689 quae

372 1712 451 1784 in
508 1713 749 1805 Regno
803 1712 1206 1805 Hungariae
1263 1712 1783 1804 quomodolibet
1837 1713 2021 1785 dotis
2077 1713 2387 1804 nomine,
2445 1721 2568 1787 aut
2623 1737 3036 1808 (1303331133
3090 1715 3304 1788 111310
3359 1717 3477 1790 011-

372 1833 678 1921 11331131,
738 1833 991 1922 eiecta,
1050 1837 1120 1906 et
1176 1835 1315 1906 fere
1372 1833 1727 1922 013311133,
1786 1855 1963 1925 quae
2018 1856 2059 1906 3
2110 1835 2438 1925 1113111133
2502 1836 2706 1909 33313
2771 1841 3250 1931 congesserat,
3323 1839 3470 1910 the-

374 1953 606 2026 sauris
662 1959 733 2027 et
786 1954 1123 2028 clenodiis
1180 1953 1514 2046 spoliata,
1573 1954 1646 2027 in
1702 1955 2023 2048 Regnum
2079 1956 2415 2030 Poloniae
2469 1956 2694 2047 venit,
2753 1963 2824 2030 et
2859 1979 2934 2032 se
2969 1961 3306 2050 tanquam
3341 1957 3470 2030 mi-

374 2095 599 2148 seram
656 2079 726 2148 et
781 2077 1159 2167 orphanam
1198 2097 1564 2166 personam
1602 2097 1643 2148 a
1680 2076 1871 2168 Rege
1909 2075 2303 2148 Wladislao
2340 2077 2662 2170 recolligi
2697 2079 3002 2170 petebat.
3060 2078 3273 2151 Cuius
3311 2099 3464 2170 pre-

371 2195 573 2268 cibus
629 2196 1065 2269 Wladislaus
1120 2197 1275 2270 Rex
1330 2217 1677 2285 annuens,
1736 2197 2126 2269 calamitati
2181 2219 2349 2271 suae
2405 2199 2869 2290 compatiens,
2926 2198 3125 2270 illam
3170 2198 3475 2291 benigne

371 2316 669 2408 33311111,
727 2338 964 2389 omnes
1020 2338 1185 2390 3303
1224 2317 1277 2405 ¹)
1334 2317 1764 2392 liberalitate
1824 2317 2019 2409 regia
2091 2319 2376 2410 supplet
2406 2318 2467 2408 2)
2540 2319 2886 2408 (13133133,
2953 2323 3036 2391 31
3100 2341 3378 2411 quoque
3408 2317 3470 2408 ³)

368 2436 598 2528 possit
652 2442 915 2510 statum
972 2459 1175 2510 suum
1240 2459 1397 2510 cum
1466 2438 1652 2510 omni
1718 2440 2085 2512 honestate
2150 2440 2519 2528 deducere,
2589 2443 2928 2529 castrum,
2986 2439 3344 2513 civitatem
3400 2446 3468 2514 et

370 2562 626 2629 terram
683 2557 1315 2632 Sandomiriensem
1372 2579 1531 2631 cum
1586 2558 1907 2632 omnibus
1963 2559 2322 2652 regalibus
2370 2558 2778 2633 introitibus
2816 2559 2955 2632 sibi
2991 2560 3204 2632 donat
3242 2563 3312 2633 et
3349 2582 3460 2633 as·-

369 2676 635 2769 signat:
694 2678 816 2751 ubi
870 2680 1097 2770 quoad
1152 2679 1411 2768 voluit,
1470 2679 1544 2751 in
1599 2679 1789 2752 omni
1841 2700 2073 2752 rerum
2129 2667 2560 2752 abundantia
2613 2680 2966 2754 demorata
3019 2685 3150 2752 est.
3317 2685 3322 2690 “

598 3033 819 3104 Fames
866 3035 936 3104 st
982 3033 1353 3106 adulterina
1395 3035 1661 3105 1111111313
1703 3033 1991 3122 nomm
2034 3032 2337 3106 Poloniae
2380 3051 2629 3105 suma
2673 3034 2976 3106 afficiunt
3019 3035 3223 3108 clade.
3275 3085 3280 3088 -

570 3280 821 3372 Magna
875 3279 1164 3352 caristia
1218 3280 1497 3372 frugum
1550 3279 1623 3351 in
1678 3276 1921 3371 Regno
1983 3279 2321 3352 Poloniae
2375 3284 2446 3354 et
2497 3281 2820 3372 partibus
2879 3279 3135 3354 vicinis
3190 3286 3459 3372 exorta,

360 3401 601 3492 plures
655 3399 1012 3491 premebat
1041 3399 1137 3487 4):
1194 3421 1335 3470 una
1390 3397 1573 3472 enim
1636 3420 1963 3472 mensura
2026 3398 2338 3492 siliginis
2391 3421 2530 3472 330
2586 3401 2844 3474 floreno
2909 3401 3456 3492 appendebatur.

362 3519 563 3592 Veris
618 3519 803 3592 eniin
860 3525 931 3592 et
984 3519 1276 3594 aestatis
1332 3523 1640 3611 tempore
1696 3518 1970 3592 validae
2023 3519 2521 3591 descendentes
2576 3519 2860 3610 pluviae
2915 3519 3306 3592 ubertatem
3346 3541 3452 3593 se-

360 3645 629 3732 getum,
692 3643 761 3713 et
795 3639 1223 3733 praesertim
1278 3640 1443 3710 dum
1497 3619 1735 3711 florem
1774 3642 2010 3711 essent
2046 3639 2392 3728 editurae,
2445 3637 2929 3726 extinxerant;
2987 3638 3109 3712 3311
3151 3642 3220 3712 31
3258 3659 3453 3712 3331·-

362 3760 543 3832 31133
595 3761 831 3853 regius
885 3760 1264 3852 procedens
1320 3758 1393 3830 in
1450 3759 1748 3832 Slesiam
1804 3764 1875 3833 31
1926 3758 2235 3846 13111333,
2297 3760 2532 3851 fruges
2589 3759 2852 3830 multas
2899 3764 3447 3850 consumpserat.

361 3881 519 3952 Non
574 3881 799 3952 minor
854 3884 1087 3954 autem
1140 3900 1265 3972 pro
1296 3879 1358 3967 5)
1414 3879 1651 3952 eodem
1706 3882 2015 3970 tempore
2068 3878 2335 3952 dictum
2391 3879 2711 3972 Regnum
2750 3877 3280 3951 incommoditas
3320 3880 3450 3950 fal-

361 3999 743 4072 sificatione
798 4005 1115 4072 monetae
1171 3997 1557 4091 premebat:
1616 4000 1783 4071 talis
1838 3998 2021 4072 enim
2076 4004 2147 4072 et
2203 4003 2404 4072 tanta
2450 3999 2812 4091 quantitas
2841 3998 2907 4087 θ)
2963 3997 3444 4090 33113110111133

358 4119 589 4208 33313,
646 4120 1259 4194 dissimulantibus
1312 4119 1791 4212 provisoribus
1848 4123 1918 4192 31
1962 4119 2652 4193 administratoribus
2685 4121 2745 4208 ⁷)
2800 4117 3062 4212 Regni,
3105 4117 3177 4190 in
3215 4117 3450 4210 ipsum

356 4242 671 4332 Regnum
738 4241 875 4312 fuit
936 4245 1087 4312 tum
1150 4261 1275 4331 per
1340 4242 1679 4327 forenses,
1748 4243 1895 4311 tum
1952 4260 2076 4330 per
2128 4239 2447 4332 proprios
2511 4237 2946 4312 clandestine
2997 4236 3310 4331 ingesta,
3367 4242 3449 4310 ut

357 4361 674 4435 omnibus
739 4361 1059 4453 partibus
1123 4361 1351 4452 Regni
1416 4359 1774 4451 occupatis
1846 4359 1997 4432 eius
2064 4358 2551 4447 multitudine,
2627 4359 2842 4432 etiam
2913 4379 3079 4431 vera
3143 4360 3442 4445 moneta,

356 4502 557 4572 quam
612 4482 851 4573 plures
906 4503 949 4552 a
1004 4479 1181 4552 falsa
1234 4479 1623 4554 discernere
1659 4501 1796 4551 non
1834 4483 2192 4571 poterant,
2250 4478 2525 4552 veniret
2560 4478 2634 4551 in
2670 4477 3129 4551 abiectionem
3167 4480 3238 4550 et
3274 4498 3434 4549 con-

356 4604 719 4692 temptum.
782 4602 931 4692 Qua
984 4599 1379 4673 conditione
1424 4599 1747 4673 effectum
1802 4603 1941 4688 est,
1998 4603 2081 4671 ut
2133 4599 2455 4692 Regnum
2503 4597 2835 4671 Poloniae
2879 4596 3054 4670 talia
3115 4600 3187 4669 et
3239 4600 3440 4668 tanta

355 4741 438 4794 33
489 4719 893 4793 huiusmodi
948 4721 1128 4792 falsa
1182 4723 1458 4793 moneta
1512 4719 1823 4812 suscepit
1879 4726 1950 4792 et
2000 4719 2299 4811 pertulit
2351 4717 2814 4806 incommoda,
2872 4715 3114 4808 qualia
3163 4715 3289 4788 vix
3346 4715 3439 4788 ab

353 4840 592 4914 hostili
647 4839 993 4928 exercitu,
1051 4838 1255 4912 iuxta
1309 4839 1720 4914 vaticinium
1776 4838 2065 4932 Sbignei
2101 4838 2414 4930 episcopi
2459 4834 2938 4910 cracoviensis
2975 4834 3238 4907 dudum
3275 4839 3439 4908 ante

352 4963 697 5054 prolatum
712 5017 729 5048 ,
788 4958 1236 5051 suscepisset.

558 5255 603 5333 ¹)
652 5257 778 5315 eius
822 5250 950 5314 Ed.
998 5249 1179 5336 Lips.
1228 5251 1277 5331 ²)
1324 5254 1605 5330 supplens
1650 5248 1777 5314 Ed.
1825 5245 2006 5334 Lips.
2055 5247 2111 5330 ³)
2155 5255 2224 5311 ut
2265 5267 2420 5327 quae
2461 5245 2589 5310 Ed.
2636 5244 2818 5329 Lips.
2869 5243 2922 5324 ⁴)
2968 5245 3241 5322 peribant
3281 5237 3436 5308 Ood.

348 5358 517 5422 Kost.
563 5359 804 5434 petebat
845 5352 973 5417 Ed.
1019 5353 1201 5438 Lips.
1261 5353 1311 5434 ⁵)
1358 5357 1467 5416 sub
1517 5349 1669 5417 God.
1714 5351 1892 5417 Kost.
1953 5351 2006 5432 θ)
2056 5356 2185 5415 eius
2229 5353 2530 5429 quantitas
2571 5348 2700 5412 Ed.
2746 5347 2928 5432 Lips.
2989 5345 3040 5428 ⁷)
3085 5349 3434 5482 provisioni-

350 5466 453 5526 bus
496 5468 556 5524 et
598 5459 1203 5523 administrationibus
1246 5455 1374 5520 Ed.
1418 5454 1601 5540 Lips.
