4342 6384
182 547 203 627 fl
315 507 451 612 (Α.
492 507 581 592 D.
624 507 877 608 1440.)
1479 532 1709 588 mmm
1759 532 2270 601 nuonncnms.
3258 510 3408 592 ele

153 779 201 834 ΞΠ

448 831 667 904 nuntii
715 831 1047 906 wladislai
1091 831 1285 922 nogia
1331 833 1415 906 ad
1460 832 1790 906 Elisabeth
1834 833 2145 923 Reginam
2191 851 2332 908 011111
2375 833 2746 908 munoribus
2788 833 2972 914 missi
2986 889 3003 920 ,
3052 833 3281 907 11111111

1014 954 1408 1042 captivitate
1454 955 1776 1034 oratorum
1820 953 2212 1044 nungariao,
2257 954 2700 1034 retrocedunt..

512 1201 1001 1289 Remiserat1)
1057 1204 1293 1274 autem
1347 1199 1786 1274 Wladislaus
1840 1201 2174 1276 Poloniae
2221 1201 2377 1280 Rex
2436 1201 2609 1274 duos
2667 1201 2991 1290 nuntios,
3069 1203 3406 1277 Sandivo-

190 1307 197 1318 ’
302 1322 501 1413 gium
560 1322 645 1394 de
702 1321 1037 1414 Ostrorog
1099 1319 1491 1413 palatinum
1564 1319 2109 1396 Posnaniensem
2176 1326 2248 1394 et
2302 1323 2683 1398 Iohannem
2737 1323 2821 1396 de
2875 1313 3411 1432 Konyeczpolye

300 1443 537 1536 Regni
571 1443 905 1521 Poloniae
962 1440 1491 1529 cancellarium,
1550 1441 1639 1513 ad
1686 1443 2071 1534 praefatam
2125 1442 2495 1516 Elisabeth
2560 1442 2902 1536 Reginam
2957 1465 3116 1518 cum
3152 1445 3404 1540 regali-

167 1629 177 1668 .-
301 1563 435 1636 bus
522 1563 927 1637 muneribus
1002 1567 1073 1634 et
1136 1561 1347 1635 certis
1420 1560 1987 1636 intimationibus
2054 1566 2123 1636 et
2189 1561 2566 1652 mandatis,
2643 1562 2765 1654 qui
2830 1564 2995 1639 dum
3065 1563 3203 1638 iam
3269 1588 3406 1640 11011

165 1691 173 1699 ’
298 1685 511 1778 longe
566 1705 608 1756 a
660 1684 997 1758 Comarno
1027 1680 1089 1772 2)
1146 1686 1465 1776 agerent,
1536 1681 1902 1758 audientes
1934 1680 1995 1771 3)
2052 1684 2498 1758 Mathkonem
2555 1686 2626 1760 et
2679 1685 3074 1768 Emericum
3138 1691 3403 1780 captos,

153 1771 181 1822 ⁵
294 1808 706 1896 presserunt
758 1804 1080 1898 gradum,
1138 1824 1264 1876 nec
1319 1803 1619 1878 transire
1672 1803 1747 1876 in
1785 1803 2135 1898 legatione
2175 1803 2278 1876 eis
2315 1801 2716 1892 commissa,
2776 1805 2989 1878 etiam
3030 1807 3160 1879 sub
3201 1807 3399 1880 salvo

152 1909 163 1946 ³
176 1937 187 2029 J
295 1924 682 2013 conductu,
743 1946 947 2016 quem
1004 1923 1104 1997 eis
1158 1925 1473 2014 praefata
1545 1922 1911 1998 Elisabeth
1985 1925 2262 2020 Regina
2334 1924 2697 2014 offerebat,
2773 1926 3140 2016 auderent,
3209 1931 3279 2002 et
3332 1951 3406 2002 re

153 2035 161 2070 ²
296 2044 527 2138 magis
582 2044 840 2120 infecta
892 2045 1369 2134 retrocedunt,
1430 2046 1711 2121 Simone
1766 2045 2089 2140 episcopo
2144 2046 2476 2139 Agriensi
2513 2067 2962 2142 progressum
2999 2047 3404 2127 ulteriorem

294 2165 773 2241 dissuadente.
850 2165 1204 2240 Creditum
1276 2170 1384 2239 est
1458 2187 1499 2238 a
1552 2164 1911 2258 pluribus,
1982 2165 2233 2260 quodsi
2304 2167 2604 2257 praefati
2671 2167 3142 2262 Sandivogius
3206 2169 3400 2261 pala-

152 2267 185 2318 5
292 2284 494 2360 tinus
567 2292 635 2360 et
700 2287 1051 2360 Iohannes
1116 2286 1579 2361 cancellarius
1648 2286 1736 2360 ad
1799 2289 2184 2380 praefatam
2250 2286 2628 2363 Elisabeth
2684 2287 3028 2384 Reginam
3093 2287 3398 2365 ivissent

153 2394 181 2442 ³²
294 2411 371 2478 et
426 2406 873 2480 ei.mandata
927 2406 1307 2482 Wladislai
1363 2406 1578 2500 Regis
1636 2407 2162 2500 exposuissent,
2223 2429 2372 2481 eam
2411 2429 2452 2480 a
2487 2429 2702 2501 pravo
2750 2413 3198 2485 revocassent
3236 2429 3396 2485 eon-

154 2515 181 2565 r:
297 2525 464 2600 silio
533 2532 603 2600 et
665 2528 750 2600 ad
815 2527 1149 2600 tenendas
1216 2527 1697 2602 conclusiones
1763 2550 2049 2602 suorum
2112 2528 2655 2605 ambasiatorum
2719 2527 3203 2617 induxissent,
3270 2550 3399 2603 nec

153 2637 174 2686 ²³³
296 2646 554 2726 fuisset
608 2647 867 2721 futuris
923 2647 1161 2738 malis,
1220 2670 1396 2740 quae
1450 2653 1691 2722 secuta
1745 2653 1943 2740 sunt,
2001 2652 2244 2743 aperta
2297 2648 2436 2723 via.

345 3001 793 3092 sigismundus
836 3002 1104 3093 lanus
1147 3003 1289 3074 Dux
1333 3003 1716 3076 Lithuaniae
1762 3020 1802 3077 1
1847 3003 2014 3090 suis,
2061 3003 2234 3094 quod
2274 3003 2345 3076 in
2393 3019 2508 3078 101
2551 3001 2996 3082 111-11111Ιὶ111111
3041 3003 3351 3092 saturet,

1678 3139 2017 3214 occiditur.

503 3388 940 3462 Wladislans
994 3387 1328 3462 Poloniae
1366 3387 1521 3460 Rex
1558 3385 1743 3459 nihil
1778 3386 1909 3459 hac
1946 3385 2266 3460 novitate
2301 3389 2568 3475 motus,
2627 3385 3144 3478 expeditionem
3191 3408 3390 3463 suam

152 3497 159 3544 ²
290 3515 363 3584 et
401 3508 779 3583 transitum
833 3509 908 3581 in
946 3507 1266 3600 Regnum
1322 3507 1761 3602 Hungariae‚
1820 3505 2330 3598 instigantibus
2369 3506 2680 3580 Iohanne
2738 3505 3106 3598 Segniensi
3135 3507 3199 3596 ⁴)
3240 3507 3382 3600 epi-

153 3635 163 3648 ‘
294 3651 504 3722 scopo
559 3633 631 3704 et
682 3627 1011 3704 Ladislao
1049 3628 1133 3700 de
1170 3628 1472 3702 Paloucz
1505 3627 1566 3716 5)
1624 3631 1958 3716 maturat,
2016 3626 2188 3700 licet
2226 3627 2472 3700 multis
2517 3627 2866 3708 Praelatis
2905 3631 2976 3702 et
3012 3627 3388 3703 baronibus

291 3749 629 3824 Poloniae
682 3748 1277 3822 dissuadentibus,
1334 3747 1631 3822 Interim
1686 3752 1919 3820 autem
1974 3747 2171 3820 aliud
2225 3768 2486 3820 novum
2541 3747 2679 3821 iter
2734 3745 3113 3822 Wladislai
3169 3746 3389 3840 Regis

153 3899 155 3906 ·
289 3873 364 3945 in
420 3871 743 3962 Regnum
797 3869 1204 3962 Hungariae
1258 3869 1619 3944 retardans
1658 3873 1728 3943 et
1766 3868 1969 3960 quasi
2024 3868 2406 3960 perimens,
2465 3871 2789 3940 exortum
2827 3871 2967 3940 est:
3024 3887 3186 3940 nam
3224 3867 3388 3942 Dux

153 4019 157 4028 ’
289 3991 485 4064 Iwan
540 3989 1044 4081 Czarthorysky
1098 3989 1282 4062 ritus
1337 3994 1408 4061 et
1441 3989 1718 4082 generis
1773 3988 2188 4076 Ruthenici‚
2246 4008 2402 4060 cum
2455 3986 2820 4060 nonnullis
2875 3986 3254 4062 Lithuanis
3309 3993 3381 4062 et

153 4106 155 4110 ’
289 4109 645 4185 Ruthenis
710 4109 1295 4200 conspirationem
1360 4113 1601 4182 contra
1666 4109 2199 4202 Sigismundum
2261 4109 2592 4200 Magnum
2646 4108 2911 4183 Ducem
2963 4105 3388 4184 Lithuaniae

288 4231 493 4318 facit;
550 4251 869 4324 magnam
926 4229 1109 4304 enim
1166 4234 1235 4303 et
1290 4228 1639 4303 crudelem
1677 4229 1752 4301 in
1790 4229 2110 4304 subditos
2150 4233 2455 4322 stragem
2519 4228 2762 4316 edens,
2820 4231 3014 4301 metu
3065 4233 3138 4302 et
3191 4250 3378 4304 acer-

153 4345 159 4358 '
288 4351 511 4425 bitate
562 4370 941 4443 poenarum
995 4354 1303 4422 caeteros
1358 4349 1431 4422 in
1468 4349 1605 4422 fide
1642 4350 2077 4437 continebat,
2137 4371 2218 4422 eo
2267 4368 2541 4442 quoque
2577 4368 2758 4420 anno
2798 4347 3221 4442 insigniores
3258 4350 3378 4424 ba-

288 4493 489 4545 rones
544 4470 741 4544 caedi
794 4469 1297 4559 destinaverat,
1357 4471 1536 4544 festo
1591 4470 1903 4544 Paschae
1957 4474 2310 4543 transacto
2341 4469 2403 4559 ⁶)
2459 4489 2657 4547 suam
2712 4469 2786 4544 in
2838 4467 2990 4544 illis
3041 4474 3378 4550 ,executu-

287 4613 409 4664 rus
464 4590 925 4682 tyrannidem.
985 4589 1546 4662 Coniurationem
1600 4593 1831 4664 autem
1878 4588 2182 4663 maxime
2218 4587 2666 4662 occulendam
2702 4588 3079 4677 ducebant,
3137 4609 3225 4666 ne
3265 4611 3375 4668 se·

291 4717 479 4785 creto
516 4709 825 4802 prodito,
882 4715 1255 4802 antequam
1289 4731 1401 4783 res
1439 4714 1975 4801 consequeretur
2021 4708 2374 4798 effectum,
2431 4707 2712 4790 insidiis
2759 4707 3138 4800 depalatis,
3197 4711 3380 4802 quod

288 4830 686 4922 propediem
742 4834 812 4902 et
865 4830 1137 4918 horam,
1197 4830 1259 4902 si
1313 4829 1779 4904 cunctatiores
1836 4830 2092 4919 forent,
2148 4829 2463 4904 accidere
2519 4829 2970 4918 verebantur,
3029 4828 3378 4905 coniurati

293 4952 711 5024 ducerentur
764 4950 851 5024 ad
906 4971 1229 5042 poenam:
1288 4951 1471 5023 unde
1528 4972 1797 5024 omnem
1853 4949 2262 5023 dilationem
2319 4950 2542 5022 veluti
2599 4949 2735 5023 sibi
2796 4950 3262 5039 periculosam
3309 4957 3380 5026 et

292 5073 571 5146 fatalem
632 5070 897 5163 perosi,
964 5070 1051 5144 ad
1102 5071 1602 5163 perficiendum
1664 5070 2210 5164 tyrannicidium
2276 5069 2463 5144 omni
2529 5069 2761 5143 studio
2825 5074 2896 5143 et
2957 5075 3211 5144 conatu
3265 5094 3374 5146 ar-

498 5347 547 5424 1)
590 5349 984 5441 Praemiserat
1037 5344 1187 5412 eod.
1232 5343 1451 5410 Praeez.
1499 5345 1551 5425 Ω)
1598 5345 1887 5410 eon-mano
1930 5342 2058 5410 Ed.
2104 5341 2288 5428 Lipc.
2336 5341 2392 5425 ⁸)
2437 5345 2742 5422 cupientes
2785 5341 2912 5415 Ed.
2958 5341 3138 5428 Lim.
3178 5341 3244 5427 .⁴)
3273 5349 3375 5422 βρ-

288 5451 517 5528 ginensi
566 5445 717 5515 Coa.
763 5447 940 5514 Kost.
990 5447 1045 5530 ⁵)
1088 5450 1341 5511 Palencz
1392 5443 1543 5512 Coa.
1590 5445 1767 5512 Kost.
1815 5445 1868 5526 ⁶)
1914 5453 2153 5527 peracto
2204 5443 2355 5511 Coa.
2401 5443 2620 5522 Przez.
2771 5535 2780 5548 .
