4342 6384
946 550 1036 624 57
1045 550 1092 624 4
2107 572 2331 625 arnna
2382 572 2895 627 nuonncmus.
3476 550 3613 650 (Α.
3652 550 3747 627 D.
3784 550 4035 649 14³8.)

943 760 1042 833 ris
1081 760 1136 847 ¹)
1193 760 1489 851 Boyaris
1545 758 1696 831 suis
1751 758 1955 831 iuxta
2007 756 2511 849 praestantiam
2550 763 2623 831 et
2656 758 2939 846 merita,
2998 758 3397 852 consignat3
3452 764 3533 831 ut
3586 782 3873 853 quoque
3922 780 4029 832 ex·

943 879 1194 953 hibitio
1251 878 1406 971 ipsa
1461 878 1766 972 homagii
1821 878 2223 950 diuturnior
2276 878 2759 970 efficaciorque
2798 879 3017 965 esset,
3074 878 3581 953 exhibitionem
3618 886 3690 955 et
3726 892 4027 972 praesta-

944 1000 1204 1073 tionem
1233 1000 1612 1092 praefatam
1643 998 1890 1071 Helias
1923 998 2339 1089 Woycwoda
2366 1019 2523 1071 cum
2570 997 2719 1071 suis
2760 998 3087 1091 BoyariS,
3128 999 3433 1091 publicis
3472 1000 3733 1087 literiS,
3778 1000 4029 1093 sigillis

946 1141 1183 1195 eorum
1251 1117 1576 1207 munitiS,
1643 1119 2013 1210 profitetur
2084 1123 2153 1191 et
2208 1118 2671 1211 recognoscit,
2736 1118 3058 1211 obligans
3122 1140 3196 1192 se
3248 1125 3319 1192 et
3374 1142 3538 1193 suos
3604 1142 4029 1193 successores

945 1240 1030 1311 ad
1075 1238 1323 1327 iidem,
1382 1238 1883 1312 subiectionem
1940 1244 2009 1311 et
2063 1238 2528 1315 obedientiam
2585 1238 2976 1311 Wladislao
3032 1238 3213 1332 Regi
3266 1244 3336 1312 et
3390 1239 3541 1313 suis
3614 1239 4025 1313 successori·

946 1358 1076 1433 bus
1142 1357 1456 1451 Regibus
1521 1365 1590 1432 ct
1653 1360 1896 1451 Regno
1961 1356 2295 1433 Poloniae
2358 1362 2692 1451 perpetuo
2754 1359 3279 1450 praestandam,
3355 1361 3553 1433 velut
3616 1358 4026 1452 homagialis

944 1479 1171 1573 Regni
1229 1483 1608 1570 perpetuus
1664 1478 1962 1551 servitor
2015 1483 2085 1550 ot
2141 1479 2479 1550 vasallus,
2538 1478 2971 1551 conventum
3028 1478 3239 1552 etiam
3288 1485 3457 1553 tunc
3504 1479 3639 1551 fuit
3675 1478 3868 1552 inter
3906 1480 4023 1551 Re·

941 1620 1098 1691 gem
1155 1603 1225 1672 et
1278 1598 1593 1687 Heliam,
1651 1598 2020 1690 literisque
2076 1597 2503 1690 specialibus
2558 1600 2940 1671 firmatum:
3006 1604 3088 1671 ut
3143 1600 3216 1671 iu
3274 1599 3552 1693 signum
3616 1620 3821 1672 verae
3878 1600 4025 1671 sub-

945 1718 1268 1793 iectionis
1323 1724 1394 1791 et
1447 1718 1786 1811 homagii,
1845 1719 2090 1791 Helias
2133 1719 2545 1811 Woyewoda
2583 1724 2653 1793 et
2691 1719 2817 1791 sui·
2840 1740 3275 1793 successores
3320 1721 3659 1793 ducentos
3696 1740 3947 1793 currus
3974 1718 4027 1807 2)

943 1840 1030 1911 de
1085 1838 1398 1931 piscibus
1471 1838 1756 1911 Visonis
1785 1837 1851 1927 ³)
1907 1848 1980 1912 et
2035 1838 2581 1932 quadringentos
2636 1840 2849 1912 boves
2902 1861 3027 1931 pro
3082 1840 3382 1933 coquina
3435 1840 3684 1934 Regi8‚
3742 1846 3815 1913 et
3871 1863 4025 1933 qua-

945 1959 1354 2050 dringentas
1385 1960 1448 2047 ⁴)
1503 1980 1880 2051 purpurae,
1937 1965 2217 2033 centum
2272 1980 2519 2050 equoS,
2580 1959 2885 2052 singulis
2940 1960 3143 2032 annis
3181 1966 3515 2053 perpetuo
3556 1962 3867 2034 solveret
3916 1983 4027 2053 pro

946 2078 1239 2151 tributo.
1297 2080 1510 2168 Item,
1568 2084 1648 2151 ut
1703 2084 1888 2152 terra
1944 2080 2353 2173 Sepyenska
2382 2080 2468 2169 5)‚
2524 2101 2734 2171 quam
2789 2079 3228 2153 Wladislaus
3284 2080 3619 2173 antiquus
3674 2081 3833 2153 Rex
3875 2082 4025 2152 Ale·

947 2199 1214 2274 xandro
1270 2198 1726 2291 Woyewodae
1783 2199 2234 2292 inscripserat
2272 2204 2343 2273 et
2379 2200 2791 2287 donaverat,
2846 2200 2933 2271 ad
2980 2201 3303 2293 Regnum
3340 2200 3675 2273 Poloniae
3714 2200 3870 2273 sine
3908 2200 4023 2272 ali-

946 2318 1150 2391 cuius
1212 2318 1656 2393 difficultatis
1720 2320 2255 2412 interpositione
2315 2320 2609 2407 rediret3
2674 2319 3113 2393 Wladislaus
3180 2341 3455 2412 quoque
3518 2322 3674 2393 Rex
3730 2325 4025 2393 castrum

948 2437 1350 2513 Haliciense
1397 2440 1646 2514 Heliae
1685 2440 2142 2533 Woyewodae
2195 2441 2393 2514 daret
2446 2441 2518 2513 in
2574 2446 2925 2529 tenutam,
2981 2446 3061 2512 ut
3116 2440 3269 2514 illic
3322 2443 3688 2515 thesauros
3728 2464 3895 2512 suos
3928 2464 4020 2514 re-

945 2561 1270 2633 conderet
1324 2566 1394 2635 et
1447 2560 1522 2633 in
1577 2566 1884 2653 tempore
1937 2560 2383 2634 necessitatis
2437 2562 2723 2634 haberet
2776 2562 2864 2633 ad
2920 2560 3099 2633 illud
3151 2561 3503 2654 refugium
3540 2565 4019 2652 opportunum.

945 2680 1082 2753 His
1135 2680 1236 2753 ita
1291 2681 1664 2769 ordinati3‚
1722 2687 1952 2755 castro
2007 2682 2221 2754 etiam
2273 2681 2627 2773 praedicto
2691 2681 2941 2754 Halicz
2996 2680 3219 2755 eidem
3272 2680 3525 2754 Heliae
3577 2680 4023 2773 Woyewodae

943 2800 1406 2875 effectualiter
1461 2801 1850 2895 assignato,
1907 2801 2345 2875 Wladislaus
2402 2803 2557 2875 Rex
2612 2801 2892 2875 Heliam
2948 2801 3440 2894 Woyewodam
3492 2806 3566 2875 et
3618 2822 3785 2873 suos
3830 2823 4017 2894 pran-

945 2920 1062 2993 dio
1116 2921 1482 3013 splendido
1539 2921 1805 3013 excipit
1859 2928 1929 2995 et
1985 2926 2271 3011 tractat,
2332 2926 2403 2995 et
2456 2921 2891 3005 notabilibus
2944 2922 3349 2994 muneribus
3404 2922 3725 2993 honorat.
3792 2922 4019 2995 Altera

947 3062 1224 3133 quoque
1260 3041 1372 3113 die
1409 3042 1656 3115 Helias
1693 3040 2142 3134 Woyewoda,
2203 3043 2385 3116 facto
2420 3043 2746 3134 prandio,
2796 3048 2939 3115 tam
2978 3042 3449 3116 Wladislaum
3488 3042 3791 3135 Regem,
3828 3064 4015 3134 quam

943 3180 1350 3253 germanum
1405 3182 1610 3233 suum
1663 3164 1926 3235 Ducem
1981 3160 2452 3252 Kazimirum,
2509 3164 2873 3235 Praelatos
2930 3168 2999 3236 et
3050 3163 3345 3235 barones
3401 3162 3629 3254 Regni
3684 3162 3763 3234 in
3798 3162 4015 3254 hospi-

947 3279 1031 3353 tii
1086 3280 1197 3352 sui
1249 3281 1452 3353 domo
1507 3282 1876 3373 opulenter
1929 3287 2215 3371 tractat,
2275 3282 2371 3357 et'
2398 3282 2751 3356 universis
2804 3282 3092 3355 donaria
3126 3282 3219 3354 ·in
3274 3282 3631 3375 argenteis
3684 3282 4013 3368 scutellis,

943 3400 1134 3473 vasis
1191 3404 1262 3473 et
1314 3402 1646 3493 purpuris
1700 3402 2031 3496 largitur3
2087 3403 2517 3495 prandioque
2571 3403 2883 3495 expleto,
2951 3406 3151 3495 rogat
3215 3400 3557 3474 instantia
3610 3423 3751 3493 qua
3802 3406 4016 3494 potest

943 3520 1300 3613 ampliori,
1359 3527 1441 3594 ut
1494 3522 2136 3616 archiepiscopatus
2191 3522 2673 3614 Leopoliensis
2730 3523 3041 3595 Iohanne
3079 3522 3544 3595 Odrowansch
3580 3524 4012 3606 conferretur,

811 3731 814 3735 ι
945 3650 1016 3713 et
1069 3646 1150 3713 ut
1203 3641 1468 3734 primae
1524 3664 1692 3715 suae
1745 3664 1984 3735 preces
2037 3664 2162 3735 pro
2218 3643 2455 3717 eodem
2500 3642 2801 3717 Iohanni
2848 3643 3313 3716 Odrowansch
3348 3641 3839 3734 interpositae,
3896 3664 4013 3714 non

945 3767 1353 3853 paterentur
1414 3764 1804 3853 repulsam,
1870 3764 2162 3837 summis
2212 3763 2611 3851 conatibuS,
2670 3761 3053 3856 instigant-e
3090 3763 3178 3835 ad
3214 3763 3287 3835 id
3324 3762 3527 3835 illum
3568 3764 3781 3835 Petro
3818 3762 4012 3834 Odro-

945 3882 1224 3954 wansch
1259 3881 1574 3973 palatino
1621 3883 2100 3974 Leopoliensi,
2167 3884 2551 3956 laborabat.
2620 3884 2807 3971 Rex,
2876 3882 3010 3955 etsi
3066 3882 3253 3955 alius
3308 3883 3657 3956 Silvester
3706 3880 4015 3955 canonice

947 4002 1198 4075 fuisset
1253 4003 1549 4090 electus,
1617 4002 1730 4075 cui
1787 4002 1998 4075 etiam
2056 4002 2383 4075 electioni
2440 4003 2576 4075 iam
2633 4003 2787 4075 Rex
2845 4024 3257 4076 consensum
3322 4003 3779 4095 praestiterat
3804 4003 3894 4091 θ),
3946 4024 4015 4074 ne

943 4130 1175 4195 tamen
1229 4120 1596 4213 primarias
1651 4143 1890 4214 preces
1947 4122 2120 4195 dicti
2158 4123 2411 4195 Heliae
2448 4123 2801 4196 videretur
2837 4122 3259 4211 exclusisse,
3316 4124 3467 4195 solo
3504 4122 3817 4215 Sbigneo
3854 4123 4015 4215 epis-

943 4263 1113 4334 copo
1169 4241 1612 4315 Cracoviensi
1666 4242 2157 4331 dissent-iente,
2226 4243 2521 4317 caeteris
2586 4243 2907 4316 omnibus
2971 4243 3347 4316 baronibus
3403 4241 4014 4325 consentientibus

943 4362 1173 4436 sedem
1228 4360 1756 4453 Leopoliensem
1795 4363 1880 4436 de
1921 4365 2134 4451 facte,
2194 4384 2351 4435 cum
2388 4362 2473 4437 de
2510 4363 2661 4435 iure
2698 4384 2835 4435 non
2872 4364 3137 4456 potuit,
3179 4365 3445 4436 confert
3480 4361 3785 4434 Iohanni
3822 4364 4015 4435 Odro-

945 4482 1252 4579 wansch,
1311 4482 1660 4555 Silvestro
1714 4483 1802 4555 ad
1856 4504 2097 4575 preces
2153 4483 2381 4576 regias
2436 4483 2521 4556 de
2576 4482 2726 4556 iure
2782 4483 3147 4556 electionis
3210 4482 3515 4555 cedente.
3584 4482 4018 4555 Advenerant

939 4610 1014 4679 et
1067 4608 1234 4676 tunc
1285 4602 1632 4675 notabiles
1666 4602 1726 4691 ⁷)
1780 4604 2011 4676 nuntii
2073 4603 2414 4694 Stephani
2468 4602 2925 4695 Woyewodae
2980 4602 3307 4687 alteriuS,
3367 4602 3487 4693 qui
3534 4606 3679 4673 tam
3720 4600 4014 4674 Wladis-

939 4726 1051 4797 lac
1107 4722 1316 4815 Regi,
1375 4744 1584 4815 quam
1641 4723 1790 4795 suis
1846 4722 2168 4796 omnibus
2223 4723 2605 4811 PraelatiS,
2664 4743 2871 4815 quam
2928 4728 2997 4795 et
3032 4722 3410 4795 baronibus
3448 4722 3885 4795 notabilibus
3920 4722 4005 4793 al·

938 4843 1108 4919 latis
1161 4848 1232 4918 et
1285 4842 1756 4935 praesentatis
1811 4842 2250 4933 muneribuS,
2318 4845 2685 4937 rogabant:
2752 4846 2835 4915 ut
2898 4843 2986 4914 ad
3050 4842 3546 4933 praestandum
3612 4842 3849 4915 simile
3910 4842 4014 4913 ho·

937 4963 1245 5057 magium
1309 4963 1492 5037 idem
1561 4964 1960 5055 Stephanus
2023 4963 2545 5052 admitteretur,
2612 4962 3029 5055 promittens
3094 4985 3171 5036 se
3232 4962 3536 5036 fideliter
3600 4968 3675 5035 et
3738 4962 4021 5055 ingenue

1155 5256 1202 5337 ¹)
1249 5262 1386 5334 post
1429 5257 1678 5317 caeteris
1722 5252 1849 5318 Ed.
1897 5252 2080 5338 Lipe.
2129 5254 2181 5324 α)
2228 5272 2375 5315 vasa
2423 5250 2577 5316 Cod.
2623 5252 2800 5315 Kost.
2846 5272 3031 5331 equos
3076 5250 3202 5315 Ed.
3248 5250 3429 5335 Lips.
3478 5251 3529 5330 3)
3562 5254 3848 5313 Wiszinis
3882 5245 4015 5313 cod.

941 5356 1159 5423 sz.
1205 5360 1442 5421 Wizina
1485 5357 1612 5421 Ed.
1658 5357 1841 5442 Lips.
1889 5356 1942 5437 ⁴)
1989 5358 2419 5435 quadragintas
2467 5353 2619 5420 cod.
2665 5355 2883 5419 sz.
2948 5354 3001 5435 ⁵)
3042 5358 3385 5433 Sepinensis
3442 5352 3595 5417 ovd.
3650 5352 3785 5419 Lia.
3830 5354 4013 5433 Sapin-

942 5463 1056 5525 sha
1101 5458 1254 5528 Cod.
1298 5460 1516 5525 Praez.
1565 5460 1618 5541 ⁸)
1665 5464 2020 5543 praebuerat
2063 5458 2189 5527 Ed.
2238 5458 2419 5547 Lips.
2469 5458 2519 5540 ⁷)
2568 5462 2799 5523 nobiles
2842 5457 2968 5523 Ed.
3014 5458 3200 5545 Lips.
