4342 6384
382 599 516 703 (Α.
560 600 650 675 D.
691 598 945 701 1430.)
1539 622 1766 679 menn
1817 622 2277 682 nnnncmns.
3326 608 3474 684 393

389 810 724 900 „trocinio
788 810 1179 903 praesentis
1243 812 1468 884 nostri
1530 811 1890 905 privilegii
1953 814 2415 902 ratificamuS,
2486 814 2984 906 approbamus,
3058 838 3475 890 renovamus

388 936 500 1019 „et
563 933 1081 1018 confirmamus,
1157 932 1286 1004 sub
1352 931 1536 1005 infra
1601 932 2019 1023 scriptorum
2083 934 2549 1006 moderamine
2615 935 3103 1025 articulorum,
3178 958 3474 1028 quorum

386 1052 888 1143 „regulatione,
931 1051 992 1123 si
1029 1072 1206 1143 quae
1246 1051 1540 1125 obscura
1575 1056 1776 1125 tenor
1803 1053 2317 1143 praedictorum
2352 1054 2884 1146 privilegiorum
2924 1057 3471 1148 comprehendit,

385 1192 708 1261 „sensum
763 1171 1105 1262 recipient
1157 1172 1520 1245 clariorem
1576 1176 1646 1245 et
1683 1172 2010 1264 ambigua
2064 1174 2253 1246 omni
2302 1172 2660 1247 dubietate
2716 1175 3081 1263 carebunt,
3137 1198 3262 1268 per
3297 1198 3475 1268 quae

384 1291 832 1381 „intellectus
889 1291 1219 1363 confundi
1286 1297 1356 1363 et
1419 1292 1614 1364 nasci
1679 1307 1944 1364 errores
2010 1297 2546 1366 consueverunt.
2623 1292 2859 1366 Primo
2916 1295 3231 1386 quidem,
3290 1298 3473 1387 quod

383 1412 794 1501 „universas
866 1411 1070 1484 aedes
1137 1432 1368 1485 sacras
1435 1432 1560 1483 seu
1615 1410 1978 1500 ecclesias,
2046 1411 2120 1484 in
2176 1412 2497 1484 omnibus
2554 1433 2790 1485 earum
2843 1413 3149 1501 iuribuS‚
3221 1415 3471 1487 immu-

381 1532 770 1621 „nitatibus
833 1535 903 1603 et
957 1531 1439 1619 libertatibuS‚
1505 1552 1587 1603 ac
1639 1531 1846 1604 metis
1887 1532 1940 1621 ¹)
2006 1536 2078 1603 et
2133 1531 2717 1605 distinctionibus
2784 1533 3131 1625 antiqui8‚
3190 1534 3471 1626 quibua,

382 1651 856 1743 „temporibus
929 1652 1251 1724 divorum
1313 1652 1924 1743 praedecessorum
1980 1656 2410 1741 nostrorum,
2476 1651 2811 1726 Poloniae
2866 1653 3139 1745 Regum
3195 1659 3264 1727 et
3319 1655 3466 1726 Du-

383 1792 611 1860 „cum,
671 1771 1101 1859 fruebantur,
1158 1772 1485 1843 volumus
1541 1770 1931 1844 omnimode
1985 1791 2418 1844 conservare.
2493 1770 2893 1863 Dignitates
2950 1778 3184 1846 autem
3248 1774 3466 1847 eccle-

384 1890 750 1980 „siasticas
805 1894 876 1963 et
925 1891 1318 1963 saeculares
1357 1890 1586 1983 Regni
1622 1890 1954 1963 Poloniae
2009 1911 2228 1982 aequo
2284 1891 2486 1963 modo
2541 1890 2725 1963 circa
2778 1892 2933 1963 iura
2985 1896 3057 1964 et
3094 1897 3467 1965 consuetu-

383 2010 622 2100 „dines
704 2030 784 2082 ac
855 2009 1219 2083 libertates
1291 2010 1636 2100 ipsorum,
1711 2030 1889 2099 quae
1961 2015 2032 2082 et
2106 2030 2281 2102 quas
2354 2010 2785 2101 temporibus
2860 2010 3465 2086 serenissimorum

382 2130 864 2222 „Principum,
920 2129 1407 2217 Dominorum,
1465 2129 1842 2217 Kazimiri,
1899 2130 2243 2202 Ludovici
2297 2133 2367 2201 et
2402 2129 2698 2202 aliorum
2738 2131 3011 2222 Regum
3064 2133 3135 2205 et
3171 2133 3468 2221 Ducum,

381 2250 793 2338 „haeredum
848 2248 1080 2340 Regni
1114 2247 1482 2336 Poloniae,
1540 2247 1981 2337 obtinebant,
2035 2248 2458 2320 dimittimus
2496 2249 2873 2341 persistere
2929 2254 3002 2322 et
3035 2270 3463 2342 permanere.

381 2369 610 2460 „Quas
665 2368 945 2461 quidem
997 2368 1414 2460 dignitates,
1470 2390 1628 2441 cum
1664 2389 1910 2441 vacare
1966 2367 2370 2460 contigerit,
2428 2368 2612 2440 nulli
2666 2373 2998 2443 extraneo
3052 2369 3465 2463 terrigenae,

379 2488 562 2577 „nisi
613 2487 838 2561 nobili
891 2488 1318 2561 benemerito
1384 2494 1454 2562 et
1506 2488 1584 2561 in
1647 2489 1830 2560 fama
1882 2488 2339 2562 laudabiliter
2390 2472 2800 2561 conservato
2832 2486 2919 2578 ²),
2976 2489 3177 2562 illius
3216 2493 3464 2577 terrae,

379 2610 497 2698 „in
561 2631 700 2702 qua
762 2609 1163 2681 huiusmodi
1235 2608 1542 2700 dignitas
1607 2609 1723 2680 vel
1785 2610 2004 2682 honor
2066 2608 2454 2681 vacaverit:
2530 2611 2755 2680 terrae
2818 2608 3153 2681 videlicet
3218 2610 3461 2683 Craco-

380 2729 686 2818 „viensis
759 2728 1146 2820 terrigenae
1210 2726 1690 2815 cracoviensi,
1768 2727 2353 2801 Sandomiriensis
2429 2726 2816 2818 terrigenae
2888 2727 3462 2818 Sandomiriensi,

377 2853 492 2939 „et
555 2848 630 2921 in
683 2847 932 2920 Maiori
984 2846 1278 2920 Polonia
1342 2846 1714 2939 terrigenis
1778 2846 2110 2919 Poloniae
2176 2845 2497 2929 Maioris,
2572 2858 2644 2918 et
2708 2845 2810 2919 sic
2873 2846 2959 2918 de
3021 2846 3185 2919 aliis
3254 2849 3462 2921 terris

379 2968 651 3061 „Regni
687 2966 1022 3040 Poloniae
1060 2966 1413 3054 dabimus,
1471 2967 1586 3039 vel
1621 2966 2141 3057 quomodolibet
2178 2967 2630 3039 conferemus,
2689 2966 2912 3056 Super
2949 2966 3205 3057 quibus
3245 2967 3455 3039 etiam

378 3087 885 3181 „dignitatibus
939 3085 1437 3161 ecclesiasticis
1477 3090 1548 3159 et
1584 3086 2062 3159 saecularibus
2101 3086 2347 3159 literas
2385 3084 2865 3177 expectativas
2911 3086 3094 3158 nulli
3128 3106 3464 3177 personae

379 3208 740 3297 „dabimus
797 3206 870 3279 in
909 3208 1254 3294 futurum3
1313 3211 1383 3279 et
1421 3206 1604 3297 quod
1641 3206 2032 3297 praedictas
2087 3204 2471 3298 dignitates
2522 3209 2663 3277 tam
2702 3204 3213 3278 ecclesiasticas
3254 3226 3463 3297 quam

381 3328 849 3416 „saeculare8,
905 3348 1043 3426 non
1082 3326 1412 3399 debemus
1467 3325 1782 3397 minuere
1813 3323 1900 3414 ³),
1957 3346 2082 3399 nec
2136 3325 2349 3397 etiam
2404 3324 2774 3411 suffocare,
2834 3328 2904 3396 et
2956 3324 3460 3415 possessiones,

376 3467 699 3536 „census,
759 3451 882 3517 aut
919 3444 1180 3518 salaria
1233 3445 1320 3517 ad
1357 3466 1476 3517 eas
1529 3444 1987 3536 pertinentia,
2045 3444 2305 3536 absque
2333 3444 2397 3532 ⁴)
2454 3442 2630 3515 iuris
2670 3443 2906 3515 debito
2961 3444 3283 3517 examine
3320 3466 3457 3517 non

357 3567 712 3658 ·„auferre.
768 3564 950 3639 Item
1007 3564 1173 3656 quia
1225 3585 1348 3659 per
1384 3564 1772 3638 tenutarios
1809 3570 2196 3637 castrorum
2254 3568 2325 3635 et
2372 3562 2869 3635 fortalitiorum
2924 3562 3193 3635 alienae
3230 3562 3507 3655 gentis.

376 3692 492 3776 „et
545 3690 919 3758 extraneae
973 3682 1304 3773 nationiS,
1362 3684 1682 3775 Regnum
1737 3684 1810 3755 in
1866 3704 1941 3756 se
1997 3688 2066 3757 et
2121 3683 2270 3755 suis
2324 3682 2646 3773 partibus
2702 3682 3013 3755 crebrius
3068 3682 3459 3773 periclitari

375 3803 763 3897 „contingit
792 3803 886 3893 5);
961 3824 1086 3895 pro
1142 3823 1220 3876 eo
1286 3808 1356 3877 et
1411 3825 1498 3877 ex
1553 3824 1665 3891 eo,
1730 3804 1917 3875 nulli
1971 3806 2241 3875 Ducum
2308 3806 2378 3874 et
2431 3802 2515 3874 de
2570 3801 2804 3874 ducali
2857 3822 3109 3893 genere
3174 3804 3454 3875 descen-

375 3925 640 4014 „denti,
698 3944 822 3996 seu
859 3929 1190 3997 extraneo
1247 3923 1680 4015 alienigenae
1718 3922 2054 4013 cuipiam,
2111 3922 2398 4014 aliquod
2435 3925 2776 4007 castrum,
2828 3920 3280 4008 fortalitium,
3334 3927 3457 3993 aut

375 4044 813 4134 „civitatem,
869 4042 957 4113 ad
1009 4042 1384 4134 regendum
1439 4063 1563 4133 pro
1619 4045 1929 4133 tempore
1993 4043 2109 4114 vel
2160 4041 2236 4113 in
2290 4062 2537 4113 aevum
2593 4040 2945 4127 dabimuS,
3013 4040 3452 4133 consignabi-

374 4186 604 4253 „muS,
661 4166 784 4235 aut
839 4161 1357 4253 quomodolibet
1411 4164 1875 4249 conferemuS,
1941 4182 2068 4233 nec
2122 4160 2332 4233 etiam
2388 4160 2692 4250 aliquem
2749 4159 3003 4232 talium
3058 4158 3133 4231 in
3190 4160 3451 4251 capita·

373 4304 653 4373 „neum,
710 4286 834 4354 aut
870 4280 1300 4353 tenutarium
1340 4285 1563 4354 terrae
1599 4281 1925 4368 alicuine,
1981 4286 2106 4352 aut
2161 4285 2503 4352 terrarum
2540 4278 2771 4371 Regni
2806 4279 3032 4350 nostri
3086 4279 3453 4370 praedicti,

372 4405 784 4494 „praeficere
850 4401 1176 4472 volumus
1206 4400 1295 4489 θ),
1361 4420 1490 4471 nec
1553 4400 1764 4472 etiam
1797 4401 1858 4488 7)
1923 4419 2313 4491 surrogare.
2386 4399 2569 4471 Item
2632 4398 3110 4490 promittimus
3168 4399 3455 4490 iusuper

371 4526 485 4611 „et
539 4521 989 4613 spondemuS,
1049 4519 1232 4610 quod
1287 4520 1450 4591 dum
1507 4519 1594 4589 ad
1646 4518 2177 4611 requisitionem
2232 4522 2575 4606 nostram,
2632 4517 2903 4590 nobiles
2958 4518 3183 4589 nostri
3222 4518 3451 4609 Regni

369 4646 614 4731 „extra
647 4644 871 4713 metas
926 4638 1234 4711 eiusdem
1271 4636 1498 4729 Regni
1533 4638 1761 4709 nostri
1813 4638 1899 4709 ad
1937 4638 2415 4728 repellendum
2451 4636 2761 4708 hostium
2801 4636 3167 4709 saevitiam
3215 4639 3442 4707 trans-

371 4760 516 4849 „ire
569 4757 972 4851 contigerit,
1028 4756 1206 4849 ipsis
1263 4755 1810 4829 satisfactionem
1867 4756 2278 4848 condignam
2329 4777 2454 4847 pro
2512 4754 2955 4846 captivitate,
3014 4755 3448 4845 caeterisque

368 4878 683 4967 „damnis
738 4876 1172 4949 notabilibus
1227 4876 1586 4949 faciemus
1643 4876 1866 4949 Metas
1904 4896 2066 4947 vero
2107 4896 2230 4948 seu
2284 4875 2625 4967 granities
2646 4873 2708 4963 Β)
2767 4894 2973 4964 saepe
3010 4873 3183 4945 dicti
3219 4874 3449 4967 Regni

369 4994 773 5087 „memorati
836 4992 1108 5066 nobiles
1171 4994 1258 5065 ab
1321 4993 1596 5065 insultu
1660 4999 1730 5066 et
1793 4992 2080 5067 incursu
2144 4993 2574 5067 aemulorum
2638 4996 2708 5064 et
2770 4992 3080 5063 hostium
3144 4992 3447 5083 propriis

572 5284 618 5366 ¹)
664 5304 703 5346 a
743 5284 917 5345 metis
965 5278 1118 5345 Cod.
1165 5279 1357 5344 Rozr.
1407 5280 1462 5362 2)
1508 5286 1848 5343 confirmato
1896 5276 2048 5345 Cod.
2085 5276 2263 5345 Calv.
2313 5281 2361 5361 ³)
2405 5282 2699 5341 minorare
2742 5277 2870 5341 Ed.
2911 5275 3094 5362 Lips.
3143 5278 3196 5360 ⁴)
3227 5282 3455 5357 absque

355 5386 526 5452 deest
568 5388 644 5450 in
688 5381 844 5449 Cod.
899 5381 1076 5448 Calv.
1146 5382 1198 5465 ⁵)
1247 5386 1561 5461 contigerit
1602 5382 1728 5447 Ed.
1777 5383 1957 5466 Lips.
2028 5382 2080 5464 ⁶)
2129 5386 2401 5444 volumus
2448 5380 2617 5444 deest
2674 5382 2749 5443 in
2796 5378 2947 5443 cod.
3000 5377 3177 5444 Calv.
3254 5381 3303 5463 ⁷)
3348 5389 3453 5443 aut

362 5487 515 5553 Coa.
563 5488 754 5551 Rozr.
805 5486 856 5567 Θ)
901 5488 1119 5549 limites
1169 5481 1320 5548 Cod.
1352 5483 1545 5549 Rozr.

409 5642 453 5682 s.
485 5642 670 5705 mut-30⁸.
699 5642 872 5680 uiator.
899 5640 1058 5679 Ροιωι.
1087 5640 1138 5679 τ.
1167 5638 1246 5691 lv,
3103 5618 3174 5670 50
