4342 6384
832 605 987 676 334
2026 624 2254 674 LIBER
2305 621 2762 674 Unnncmus.
3363 593 3495 693 (Α.
3539 594 3628 666 D.
3667 590 3919 689 1425.)

839 807 1150 895 destitit,
1218 828 1391 878 onus
1450 826 1723 896 quoque
1776 804 2250 896 expeditionis
2305 807 2543 876 contra
2597 804 2942 875 Bohemos
2997 799 3333 872 Hussitas
3389 801 3738 892 suscipere
3791 801 3906 872 de-

836 925 1199 1014 trectavit,
1254 948 1393 997 non
1446 924 1853 1016 intelligens
1908 925 2171 1014 Papam
2227 923 2602 995 Martinum
2669 920 2940 1011 aliquid
2978 920 3031 1008 ¹)
3086 921 3171 992 de
3223 919 3504 1012 proprio
3558 920 3632 992 in
3683 941 3796 992 res
3837 922 3913 990 fi-

835 1045 948 1118 dei
985 1047 1429 1117 collaturum.
1488 1043 1799 1135 Contigit
1834 1049 2065 1116 autem
2104 1045 2179 1115 in
2217 1043 2494 1135 Synodo
2529 1041 2916 1133 praedicta,
2966 1040 3357 1114 Gnesnensi
3394 1039 3914 1130 archiepiscopo

838 1169 909 1236 et
960 1159 1318 1255 'episcopis
1382 1162 2086 1255 comprovincialibus
2151 1166 2316 1234 vota
2380 1184 2506 1232 sua
2568 1161 2642 1232 in
2711 1182 2792 1233 ea
2845 1160 3136 1232 materia
3199 1158 3682 1245 fundentibuS,
3751 1157 3913 1229 Sta-

836 1282 1141 1354 nislaum
1194 1283 1623 1374 Pawlowsky
1679 1283 2087 1354 Plocensem
2126 1281 2722 1369 archidiaconum,
2777 1279 3055 1352 nomine
3091 1279 3330 1351 Iacobi
3367 1277 3728 1350 Plocensis
3767 1277 3908 1367 epi-

837 1401 1030 1492 scopi
1084 1405 1155 1473 01
1218 1423 1385 1474 suae
1449 1401 1781 1474 ecclesiae
1844 1401 1995 1473 illic
2058 1406 2605 1492 comparentem,
2672 1404 2914 1470 votum
2975 1397 3204 1470 dicere
3267 1398 3570 1484 iussum,
3636 1399 3913 1488 publice

836 1541 1173 1592 asserere:
1234 1521 1633 1596 mandatum
1689 1518 2150 1610 apostolicum
2207 1520 2294 1590 ad
2349 1520 2754 1592 Plocensem
2809 1517 3142 1590 diocesim
3196 1538 3334 1588 non
3387 1516 3704 1604 extendi,
3761 1538 3918 1588 cum

836 1640 1150 1711 Ducatus
1206 1643 1276 1710 et
1328 1643 1513 1710 terra
1568 1639 1916 1711 Masoviae
1971 1639 2045 1709 in
2099 1638 2425 1710 Plocensi
2463 1637 2723 1711 diocesi
2761 1636 3226 1709 consistentes
3260 1637 3578 1727 proprios
3619 1637 3920 1709 habeant

837 1758 1199 1848 Principes
1263 1758 1553 1844 liber08‚
1626 1777 1850 1848 neque
1914 1757 2249 1830 Poloniae
2311 1757 2524 1849 Regi,
2597 1779 2822 1848 neque
2885 1757 3210 1848 cuiquam
3275 1755 3480 1846 alteri
3534 1756 3915 1828 subiectos:

836 1881 1121 1968 propter
1174 1877 1356 1967 quod
1422 1877 1649 1949 clerus
1703 1875 2063 1948 Plocensis
2118 1877 2203 1948 de
2259 1878 2501 1968 Regno
2555 1875 2888 1948 Poloniae
2939 1897 3078 1946 non
3131 1875 3336 1947 debet
3373 1875 3760 1966 computari
3795 1880 3918 1946 aut

838 1994 1134 2083 censeri,
1191 2016 1417 2085 11011110
1470 1996 1555 2066 ad
1613 1995 2196 2068 contributionem
2262 1997 2583 2088 obligari.
2652 1996 2785 2087 Qui
2847 2016 3068 2068 sermo
3132 2015 3378 2085 parum
3407 1995 3677 2084 ‚aequis
3731 1994 3917 2066 auri-

837 2115 969 2186 bus
1024 2114 1343 2202 auditu8‚
1410 2135 1567 2187 cum
1620 2115 1695 2185 in
1750 2114 2101 2187 notionem
2167 2137 2443 2207 quoque
2505 2115 2885 2187 Wladislai
2947 2114 3280 2186 Poloniae
3332 2113 3548 2204 Regis
3603 2115 3918 2204 perlatus

840 2234 1048 2320 foret,
1106 2232 1181 2303 in
1236 2234 1713 2305 vehementem
1769 2234 2320 2326 indignationem
2376 2234 2578 2305 illum
2635 2240 2877 2306 contra
2915 2233 3348 2306 Semovitum
3385 2234 3735 2306 Masoviae
3773 2235 3915 2304 Du-

840 2371 1020 2438 cem,
1059 2351 1316 2424 sororis
1354 2373 1521 2423 suae
1567 2353 2010 2425 Alexandrae
2056 2354 2418 2441 maritum,
2475 2352 2676 2424 cuius
2713 2351 3008 2424 consilio
3047 2357 3118 2424 et
3155 2352 3477 2424 mandato
3518 2352 3917 2426 Stanislaus

838 2470 1266 2561 Pawlowsky
1320 2491 1492 2542 usus
1548 2471 1932 2560 sciebatur,
1988 2471 2426 2563 provocavit,
2476 2471 2852 2564 ejvestigio
2894 2493 3165 2562 quoque
3219 2471 3746 2544 conventionem
3799 2495 3916 2564 ge-

836 2589 1142 2660 neralem
1196 2588 1271 2660 in
1324 2590 1700 2663 Brzeszcze
1730 2590 1791 2679 2)
1848 2590 2303 2664 Ruthenicali
2355 2613 2478 2682 pro
2535 2591 2649 2664 die
2705 2590 2949 2662 Sancti
3001 2590 3287 2662 Martini
3341 2590 3772 2664 Confessoris
3811 2592 3916 2663 111-

834 2705 1052 2796 dixit,
1110 2729 1245 2798 11110
1301 2709 1562 2797 ordine,
1626 2731 1851 2800 quave
1903 2709 2053 2798 via,
2110 2714 2342 2782 motus
2390 2709 2737 2782 ‘Semoviti
2789 2709 3142 2782 Masoviae
3195 2709 3414 2782 Ducis
3488 2715 3728 2783 contra
3780 2712 3916 2783 Re-

834 2847 991 2917 gem
1046 2830 1117 2898 et
1168 2827 1491 2920 Regnum
1546 2850 1619 2902 se
1674 2829 2051 2921 erigentes,
2110 2828 2517 2920 priusquam
2575 2829 3114 2916 invalescerent,
3180 2828 3614 2920 opprimendi
3668 2831 3917 2918 forent,

838 2965 1275 3036 provisurus·

1313 3298 1540 3370 Iacobo
1584 3299 1873 3371 Plocensi
1919 3301 2219 3389 0111000110
2263 3300 2556 3372 succedit
2599 3299 2966 3372 stanislaum
3010 3300 3435 3389 Pawlowsky.

1044 3543 1173 3616 Die
1226 3544 1587 3617 Dominico
1642 3545 2124 3632 Ρο1110000100,
2193 3565 2370 3636 quae
2423 3545 2560 3616 fuit
2613 3545 2947 3618 vicesima
3001 3545 3300 3635 septima
3353 3544 3555 3633 Maii,
3621 3546 3917 3618 Iacobus

841 3661 1205 3734 Plocensis
1260 3663 1659 3754 011100011110,
1726 3663 1836 3734 vir
1896 3663 2259 3755 religionis
2315 3670 2386 3737 et
2439 3665 2816 3737 modestiae
2883 3669 3266 3754 spectatae,
3337 3664 3458 3756 qui
3511 3643 3915 3737 Plocensem

839 3780 1203 3853 ecclesiam
1255 3782 1636 3872 plurimum
1689 3789 2013 3871 auxerat,
2071 3785 2452 3871 extulerat,
2511 3784 2838 3875 vasisque
2893 3788 2963 3856 et
3017 3784 3354 3857 clenodiis
3408 3784 3626 3856 variis
3663 3784 3913 3856 nobili-

838 3904 1139 3987 taverat,
1206 3901 1280 3973 in
1356 3923 1483 3974 sua
1546 3902 1739 3974 curia
1802 3903 2186 3994 episcopali
2251 3905 2324 3975 in
2388 3905 2687 3976 Ploczko
2743 3903 3068 3990 moritur,
3136 3924 3292 3975 cum
3348 3924 3567 3974 annos
3623 3902 3916 3994 triginta

840 4022 986 4089 tres
1044 4018 1365 4106 sedisset,
1426 4024 1497 4091 et
1550 4019 1623 4090 in
1677 4022 2002 4094 Plocensi
2056 4022 2350 4095 ecclesia
2413 4023 2770 4113 sepelitur.
2836 4022 3008 4093 Post
3077 4021 3280 4094 cuius
3335 4029 3656 4110 mortem,
3715 4022 3913 4113 Capi-

840 4137 1069 4208 tulum
1124 4139 1460 4211 Plocense
1526 4140 1746 4211 futuri
1799 4140 2151 4232 pontificis
2207 4142 2616 4214 electionem
2663 4142 3204 4228 celebraturum,
3245 4141 3426 4238 xdum
3481 4141 3556 4212 in
3593 4149 3760 4212 vota
3797 4163 3912 4211 va-

838 4254 943 4325 ria
996 4257 1293 4329 scissum
1330 4257 1419 4328 iri
1457 4262 1839 4346 constaret,
1890 4259 2290 4332 Semovitus
2329 4261 2561 4331 senior
2599 4260 2950 4332 Masoviae
2987 4261 3182 4346 Dux,
3221 4259 3545 4349 precibus
3593 4269 3662 4332 et
3697 4260 3912 4331 inter-

838 4373 1270 4448 cessionibus
1307 4377 1668 4448 Praelatos
1706 4380 1775 4448 et
1812 4377 2194 4449 Canonicos
2231 4379 2605 4451 Plocenses
2641 4379 3084 4469 pervincens,
3134 4377 3442 4450 obtinuit
3479 4379 3913 4450 Stanislaum

840 4493 1271 4583 Pawlowsky
1336 4495 1421 4566 dc
1494 4495 2014 4584 Gnathowicze,
2079 4498 2384 4570 nobilem
2449 4498 2534 4570 de
2587 4499 2786 4570 domo
2849 4498 3288 4585 Pierzchala,
3355 4497 3916 4569 archidiac-onum

848 4613 1288 4701 Plocensem,
1346 4615 1838 4686 cancellarium
1912 4637 2137 4705 suum,
2212 4617 2380 4710 eligi
2435 4639 2476 4689 a
2529 4621 2726 4709 parte
2786 4637 3033 4707 parum
3097 4615 3358 4688 saniori
3420 4621 3490 4687 et
3552 4615 3798 4688 maiori
3826 4615 3913 4704 3).

837 4733 1291 4805 Inficiebatur
1344 4740 1574 4806 tamen
1640 4735 1886 4807 electio
1944 4757 2071 4807 sua
2124 4759 2165 4808 a
2219 4737 2446 4810 tribus
2501 4736 2816 4808 Ducibus
2873 4734 3211 4808 Semoviti
3273 4736 3477 4823 filiis,
3537 4736 3912 4822 Semovito,

838 4850 1229 4924 Wladislao
1295 4857 1365 4924 et
1419 4852 1810 4941 Kazimiro,
1884 4855 2319 4927 Stanislaum
2385 4856 2815 4946 Pawlowsky
2881 4854 3225 4946 singulari
3287 4854 3774 4926 execrantibus
3827 4854 3913 4925 li-

838 4990 1039 5059 vore,
1096 4977 1527 5062 conatusque
1580 4993 1744 5044 suos
1799 4994 1936 5044 non
1990 4974 2425 5048 desistebant
2479 4975 2949 5065 interponere,
3005 4979 3086 5043 ut
3141 4974 3387 5045 electio
3445 4973 3518 5044 in
3573 4972 3750 5044 alios
3807 4993 3910 5044 re-

838 5089 1124 5162 cideret.
1184 5091 1277 5162 Et
1328 5090 1497 5164 licet
1550 5111 1592 5162 a
1645 5095 1841 5182 parte
1898 5093 2158 5166 saniori
2213 5098 2282 5166 et
2336 5091 2586 5168 minori
2615 5093 2678 5181 ⁴)
2735 5091 3082 5164 Cristinus
3137 5091 3651 5182 Nyeborowsky
3699 5091 3913 5164 Cano-

1055 5359 1099 5440 ¹)
1144 5363 1370 5438 aliquid
1427 5359 1597 5425 deest
1652 5363 1727 5426 in
1788 5361 1941 5428 Cod.
2006 5361 2183 5428 Calv.
2253 5363 2298 5444 ¹)
2357 5365 2632 5425 Brzescie
2691 5358 2842 5425 Cod.
2887 5361 3080 5425 Rozr.
3143 5359 3196 5441 ³)
3243 5362 3470 5422 minori.
3529 5359 3678 5426 eod.
3727 5359 3916 5428 Rozr.

843 5456 895 5540 ⁴)
938 5463 1147 5526 maiori
1202 5462 1352 5527 Ood.
1399 5463 1591 5527 Rozr.
