4342 6384
821 527 975 598 110
2007 548 2234 602 LIBER
2286 549 2747 604 urm-scmus.
3372 526 3505 628 (Α.
3544 527 3634 602 D.
3678 525 3915 626 1410.)

813 729 1252 804 Wladislaus
1306 734 1540 806 tamen
1593 733 1747 804 Rex
1811 731 1995 805 nihil
2051 754 2132 806 ea
2185 737 2450 823 motuS,
2506 733 2625 826 pia
2678 732 3213 808 mansuetudine
3280 733 3699 836 exprobrare
3751 739 3910 807 tan-

813 851 1172 924 tummodo
1209 851 1464 942 legatis
1503 855 1905 942 contentus,
1947 853 2112 926 illos
2159 853 2481 946 corripit:
2540 853 2918 943 Haeccine,
2958 853 3227 946 inquit,
3266 859 3376 926 est
3412 854 3583 927 fides
3620 857 3915 927 vestra?

816 970 1149 1044 haeccine
1203 969 1736 1044 iusiurandum?
1791 973 2118 1047 haeccine
2155 974 2209 1063 ¹)
2266 973 2709 1066 sponsiones,
2766 974 3021 1066 quibus
3078 995 3201 1046 vos
3256 973 3433 1045 mihi
3480 973 3913 1046 addixistis?

818 1091 1122 1184 Quorum
1178 1091 1484 1165 omnium
1541 1093 1778 1182 obliti,
1835 1114 1974 1165 non
2031 1093 2415 1167 erubuistis
2468 1093 2729 1186 pacisci
2784 1115 2941 1167 cum
2994 1095 3197 1167 hoste
3236 1093 3432 1166 meo?
3488 1093 3614 1165 Illi
3650 1093 3913 1166 facino·

817 1209 918 1287 ris
973 1213 1264 1300 conscii,
1339 1213 1595 1285 nedum
1667 1213 1938 1304 aliquid
1989 1213 2437 1306 respondere,
2514 1215 2636 1287 sed
2688 1235 2915 1306 neque
2968 1213 3225 1287 mutire
3278 1212 3467 1300 ausi,
3525 1212 3737 1285 etiam
3791 1234 3907 1306 ge·

821 1335 938 1404 stu
993 1334 1062 1403 et
1116 1331 1341 1406 oculis
1396 1331 1471 1404 in
1525 1336 1782 1405 terram
1837 1332 2161 1422 deiectis,
2222 1334 2451 1406 scelus
2510 1333 2928 1408 fatebantur.
2986 1333 3079 1406 Et
3133 1332 3543 1428 quamvis-a
3580 1333 3911 1405 consilia-

818 1449 947 1524 riis
1021 1451 1430 1526 suaderetur
1482 1452 1693 1544 Regi,
1751 1457 1831 1524 ut
1886 1453 2443 1527 Thorunensium
2498 1454 2768 1546 legatos
2815 1453 3013 1525 velut
3048 1453 3348 1544 perfidos
3386 1457 3457 1526 et
3494 1452 3916 1545 foedifragos

821 1570 1147 1645 damnare
1203 1571 1434 1663 capite
1486 1571 1846 1660 iussisset,
1905 1572 2397 1646 documentum
2432 1594 2570 1646 non
2608 1573 2879 1646 inultae
2914 1573 3246 1664 perfidiae
3284 1574 3590 1646 futuros:
3647 1578 3723 1644 at
3756 1573 3917 1646 Rex

821 1695 904 1762 ut
959 1695 1110 1764 erat
1171 1691 1521 1784 benignus
1577 1695 1650 1764 et
1701 1689 1932 1780 mitis,
1999 1697 2211 1786 negat
2274 1714 2381 1782 se,
2445 1693 2650 1766 fidem
2716 1714 2914 1766 suam
2979 1697 3254 1766 secutos
3316 1692 3571 1766 violari
3630 1693 3917 1766 nuntios

821 1809 1100 1886 debere:
1157 1811 1634 1903 praestantius
1673 1831 1990 1884 asserens
2029 1812 2587 1886 Thorunensium
2625 1817 2695 1886 et
2733 1812 3208 1887 Gdanensium
3246 1812 3415 1902 sibi,
3466 1834 3675 1905 quam
3714 1834 3916 1884 suam

821 1929 972 2002 illis
1025 1931 1231 2004 fidem
1285 1930 1616 2004 defuisse.
1673 1931 2158 2006 Redeuntibus
2194 1932 2499 2021 nuntiis,
2557 1932 2838 2005 Thorun
2878 1936 2949 2004 et
2986 1932 3313 2006 Gdansko
3344 1931 3409 2021 ²)
3464 1932 3539 2004 in
3576 1932 3917 2005 ditionem

824 2049 1181 2144 Magistri,
1237 2052 1438 2124 nulla
1491 2052 1907 2125 necessitate
1971 2053 2160 2126 cives
2226 2053 2661 2144 impellente,
2728 2052 3029 2127 traditae
3084 2054 3282 2124 sunt:
3340 2050 3467 2143 qui
3520 2073 3557 2123 e
3610 2051 3915 2144 vestigio

825 2174 1134 2246 castrum
1188 2172 1672 2260 Thorunense,
1744 2173 1928 2264 quod
1981 2194 2022 2244 a
2073 2172 2423 2264 praesidio
2485 2173 2677 2266 regio
2741 2171 3141 2260 tenebatur,
3208 2169 3719 2244 circumvallat.
3786 2172 3916 2243 Mi-

826 2287 1076 2362 litibus
1131 2295 1364 2366 tamen
1416 2290 1630 2384 regiis
1685 2291 1881 2364 virili
1935 2291 2333 2364 constantia
2387 2291 2570 2364 illud
2624 2291 2988 2366 tuentibus
3027 2295 3098 2364 et
3132 2291 3409 2364 crebras
3468 2289 3917 2363 excursiones

824 2411 895 2480 et
947 2413 1214 2504 strages
1269 2410 1343 2490 in
1397 2408 1792 2485 obsidentes
1830 2411 2227 2500 edentibus,
2286 2412 2693 2486 nullatenus
2730 2414 3005 2504 poterat
3035 2408 3098 2500 ³)
3152 2410 3353 2483 illius
3390 2409 3917 2503 conquisitione

823 2527 1062 2620 potiri.

824 2879 1216 2952 wladislaus
1258 2881 1398 2954 Rex
1443 2881 1782 2953 ecclesiam
1827 2881 2265 2953 auennensem
2312 2885 2381 2954 ct
2426 2881 2718 2971 corporis
2757 2881 2994 2954 christi
3026 2884 3219 2953 extra
3246 2881 3631 2954 rosnanim
3661 2881 3917 2966 visitat,

1490 3003 1558 3072 et
1603 3001 1876 3076 collecto
1920 3019 2144 3074 rursus
2191 3002 2483 3074 exercitu
2525 3001 2960 3073 Pomeraniam
3004 3003 3255 3074 mtat.

1036 3245 1592 3320 Thorunensium
1649 3250 1718 3319 et
1774 3246 2251 3321 Gdanensium
2290 3246 2549 3320 civium
2586 3245 2878 3339 perfidia
2915 3246 3353 3319 Wladislaus
3391 3245 3727 3319 Poloniae
3764 3245 3915 3317 Rex

830 3364 1124 3454 illusuS,
1193 3385 1280 3438 ex
1337 3365 1749 3458 Grnyewkow
1804 3367 1876 3438 in
1932 3367 2609 3439 Iuniwladislaviam
2662 3387 2985 3440 reversus
3042 3371 3171 3438 est.
3241 3365 3422 3436 Voto
3478 3368 3714 3438 autem
3768 3385 3915 3452 suo,

830 3506 965 3576 quo
1021 3505 1097 3557 se
1147 3505 1274 3576 pro
1327 3487 1586 3560 honore
1639 3485 2066 3560 divinissimi
2124 3487 2558 3560 Sacramenti
2612 3485 3113 3558 monasterium
3160 3485 3637 3558 Posnaniense
3674 3483 3915 3557 visita-

828 3609 1097 3692 turum,
1165 3607 1328 3677 ante
1391 3605 1792 3680 conflictum
1858 3627 2186 3698 magnum
2250 3606 2712 3692 astrinxerat,
2780 3604 3308 3692 satisfacturus,
3365 3625 3454 3676 ex
3510 3602 3913 3676 Iuniwladi-

830 3722 1056 3795 slavia
1108 3744 1233 3815 per
1288 3723 1606 3798 Strzelno
1663 3728 1731 3799 et
1785 3725 2347 3816 Kwyeczischow
2376 3726 2464 3814 ⁴),
2522 3725 2597 3796 in
2646 3725 3126 3796 Trzemesnam
3163 3722 3517 3814 pervenit3
3574 3722 3827 3795 abinde
3856 3721 3916 3810 5)

829 3864 992 3915 vero
1046 3843 1342 3934 pedibus
1397 3865 1522 3935 pro
1577 3843 1710 3916 Dei
1763 3847 1834 3916 et
1889 3845 2130 3917 Sancti
2186 3845 2555 3918 Adalberti
2590 3843 2985 3917 reverentia
3012 3843 3101 3931 ⁶),
3162 3842 3511 3916 Gnesnam
3548 3842 3751 3913 adiit.
3808 3842 3915 3912 Ex

832 3963 1112 4035 Gnesna
1164 3961 1240 4033 in
1292 3961 1772 4053 Pobyedziska
1842 3964 2072 4050 venit3
2145 3964 2397 4037 abinde
2470 3984 2745 4055 quoque
2806 3963 2981 4054 pede
3034 3963 3169 4034 iter
3222 3983 3445 4053 usque
3499 3960 3918 4033 Posnaniam

831 4081 919 4152 ad
973 4081 1472 4152 monasterium
1526 4081 1849 4174 Corporis
1904 4080 2169 4154 Christi
2224 4082 2545 4155 confecit.
2604 4082 2751 4173 Quo
2808 4102 2965 4154 cum
3012 4081 3185 4153 feria
3224 4080 3526 4153 secunda
3562 4079 3638 4152 in
3676 4078 3921 4170 vigilia

837 4199 1134 4272 Sanctae
1199 4199 1612 4272 catharinae
1675 4201 2144 4292 pervenisset,
2212 4202 2437 4274 tribus
2495 4201 2740 4275 diebus
2796 4200 2949 4272 illic
3004 4187 3304 4289 exactiS,
3360 4199 3705 4291 religione
3736 4199 3797 4288 ⁷)
3850 4203 3921 4270 et

834 4319 996 4390 v'oto
1055 4339 1212 4390 cum
1267 4338 1516 4410 magna
1571 4319 1940 4396 devotione
1992 4322 2436 4412 perfunctus,
2502 4342 2625 4412 per
2688 4320 2923 4395 eadem
2987 4341 3125 4412 qua
3177 4323 3463 4392 venerat
3514 4319 3671 4391 loca
3726 4317 3919 4391 Iuni-

838 4436 1348 4510 wladislaviam
1372 4493 1389 4526 ,
1468 4458 1596 4510 sua
1647 4439 2046 4532 praesentia
2097 4441 2421 4533 Regnum
2486 4440 2821 4513 Poloniae
2892 4440 2977 4512 ab
3045 4439 3369 4511 hostibus
3440 4442 3918 4530 protecturuS,

832 4556 1074 4645 rediit,
1131 4578 1452 4648 novaque
1506 4557 1868 4632 vocatione
1923 4565 2145 4632 terras
2201 4559 2487 4633 Maioris
2542 4546 2907 4647 Poloniae,
2964 4559 3134 4631 item
3174 4557 3679 4646 Siradiensem,
3738 4557 3921 4628 Lan-

835 4676 1238 4765 ciciensem,
1296 4676 1828 4769 Cuyaviensem,
1887 4678 2463 4767 Dobrzinensem,
2519 4679 2593 4750 in
2648 4677 3143 4751 Pruthenicam
3182 4676 3699 4769 expeditionem
3736 4697 3917 4748 com-

834 4795 1056 4868 movit
1083 4793 1172 4884 8).
1229 4796 1342 4867 Ad
1396 4795 1598 4868 cuius
1653 4796 2053 4887 imperium,
2109 4799 2274 4870 dum
2331 4797 2681 4870 exercitus
2744 4797 3258 4889 praedictarum
3322 4802 3665 4869 terrarum
3718 4794 3915 4866 Iuni·

835 4913 1341 4987 wladislaviam
1397 4915 1870 5005 convenisset,
1927 4916 2002 4989 in
2055 4917 2537 4990 Pomeraniam
2591 4916 2830 5005 illum,
2886 4916 3291 5008 praeficiens
3348 4915 3695 4988 exercitui
3746 4914 3919 4987 San-

1053 5201 1102 5285 ¹)
1146 5205 1338 5266 haene
1385 5200 1537 5267 Cod.
1582 5201 1777 5266 Rozr.
1834 5199 1890 5288 2)
1939 5204 2190 5283 Gdansk
2241 5201 2367 5266 Ed.
2424 5201 2605 5287 Lips.
2663 5201 2718 5285 ³)
2760 5209 3035 5282 poterant
3082 5197 3234 5265 Cod.
3280 5200 3474 5264 Rozr.
3533 5199 3585 5281 ⁴)
3634 5201 3920 5264 Gwiedzi-

840 5309 1040 5370 schow
1087 5303 1237 5370 Cod.
1282 5304 1460 5369 Kost.
1521 5305 1573 5387 ⁵)
1619 5307 1835 5368 deinde
1883 5303 2035 5369 Cod.
2081 5305 2273 5370 Rozr.
2322 5307 2378 5387 ⁶)
2421 5309 2731 5370 honestate
2776 5313 2836 5369 et
2877 5307 3211 5368 reverentia
3252 5303 3379 5367 Ed.
3413 5303 3595 5388 Lips.
3646 5301 3701 5384 ⁷)
3730 5323 3800 5364 ac
3826 5321 3914 5363 re—

837 5411 1062 5491 ligione
1116 5407 1266 5473 o'od.
1315 5407 1508 5473 Rozr.
1557 5407 1609 5491 8)
1657 5416 2000 5473 commonet.
2049 5406 2200 5474 Cod.
2250 5406 2426 5474 Calv.
