4342 6384
820 655 967 731 332
1014 728 1026 738 ,
2000 680 2228 732 mann
2278 680 2738 742 unnncmus.
3337 656 3470 756 (Α.
3510 657 3600 731 D.
3641 657 3894 757 1425.)

812 867 951 952 tor,
1010 873 1079 936 et
1134 864 1480 935 Henricus
1544 863 1731 935 Hold
1796 863 2323 935 commendator
2384 863 2866 956 Elbingensis3
2931 864 3221 934 aderant
3283 863 3510 954 Regni
3562 864 3896 937 Poloniae

810 983 1119 1055 Praelati
1176 988 1244 1055 et
1315 1003 1664 1074 proceres,
1732 983 1850 1073 qui
1917 983 2288 1070 infantem,
2356 988 2425 1055 et
2479 1004 2715 1055 eorum
2778 1003 3070 1073 quorum
3136 980 3411 1053 nomine
3473 983 3899 1056 advenerant

808 1107 879 1174 et
932 1101 1240 1193 proprio,
1308 1102 1391 1174 de
1447 1103 1636 1175 fonte
1699 1102 2043 1174 levarunt.
2119 1102 2520 1175 Alexander
2583 1102 3022 1174 Withawdus
3095 1101 3390 1192 Magnus
3461 1100 3888 1175 Lithuaniae

807 1222 969 1292 Dux
1023 1221 1107 1293 de
1164 1241 1339 1292 novo
1379 1225 1628 1312 nepote
1666 1221 2025 1308 exultans,
2086 1221 2508 1293 cunabulum
2545 1225 2949 1313 argenteum
3005 1219 3330 1311 ponderis
3385 1225 3661 1294 centum
3710 1243 3888 1294 mar-

810 1362 1050 1412 carum
1108 1340 1403 1431 argenti,
1445 1339 1700 1411 infanti
1755 1339 2169 1410 transmisit.
2227 1340 2533 1413 Celebris
2589 1341 2738 1412 dies
2791 1339 2919 1411 illa
2953 1339 3337 1429 plurimum
3373 1339 3557 1430 apud
3595 1341 3896 1413 Polonos

808 1458 1050 1531 habita
1106 1463 1214 1530 est
1268 1466 1337 1532 et
1390 1458 1463 1531 in
1518 1479 1768 1550 magna
1820 1459 2181 1531 hilaritate
2238 1460 2587 1548 traducta,
2657 1460 2840 1550 quod
2895 1479 2981 1530 ex
3037 1460 3226 1550 Rege
3279 1459 3630 1530 universis
3685 1461 3891 1531 charo

808 1579 1172 1650 haeredem
1227 1580 1613 1650 masculum
1667 1579 1960 1650 Polonia
1996 1577 2457 1668 suscepisset,
2515 1577 2651 1650 sibi
2689 1578 2967 1669 quidem
3004 1581 3312 1669 gratum,
3370 1577 3694 1649 hostibus
3732 1599 3894 1650 vero

809 1701 881 1769 et
934 1697 1189 1769 vicinis
1244 1697 1651 1770 terribilem.
1708 1697 2127 1770 Celebritate
2160 1695 2691 1788 baptismalium
2727 1699 3064 1788 perfecta,
3125 1695 3572 1786 Principibus
3611 1701 3680 1768 et
3717 1718 3892 1768 nun-

810 1815 931 1887 tiis
986 1817 1260 1908 Regum
1314 1820 1385 1888 et
1437 1815 1843 1906 Principum
1906 1836 2030 1906 per
2094 1837 2380 1888 munera
2443 1821 2513 1888 et
2577 1816 2892 1888 clenodia
2955 1815 3346 1902 honoratis,
3421 1836 3510 1886 ex
3565 1815 3896 1887 cracovia

812 1935 982 2006 feria
1036 1939 1285 2025 quarta
1338 1939 1497 2025 post
1551 1934 1983 2006 Dominicam
2040 1934 2242 2007 Oculi
2297 1955 2653 2026 egressae,
2711 1934 2784 2005 in
2822 1938 3044 2006 terras
3083 1933 3368 2005 Maioris
3406 1934 3737 2007 Poloniae
3772 1955 3896 2026 per

810 2053 1058 2124 solitas
1114 2053 1453 2125 stationes
1490 2053 1860 2143 processit,
1920 2058 1988 2126 et
2025 2055 2296 2126 Pascha
2334 2053 2612 2126 Domini
2651 2053 2837 2144 apud
2872 2053 3171 2125 Kalisch
3212 2052 3389 2144 egit:
3446 2053 3568 2124 ubi
3605 2053 3692 2124 ad
3729 2074 3888 2125 eum

812 2171 1003 2243 venit
1056 2171 1303 2244 Ericus
1359 2172 1613 2244 Daciae
1652 2173 1703 2260 ¹)
1761 2174 1948 2260 Rex,
2007 2193 2092 2244 ex
2150 2173 2406 2245 Sancto
2445 2173 2827 2263 Sepulchro
2865 2171 3506 2263 Hierosolymitano
3543 2188 3890 2245 reversus.

811 2291 1070 2363 Gratus
1128 2289 1263 2361 fuit
1317 2291 1647 2363 Poloniae
1700 2292 1876 2384 Regi
1936 2313 2107 2362 suus
2154 2291 2527 2378 adventus,
2587 2291 3016 2382 comiterque
3055 2295 3126 2364 et
3161 2290 3458 2382 benigne
3495 2297 3888 2383 exceptum,

811 2409 1116 2481 omnium
1168 2411 1400 2481 rerum
1463 2411 1827 2482 affluentia
1888 2416 2367 2501 procuratum,
2441 2410 2763 2501 pluribus
2828 2410 3074 2482 diebus
3139 2409 3475 2498 detinuit,
3541 2413 3613 2482 et
3674 2409 3893 2481 variis

808 2528 1010 2600 donis
1064 2533 1503 2600 muneratum
1560 2529 1633 2600 in
1687 2549 1937 2620 magna
1984 2529 2328 2601 charitate
2364 2529 2438 2600 in
2475 2529 2760 2600 Daciam
2813 2528 3108 2601 remisit.
3166 2529 3274 2600 Ex
3313 2529 3610 2600 Kalisch
3647 2529 3718 2600 in
3757 2531 3889 2600 Po-

810 2647 1125 2720 snaniam
1181 2651 1252 2718 et
1306 2653 1578 2720 caetera
1632 2647 1915 2718 Maioris
1970 2646 2305 2719 Poloniae
2359 2649 2514 2720 loca
2564 2647 2936 2738 processit,
3005 2652 3074 2720 et
3127 2647 3310 2719 diem
3364 2647 3890 2738 Assumptionis

808 2767 1104 2840 Sanctae
1158 2766 1417 2839 Mariae
1447 2765 1508 2856 2)
1564 2766 1638 2838 in
1692 2766 2077 2838 Przedborz
2132 2765 2385 2838 tenuit.
2443 2766 2718 2838 Abinde
2770 2786 2896 2857 per
2930 2765 3433 2854 Radoschicze‚
3490 2765 3890 2855 chanczini,

808 2885 1142 2976 Kyelcze,
1175 2884 1613 2958 Bodzanczin
1643 2883 1727 2973 ³),
1770 2885 2045 2976 Syenno
2073 2886 2161 2974 4),
2203 2885 2491 2977 Solyecz
2523 2885 2584 2973 5)
2621 2885 2695 2956 in
2732 2883 3263 2973 Lublinensem,
3305 2889 3466 2976 post
3492 2884 3567 2956 in
3593 2885 3892 2958 Russiae

808 3007 1030 3075 terras
1084 3003 1474 3090 descendit,
1536 3003 1860 3096 fugiendo
1915 3007 2216 3094 pestem,
2283 3025 2460 3095 quae
2516 3006 2656 3077 fere
2710 3003 3117 3076 universum
3180 3004 3503 3095 Regnum
3556 3004 3890 3077 Poloniae

807 3127 1241 3214 pervaserat,
1298 3127 1367 3195 et
1400 3143 1525 3214 per
1564 3126 1837 3213 tempus
1876 3123 2202 3211 aestatis,
2261 3124 2582 3195 autumni
2621 3127 2692 3195 et
2724 3122 2984 3194 hiemis
3023 3121 3374 3212 saevienS‚
3431 3125 3670 3215 plures
3712 3145 3889 3196 mor·

811 3242 991 3313 tales
1047 3240 1417 3333 utriusque
1472 3261 1715 3332 sexuS,
1772 3241 2123 3314 variarum
2181 3241 2658 3318 conditionum
2712 3241 3218 3334 absumpserat.

1628 3593 1861 3664 olavus
1906 3591 2143 3662 christi
2189 3592 2470 3666 donatur
2511 3591 2862 3662 madicho
2904 3590 3081 3679 negt.

1013 3838 1417 3911 Penultima
1469 3837 1729 3908 mensis
1783 3835 2007 3924 Iunii,
2064 3837 2308 3909 clavus
2363 3858 2546 3908 unus
2585 3855 2671 3908 ex
2708 3835 2852 3922 his,
2915 3834 3036 3927 qni
3091 3833 3564 3906 sacratissimo
3617 3835 3891 3926 corpori

809 3959 884 4030 in
956 3956 1291 4029 Passione
1352 3954 1635 4028 Domini
1697 3955 1920 4027 nostri
1985 3956 2147 4027 Iesu
2213 3954 2471 4028 Christi
2536 3959 2735 4025 erant
2796 3952 3039 4040 infixi,
3107 3952 3498 4025 Wladislao
3559 3953 3892 4026 Poloniae

808 4074 986 4166 Regi
1041 4079 1111 4145 et
1164 4075 1467 4147 consorti
1522 4095 1687 4147 suae
1726 4074 2026 4164 Sophiae
2064 4075 2373 4164 Reginae
2409 4095 2532 4164 per
2567 4072 2898 4144 Latinum
2935 4071 3359 4163 Episcopum
3396 4070 3788 4145 Ostiensem
3823 4073 3888 4162 ⁶)

808 4193 1248 4267 Cardinalem
1314 4193 1397 4264 de
1460 4193 1741 4264 Ursinis
1806 4192 2194 4284 vulgariter
2257 4195 2766 4283 nuncupatum,
2833 4190 3290 4263 transmissus
3355 4193 3424 4263 et
3487 4191 3885 4264 cracoviam

808 4314 1103 4400 allatae,
1162 4311 1467 4382 omnium
1520 4311 2037 4400 processionum
2091 4311 2288 4383 urbis
2345 4310 2822 4383 cracoviensis
2876 4311 3134 4381 honore
3189 4313 3558 4400 susceptus
3613 4315 3752 4398 est,
3810 4331 3890 4382 ac

808 4430 1143 4504 ecclesiae
1198 4428 1638 4502 cracoviensi
1690 4427 1956 4519 insigni
2010 4451 2134 4519 pro
2191 4430 2610 4520 sempiterno
2667 4429 3049 4500 memoriali
3089 4429 3412 4500 donatus.
3468 4428 3556 4499 In
3594 4449 3733 4519 qua
3767 4448 3888 4518 pro

808 4548 1279 4622 consolatione
1334 4547 1645 4618 fidelium
1710 4551 1778 4619 et
1858 4547 2336 4621 ctacoviensis
2392 4547 2724 4620 ecclesiae
2761 4549 3002 4620 decore
3040 4547 3463 4635 ostenditur,
3523 4551 3594 4619 et
3647 4547 3885 4638 singn-

807 4668 941 4741 lari
994 4667 1251 4740 colitur
1302 4665 1779 4753 veneratione,
1839 4666 2268 4757 multiplicia
2321 4667 2675 4758 languidis
2729 4670 3092 4757 praestans
3147 4665 3502 4738 beneficia.

1023 4939 1067 5018 ¹)
1115 4941 1345 5002 Daniae
1390 4937 1514 5002 Ed.
1560 4937 1740 5020 Lips.
1804 4935 1855 5015 ²)
1901 4939 1961 5000 S.
2006 4939 2230 4998 Mariae
2276 4939 2536 5014 Virginis
2585 4934 2735 4999 Cod.
2782 4934 2975 4997 Rozr.
3039 4935 3095 5015 ³)
3139 4937 3434 4997 Bozencin
3501 4931 3651 4998 Cod.
3712 4931 3889 4995 Kost.

810 5041 863 5122 ⁴)
908 5043 1138 5103 Szenno
1196 5040 1348 5104 O‘od.
1399 5036 1574 5104 Calv.
1623 5040 1674 5120 ³)
1720 5041 1925 5101 Soleez
1970 5037 2095 5100 Ed.
2143 5037 2324 5122 Lips.
2374 5037 2430 5120 6)
2475 5041 2846 5100 Hostiensem
2897 5033 3048 5100 Cod.
3099 5035 3274 5100 Calv.
