4342 6384
829 532 977 604 238
2016 555 2244 606 mnan
2295 554 2754 606 immaculatis,
3382 528 3513 630 (Α.
3554 531 3646 604 D.
3689 527 3912 628 1419.)

818 736 998 811 sidio
1052 739 1381 811 firmavit.
1453 739 1599 830 Quo
1654 760 1789 811 non
1848 741 2202 828 obstante,
2271 744 2432 830 post
2471 740 2524 830 ¹)
2581 742 2978 831 frequentes
3045 760 3491 831 congressuS,
3561 738 3912 812 continuis

820 859 1129 950 quinque
1184 859 1428 932 diebus
1484 865 1685 934 nocto
1742 867 1950 952 atque
2005 863 2313 934 interdiu
2368 862 2680 948 habitos,
2741 861 2948 934 multi
2999 861 3330 952 utrinque
3369 861 3588 948 caesi,
3649 859 3912 952 magni-

828 982 1000 1054 ficae
1068 981 1315 1053 domus
1374 987 1698 1071 exustae,
1753 983 2183 1074 praetorium
2239 983 2310 1054 in
2367 983 2620 1055 confini
2651 981 2713 1071 2)
2766 984 2916 1054 loco
2973 982 3221 1071 situm,
3289 982 3648 1054 incensum
3713 987 3919 1072 atque

818 1102 1155 1188 deletum,
1215 1103 1683 1175 aedificiorum
1740 1104 1814 1176 in
1870 1109 2164 1196 utraque
2221 1103 2510 1178 civitate
2583 1105 2920 1198 Pragensi
2989 1105 3197 1176 decus
3264 1125 3518 1196 magna
3574 1124 3662 1175 ex
3719 1107 3914 1194 parte

820 1223 1183 1295 violatum.

824 1578 1267 1668 sigismundus
1310 1578 1735 1652 Romanorum
1780 1584 1850 1652 et
1893 1581 2255 1670 nungariae
2299 1580 2438 1652 Rex
2485 1601 2626 1652 cum
2670 1582 2886 1654 furcis
2932 1582 3234 1672 congredi
3264 1601 3394 1654 non
3425 1598 3655 1667 ausae,
3687 1598 3918 1670 magna

1336 1701 1520 1772 clade
1564 1702 2069 1773 christianorum
2114 1705 2327 1773 terras
2373 1703 2583 1774 afficit
2629 1706 2700 1774 et
2743 1703 3106 1774 Bohemiam
3152 1704 3422 1775 amittit.

1034 1948 1529 2040 sigismundus
1584 1951 2050 2022 Romanorum
2108 1955 2179 2022 et
2233 1951 2638 2042 Hungariae
2691 1952 2880 2039 Rex,
2939 1951 3230 2023 collecto
3279 1971 3359 2022 ea
3398 1955 3666 2022 aestate
3721 1955 3914 2022 nota-

827 2069 959 2142 bili
1014 2090 1102 2141 ex
1158 2069 1455 2143 diversis
1510 2070 1913 2142 nationibus
1970 2072 2283 2144 exercitu
2338 2072 2410 2143 in
2467 2072 2936 2145 defensionem
2992 2071 3218 2164 Regni
3267 2071 3410 2159 sui,
3469 2075 3712 2144 contra
3749 2072 3918 2142 Tur-

830 2211 947 2261 cos
1002 2189 1516 2280 expeditionem
1574 2191 1816 2263 movit.
1886 2191 2019 2282 Qui
2074 2192 2240 2263 dum
2305 2192 2540 2284 copias
2604 2193 2921 2285 gentium
2987 2214 3302 2280 suarum,
3370 2192 3798 2283 equestrium
3853 2196 3922 2263 et

830 2309 1290 2401 pedestrium,
1356 2331 1570 2403 prope
1634 2311 1886 2384 Albam
1952 2313 2258 2404 regalem
2325 2313 2619 2386 Rasciae
2683 2313 3178 2404 promovisset,
3255 2313 3606 2385 exercitus
3674 2311 3918 2402 ingens

830 2434 1207 2504 Turcornm
1262 2431 1547 2504 advenit
1600 2437 1839 2504 contra
1892 2431 2123 2505 illum.
2183 2433 2410 2525 Aquis
2466 2438 2696 2505 tamen
2738 2433 3042 2504 Danubii
3081 2434 3264 2506 inter
3299 2439 3634 2524 utrosque
3664 2431 3726 2521 3)
3783 2455 3921 2506 me-

830 2552 1220 2639 diantibuS,
1278 2573 1417 2624 non
1453 2557 1778 2643 poterant
1815 2554 2167 2626 exercitus
2207 2554 2444 2627 venire
2483 2554 2569 2626 ad
2607 2575 3078 2646 congressum.
3139 2553 3634 2647 sigismundus
3685 2553 3926 2645 itaque

827 2675 982 2746 Rex
1037 2671 1361 2764 pluribus
1416 2672 1869 2746 hebdomadis
1924 2674 2011 2746 ad
2064 2674 2256 2766 ripas
2311 2674 2617 2747 Danubii
2655 2695 2852 2747 casso
2891 2674 3127 2747 labore
3165 2674 3612 2762 immoratuS,
3671 2674 3922 2746 videns

830 2794 1214 2867 exercitum
1272 2815 1475 2865 suum
1532 2795 1911 2867 Turcorum
1967 2795 2306 2868 exercitui
2363 2816 2647 2868 numero
2687 2800 2756 2867 et
2793 2795 3064 2868 viribus
3103 2795 3478 2886 exaequari
3514 2817 3652 2868 non
3689 2817 3920 2886 posse,

829 2936 955 3006 par
989 2913 1210 3006 priori
1244 2915 1633 3005 periculum
1671 2915 1971 3002 verituS,
2032 2917 2152 2988 sed
2191 2937 2416 3007 neque
2463 2917 2705 2988 valens
2747 2915 2898 2988 sine
2935 2916 3244 2989 evidenti
3282 2916 3685 2988 discrimine
3723 2937 3922 2990 exer-

832 3034 1051 3107 citum
1108 3056 1311 3106 suum
1365 3057 1488 3126 per
1540 3035 1896 3123 Histrum,
1964 3037 2450 3110 obsidentibus
2512 3037 2704 3129 ripas
2769 3037 2922 3110 eius
2978 3037 3518 3128 circumquaque
3579 3037 3922 3124 barbarie,

832 3156 1227 3243 traducere,
1293 3156 1493 3226 nulla
1558 3155 1933 3229 offensione
1997 3158 2308 3230 hostium
2373 3159 2586 3244 facta,
2653 3179 2878 3249 neque
2935 3158 3171 3249 aliquo
3229 3179 3430 3250 opere
3483 3157 3920 3231 memorabili

834 3276 1053 3364 edite,
1111 3275 1381 3347 Budam
1435 3276 1795 3350 remeavit.
1853 3278 2147 3369 Propter
2204 3279 2385 3370 quod
2441 3300 2482 3350 a
2536 3277 2780 3351 Turcis
2836 3278 3129 3351 liberius
3185 3284 3256 3351 et
3309 3278 3794 3352 vehementius
3849 3278 3924 3350 in

835 3396 1269 3469 Christianos
1326 3397 1672 3469 saevitum
1704 3398 1789 3487 ⁴),
1847 3403 1917 3470 et
1962 3404 2187 3471 terrae
2243 3399 2546 3490 optimae
2602 3403 2811 3490 atque
2847 3400 3089 3491 Regna
3137 3398 3546 3491 Bulgariae,
3603 3399 3924 3486 Rasciae,

835 3517 1179 3590 Albaniae
1234 3523 1304 3590 et
1358 3517 1639 3608 Septem
1706 3524 2091 3591 castrorum
2147 3521 2221 3591 in
2279 3519 2600 3611 pluribus
2665 3519 2839 3592 locis
2895 3525 3244 3606 vastatae,
3315 3519 3684 3611 spoliatae,
3743 3519 3924 3592 dire-

833 3643 1027 3728 ptae,
1085 3642 1155 3711 et
1208 3659 1541 3729 personae
1605 3637 1973 3731 utriusque
2039 3661 2251 3712 sexus
2318 3640 2389 3711 in
2457 3641 2869 3713 servitutem
2937 3640 3404 3712 miserabilem
3473 3639 3809 3712 abductae
3839 3638 3924 3728 5).

833 3759 1087 3850 Itaque
1141 3759 1305 3830 dnm
1344 3760 1603 3831 Turcos
1650 3760 1991 3832 lacessere
2029 3760 2248 3832 libido
2287 3760 2492 3832 illum
2530 3760 2852 3848 incessit,
2895 3759 3304 3832 Bohemiam
3342 3759 3582 3832 amisit
3620 3763 3690 3832 et
3725 3759 3926 3831 Hun-

834 3880 1100 3971 gariam
1155 3901 1295 3951 non
1349 3880 1679 3952 defendit.
1746 3879 1925 3952 Nam
1992 3879 2126 3952 etsi
2191 3881 2446 3972 legatis
2511 3880 2596 3951 ab
2653 3901 2731 3952 co
2787 3880 3194 3952 Bohemiam
3263 3881 3348 3952 ad
3401 3879 3930 3972 gubernandum

837 3999 1075 4071 missis
1128 4000 1466 4091 paritum,
1525 4005 1595 4072 et
1650 4021 1777 4072 arx
1833 4000 2511 4092 Wischegradionsis
2575 4000 2847 4072 reddita
2913 4002 3090 4072 foret
3119 4001 3204 4088 6),
3263 3998 3538 4072 externi
3591 3998 3930 4072 haeretici

837 4120 1081 4192 urbem
1152 4121 1633 4211 reliquissent,
1712 4122 2119 4192 consulatus
2177 4143 2264 4194 ex
2317 4121 2548 4212 prisco
2603 4142 2790 4193 more
2853 4120 3424 4212 gubernationem
3486 4119 3800 4206 iniisset,
3859 4125 3930 4191 et

840 4239 1333 4332 Sigismundus
1400 4241 1552 4312 Rex
1616 4241 2015 4332 propediem
2089 4262 2163 4314 se
2235 4243 2532 4333 Pragam
2596 4247 2968 4314 venturum
3043 4247 3112 4313 et
3167 4242 3486 4332 Regnum
3541 4240 3613 4311 iu
3669 4261 3930 4311 morem

840 4361 954 4433 avi
1011 4361 1239 4434 Caroli
1296 4382 1369 4432 se
1423 4360 2073 4433 administraturum
2127 4361 2598 4453 promisisset,
2655 4361 3166 4452 pollicitatione
3219 4358 3621 4432 huiusmodi
3661 4359 3771 4430 sui
3809 4359 3930 4431 ad-

839 4486 1093 4554 ventus
1148 4501 1385 4554 omnes
1440 4481 1847 4553 haeresibus
1904 4482 2176 4555 deditos
2232 4481 2694 4568 turbavisset,
2756 4481 3142 4554 ominantes
3175 4481 3235 4570 7)
3291 4485 3516 4553 sectas
3563 4480 3934 4552 exclusum

838 4602 959 4690 iri,
1019 4621 1194 4693 quae
1250 4601 1490 4673 Carolo
1536 4607 1870 4693 regnante
1906 4603 2210 4674 nondum
2253 4607 2480 4674 ortum
2517 4601 2964 4688 habuissent;
3023 4601 3516 4694 sigismundus
3571 4604 3806 4672 autem
3836 4597 3929 4687 8),

734 4739 737 4744 ·
839 4724 1005 4795 (111111
1058 4722 1194 4794 iter
1248 4743 1492 4794 versus
1545 4723 1841 4813 Pragam
1897 4723 2422 4814 pronuntiasset
2485 4727 2556 4794 et
2608 4744 2732 4812 pro
2789 4721 2900 4794 die
2956 4721 3376 4794 Nativitatis
3431 4719 3710 4792 Domini
3752 4720 3932 4790 Bru-

839 4865 999 4916 nam
1056 4843 1386 4935 oppidum
1442 4843 1793 4915 Moraviae
1848 4843 2240 4934 attigisset,
2309 4842 2782 4934 Pragcnsibus
2838 4842 2989 4914 illic
3053 4843 3325 4913 veniam
3393 4839 3794 4930 petentibus
3851 4861 3936 4911 ea

840 4967 995 5055 lege
1066 4964 1411 5056 pepercit,
1468 4968 1549 5034 ut
1604 4969 1885 5036 catenas
1940 4969 2009 5036 ct
2063 4965 2398 5056 repagula
2469 4969 2618 5035 tota
2683 4984 2768 5036 ex
2825 4964 2994 5036 urbe
3057 4963 3552 5046 dissolverent,
3630 4982 3938 5050 suosque

1060 5259 1107 5339 ¹)
1152 5279 1258 5336 per
1299 5256 1427 5320 Ed.
1474 5255 1656 5341 Lips.
1720 5256 1774 5336 2)
1820 5259 1879 5317 111
1925 5259 2121 5317 infimo
2178 5253 2330 5317 eod.
2380 5255 2576 5318 Rozr.
2643 5255 2694 5332 ³)
2753 5260 3062 5330 utrumque
3113 5249 3240 5313 Ed.
3298 5250 3476 5334 Lips.
3543 5248 3596 5327 ⁴)
3642 5251 3938 5311 saevitum

844 5371 937 5426 est
984 5357 1134 5425 Cod.
1180 5360 1372 5424 Rozr.
1424 5359 1476 5440 ⁵)
1526 5362 1815 5422 abductae
1859 5365 2013 5422 sunt.
2064 5355 2216 5422 Cod.
2262 5357 2454 5422 Rozr.
2505 5357 2557 5438 ⁶)
2605 5366 2764 5419 esset
2811 5355 2961 5421 Cocl.
3009 5354 3200 5418 Rozr.
3251 5354 3303 5435 ⁷)
3351 5356 3731 5416 ominantium
3781 5348 3938 5416 cod.

850 5463 1024 5532 Calv.
1075 5465 1127 5546 ⁸)
1177 5466 1587 5542 sigismundus
1631 5471 1828 5526 tamen
1872 5466 1999 5526 Rex
2049 5459 2200 5525 Cod.
2250 5461 2439 5525 Rozr.
