4342 6384
851 537 999 608 244
2024 559 2253 610 menn
2305 558 2765 610 unni-:emus
3378 532 3511 634 (Α.
3550 533 3643 607 D.
3686 531 3933 632 1420.)

843 763 1122 815 versum
1177 740 1488 814 fluminis
1543 741 1875 814 similiter
1909 745 2097 814 recto
2136 741 2451 830 tramite,
2509 742 2596 814 ad
2634 742 2942 833 quinque
2978 740 3313 814 milliaria
3348 741 3423 812 in
3458 741 3933 826 latitudinem,

842 883 968 953 per
1020 867 1274 934 terram
1329 863 1645 932 vocatam
1701 861 2130 934 Suderlanth
2185 861 2363 933 alias
2420 862 2720 934 Grekwen
2760 863 2837 950 ¹),
2896 865 2967 934 et
3020 861 3093 932 in
3148 860 3661 954 longitudinem
3718 883 3939 952 usque

835 983 931 1054 ad
985 981 1470 1067 Lithuaniam,
1527 979 1948 1052 includendo
2007 1001 2279 1072 semper
2332 985 2701 1072 utramque
2754 980 2977 1072 ripam
3032 980 3205 1053 dicti
3240 980 3441 1053 fluvii
3476 981 3767 1068 Memel‚
3826 1003 3937 1054 us·

847 1122 982 1193 que
1035 1101 1123 1172 ad
1175 1099 1396 1172 vitam
1459 1098 1676 1190 Regis
1741 1099 2076 1172 Poloniae
2131 1105 2202 1172 et
2256 1101 2472 1172 Ducis
2542 1099 2919 1172 Withawdi
2950 1099 3037 1188 ²).
3104 1102 3285 1173 Item
3350 1101 3692 1188 decrevit,
3762 1101 3941 1192 quod

844 1225 1092 1295 neutra
1145 1219 1449 1311 partium
1505 1218 1754 1291 debeat
1807 1219 2169 1292 aedificare
2226 1219 2299 1290 in
2356 1220 2559 1292 terris
2624 1219 3002 1310 praedictis
3066 1219 3352 1310 aliquod
3418 1219 3821 1293 aedificium
3874 1221 3943 1292 in

847 1341 996 1413 vita
1061 1339 1276 1432 Regis
1333 1343 1402 1410 et
1457 1339 1698 1410 Ducis.
1767 1339 1953 1410 Item
2015 1339 2369 1428 laudavit,
2438 1339 2621 1430 quod
2684 1345 2916 1430 partes
2980 1338 3373 1430 praedictae
3426 1323 3625 1412 inter'
3666 1361 3747 1412 se
3804 1341 3945 1413 sint

848 1467 918 1534 et
969 1463 1371 1534 remaneant
1423 1458 1588 1530 boni
1645 1461 1714 1529 et
1767 1456 1918 1530 veri
1972 1457 2202 1530 amici.
2261 1459 2442 1530 Item
2498 1458 2770 1531 remisit
2826 1479 3061 1532 omnes
3100 1458 3431 1548 iniurias,
3488 1459 3936 1549 offensiones,

847 1587 1056 1672 atque
1111 1580 1392 1665 damna,
1449 1578 1614 1649 hinc
1667 1576 1829 1650 inde
1884 1578 2405 1668 quomodolibet
2458 1578 2829 1650 commissa
2880 1583 2951 1651 et
3014 1578 3239 1650 illata.
3312 1579 3492 1652 Item
3548 1581 3945 1652 reservavit

849 1700 986 1772 sibi
1041 1696 1608 1784 declarationem,
1669 1696 2349 1788 interpretationem,
2408 1697 2469 1768 si
2526 1719 2703 1788 quae
2758 1697 2969 1770 dubia
3022 1697 3095 1768 in
3150 1701 3507 1787 posterum
3562 1719 3652 1770 ex
3698 1699 3943 1771 huius-

847 1819 1033 1892 modi
1099 1816 1448 1890 sent-eutia
1511 1816 1882 1890 orirentur.
1949 1817 2132 1890 Item
2188 1816 2531 1905 decrevit,
2602 1817 2783 1908 quod
2840 1816 3072 1889 omnia
3124 1817 3479 1908 praedicta
3532 1823 3603 1890 et
3658 1817 3946 1910 singula

849 1943 919 2012 et
973 1937 1336 2030 quodlibet
1397 1935 1974 2028 praemissorum,
2041 1941 2280 2027 partes
2346 1936 2483 2008 sibi
2548 1937 2861 2016 invicem,
2904 1936 3304 2025 observare,
3372 1941 3829 2010 manutenere
3882 1941 3948 2010 et

850 2059 1207 2130 attendere
1243 2061 1642 2144 teneantur,
1704 2057 1834 2128 sub
1873 2077 2096 2147 poena
2133 2057 2366 2129 decem
2408 2056 2709 2128 millium
2750 2077 3133 2129 marcarum
3170 2057 3444 2148 argenti
3480 2056 3674 2148 puri,
3734 2079 3944 2149 qnam

850 2177 1160 2249 incurret
1213 2175 1567 2267 quaelibet
1620 2197 1783 2266 pars
1822 2175 1896 2248 in
1934 2175 2317 2248 cuiuslibet
2353 2175 2639 2248 articuli
2675 2173 3079 2247 violatione.
3138 2175 3319 2248 Item
3373 2176 3715 2264 decrevit,
3774 2182 3859 2248 ut
3888 2175 3947 2264 ³)

851 2295 1184 2370 Poloniae
1247 2296 1403 2367 Rex
1467 2299 1773 2367 castrum
1838 2297 2295 2387 Iaszyenyecz
2361 2296 2545 2368 infra
2608 2295 2781 2366 duos
2846 2315 3119 2367 menses
3171 2294 3544 2368 restituero
3598 2299 3945 2368 teneatur.

851 2418 962 2488 Ex
1015 2417 1146 2487 hac
1201 2414 1438 2504 itaque
1493 2414 1844 2488 sententia
1899 2421 1970 2486 et
2025 2415 2177 2487 eius
2244 2415 2564 2489 articulis
2630 2435 2843 2505 supra
2908 2413 3313 2505 descriptis,
3380 2413 3685 2506 quilibet
3738 2435 3949 2488 sanae

852 2535 1105 2608 mentis
1161 2534 1393 2606 iustus
1449 2541 1518 2606 et
1572 2534 1874 2626 diligens
1937 2535 2229 2606 rimator
2290 2536 2551 2626 poterit
2614 2533 3157 2625 deprehendere,
3224 2533 3463 2606 videre
3526 2538 3598 2605 et
3659 2534 3951 2625 palpare

853 2655 1213 2729 sinistram
1269 2657 1571 2726 mentem
1628 2653 2064 2746 Sigismundi
2119 2655 2590 2727 Romanorum
2644 2653 2887 2746 Regis,
2944 2654 3030 2724 In
3086 2653 3391 2724 favorem
3439 2652 3626 2725 enim
3664 2652 3950 2726 Ordinis

853 2775 1168 2867 singulos
1225 2775 1366 2846 fere
1420 2771 1756 2844 articulos
1819 2773 2261 2863 pronuntiat:
2326 2772 2609 2864 singula
2663 2793 2856 2860 vero,
2922 2792 3097 2863 qnae
3166 2793 3290 2862 pro
3354 2773 3547 2865 Rege
3612 2773 3955 2848 Polom'ae

853 2897 1078 2967 facere
1131 2893 1494 2979 debuerat,
1553 2896 1674 2963 aut
1729 2891 2109 2982 supprimit
2161 2896 2286 2963 aut
2340 2891 2671 2980 destruit,
2732 2891 3101 2965 ostendens
3154 2911 3279 2981 per
3330 2913 3569 2966 omnes
3606 2893 3749 2966 fere
3786 2913 3949 2966 con-

855 3013 1157 3086 ditiones
1213 3017 1283 3084 et
1338 3011 1706 3098 articuloS,
1765 3011 1949 3101 quod
2003 3031 2142 3082 non
2196 3011 2457 3084 arbiter
2502 3031 2725 3103 neque
2756 3011 2820 3098 ⁴)
2876 3010 3089 3082 iudex
3145 3010 3374 3084 fuerat
3426 3011 3771 3103 partium,
3829 3013 3955 3085 sed

855 3133 1091 3225 potius
1145 3131 1369 3222 partis
1425 3129 1884 3202 Crucifericae
1937 3135 2275 3221 patronus
2332 3135 2401 3202 et
2449 3131 2851 3202 advocatus
2908 3131 3165 3202 Datum
3202 3129 3707 3204 Wratislaviae
3742 3133 3955 3204 Anno

857 3251 1140 3326 Domini
1195 3249 1572 3321 Millesimo
1629 3249 2318 3341 quadringentesimo
2375 3249 2736 3336 vicesim0,
2796 3252 2997 3320 sexta
3050 3248 3163 3322 die
3216 3249 3532 3322 Ianuarii
3548 3273 3565 3338 ;
3622 3271 3953 3341 praesen-

857 3372 1048 3445 tibus
1102 3369 1501 3442 reverendis
1555 3370 1628 3441 in
1685 3368 1960 3441 Christo
2015 3369 2335 3460 patribus
2390 3368 2724 3454 dominiS,
2800 3367 3053 3440 Iacobo
3120 3368 3642 3459 Spoletanensi,
3700 3369 3951 3442 Ferdi-

857 3491 1084 3563 nando
1139 3490 1440 3562 Lucensi
1477 3489 1858 3580 episcopiS,
1901 3488 2345 3560 Sanctissimi
2384 3488 2664 3559 Domini
2702 3487 2925 3558 nostri
2964 3487 3232 3559 Summi
3270 3488 3633 3560 Pontificis
3671 3488 3963 3561 Domini

857 3609 1144 3682 Martini
1197 3610 1428 3699 Papae
1482 3608 1716 3699 quinti
1769 3606 2094 3694 Nuntiis;
2162 3607 2445 3679 domino
2510 3609 3043 3680 Bartholomaeo
3110 3606 3631 3699 archiepiscopo
3692 3607 3959 3681 Medio-

857 3728 1162 3816 lanensi,
1222 3727 1520 3820 Georgio
1577 3726 2017 3812 Pataviensi,
2076 3727 2429 3818 imperiali
2476 3727 2936 3814 Cancellario,
2994 3725 3309 3798 Cunrado
3350 3727 3957 3816 wratislaviensi,

858 3851 1168 3921 Iohanne
1223 3846 1831 3936 Brandeburgensi
1889 3846 2269 3937 episcopie,
2329 3851 2397 3919 et
2445 3846 2739 3938 Georgio
2778 3847 3155 3938 Magistro,
3218 3847 3531 3919 Iohanne
3568 3847 3865 3920 Stockes
3894 3848 3959 3936 5)

859 3969 1124 4058 Legum
1179 3969 1504 4053 Doctore,
1565 3965 1994 4038 serenissimi
2049 3966 2406 4057 Principis
2464 3967 2743 4038 Domini
2798 3967 3087 4039 Henrici
3136 3965 3475 4038 Franciae
3512 3966 3961 4058 Angliaeque

861 4084 1077 4176 Regis
1143 4083 1606 4156 ambasiatore
1636 4083 1730 4172 ⁶),
1807 4105 1886 4156 ac
1952 4085 2357 4158 illustribus
2430 4086 2879 4177 Principibus
2946 4087 3237 4159 Alberto
3310 4087 3501 4158 Duce
3574 4086 3958 4173 Saxoniae,

864 4203 1060 4276 Sacri
1125 4202 1422 4275 Romani
1485 4202 1774 4293 Imperii
1838 4204 2432 4292 Archimarsalco,
2502 4210 2570 4277 et
2632 4205 2987 4278 Friderico
3052 4205 3449 4279 Marchione
3512 4205 3961 4278 Brandebur·

860 4322 1092 4416 gensi,
1151 4321 1458 4395 eiusdem
1515 4321 1712 4394 Sacri
1764 4323 2064 4394 Romani
2120 4323 2410 4414 Imperii
2468 4325 3063 4397 Archicamerario
3119 4331 3190 4398 et
3226 4324 3618 4416 Burgrabio
3658 4325 3961 4399 Nurem-

861 4441 1212 4533 bergensi,
1270 4441 1716 4532 Principibus
1771 4441 2250 4530 ElectoribuS,
2310 4464 2437 4515 nec
2489 4465 2627 4515 non
2684 4444 2984 4516 Henrico
3042 4445 3307 4517 Comite
3361 4444 3690 4516 Palatino
3728 4444 3966 4518 Rheni

865 4567 935 4634 et
989 4563 1181 4634 Duce
1237 4560 1610 4648 Bavariae,
1672 4560 1982 4633 Iohanne
2021 4562 2104 4632 de
2143 4562 2517 4646 Rathibor,
2585 4565 3013 4636 Przemkone
3074 4565 3159 4636 de
3223 4565 3534 4653 Tropaw‚
3600 4564 3965 4637 Ludovico

864 4682 948 4753 de
1002 4683 1230 4772 Brega
1285 4685 1354 4752 et
1407 4680 1492 4752 de
1545 4678 1888 4770 Legnicz‚
1947 4680 2259 4752 Iohanne
2314 4681 2398 4753 de
2453 4683 2935 4774 Muusterberg
2966 4683 3053 4771 ⁷),
3110 4683 3507 4772 Rumpoldo
3561 4683 3647 4754 de
3702 4683 3964 4776 Glogo-

863 4799 980 4870 via
1035 4798 1311 4884 maiori,
1371 4798 1684 4870 Cunrado
1741 4798 1928 4870 dicto
1985 4800 2357 4872 Kanthuer
2403 4800 2486 4873 de
2525 4801 2780 4872 Olesna
2807 4801 2895 4890 3),
2953 4806 3024 4873 et
3080 4801 3391 4892 Ruperto
3430 4822 3511 4873 ac
3545 4800 3967 4875 Wenceslao

1081 5087 1129 5164 ¹)
1175 5088 1607 5148 Schuderlanth
1651 5089 1802 5149 alias
1849 5090 2111 5149 Gewken
2162 5085 2313 5152 Cod.
2360 5087 2551 5151 Rozr.
2602 5088 2651 5167 ²)
2700 5089 3026 5166 wythaldi.
3078 5083 3230 5150 Cod.
3274 5083 3450 5150 Calv.
3501 5087 3553 5168 ³)
3602 5091 3765 5166 quod
3814 5085 3968 5153 Cod.

867 5185 1058 5249 ΕΟΖ-ν.
1122 5187 1172 5266 ⁴)
1219 5195 1324 5249 aut
1369 5185 1521 5252 cod.
1570 5188 1762 5252 Rozr.
1831 5187 1880 5268 ⁵)
1930 5190 2195 5253 Stukkes
2254 5187 2404 5252 Cod.
2452 5189 2629 5252 Kost.
2685 5191 2933 5251 Stokccs
2992 5187 3142 5252 Cod.
3200 5189 3390 5252 Rozr.
3456 5189 3509 5269 ⁸)
3557 5193 3757 5268 legato
3816 5189 3969 5256 cod.

868 5287 1061 5366 Rozr.
1113 5289 1162 5369 ⁷)
1209 5293 1605 5369 Misterbergk
1653 5288 1804 5354 Cod.
1852 5291 2028 5354 Kost.
2079 5293 2130 5371 ⁸)
2182 5295 2425 5354 Oliesna
2472 5287 2625 5355 Cod.
2672 5291 2849 5354 Kost.
2896 5294 3195 5354 Oleschna
3244 5289 3396 5358 Cod.
3442 5291 3633 5362 Rozr.
