4342 6384
887 509 1035 581 642
2025 529 2252 583 mnan
2304 526 2813 583 nuonncnms.
3418 502 3555 605 (Α.
3608 503 3704 579 D.
3753 501 4008 602 mo.)

885 715 1067 788 Gara
1121 715 1427 807 capitur,
1503 715 1704 788 cuius
1760 717 2077 788 custodia
2142 716 2412 789 Simoni
2485 716 2812 808 Agriensi
2886 716 3239 807 episcop0,
3314 712 3708 785 Laurentio
3800 713 4002 784 Pala-

880 835 1028 906 tino
1085 839 1154 907 et
1206 835 1501 907 Nicolao
1556 835 1949 908 Fristaczki
2005 837 2396 907 mandatur.
2456 835 2548 906 Et
2601 856 2687 907 ne
2742 839 3023 926 propter
3077 834 3420 905 defectum
3478 833 3763 904 veteris
3818 853 4001 902 coro·

880 976 1008 1026 nae
1062 954 1423 1028 differatur
1476 954 1857 1027 Wladislai
1919 956 2136 1047 Regis
2193 955 2582 1043 coronati0‚
2642 955 2984 1041 sancitur,
3042 959 3122 1025 111
3178 974 3430 1024 corona
3483 954 3568 1024 de
3612 953 3866 1043 capite
3902 973 4001 1022 re-

882 1074 1263 1165 liquiarum
1320 1074 1561 1147 Sancti
1618 1075 1957 1166 Stephani
2011 1076 2231 1167 Regis
2288 1080 2603 1165 accepta,
2662 1080 2731 1146 et
2768 1074 2955 1146 omni
2994 1074 3257 1146 virtute
3296 1073 3408 1145 illi
3446 1094 3662 1146 verae
3707 1094 4005 1144 coronae

882 1194 1255 1282 attributa,
1314 1216 1487 1285 opus
1543 1196 1944 1285 perficiatur
1996 1196 2488 1267 coronationis,
2547 1195 2842 1267 Molesta
2896 1195 3034 1266 fuit
3081 1194 3470 1266 Wladislao
3510 1193 3704 1284 Regi
3744 1199 3826 1264 et
3866 1215 4000 1263 om-

887 1314 1093 1386 nibus
1143 1314 1566 1386 consiliariis
1615 1315 1946 1387 Poloniae
2008 1315 2259 1407 RegiS,
2325 1315 2641 1387 Ladislai
2704 1315 2787 1386 de
2853 1314 3036 1387 Gara
3100 1313 3510 1405 captivitaS,
3582 1320 3748 1384 tum
3825 1314 4002 1403 quod

886 1434 1092 1505 illum
1148 1433 1285 1505 sibi
1342 1438 1499 1524 post
1553 1435 1971 1524 praestitum
2027 1434 2495 1507 iuramentum
2550 1435 2825 1507 fidelem
2866 1434 3367 1506 existimabant
3422 1435 3794 1520 futurum,
3857 1439 3999 1504 tum

887 1554 1070 1644 quod
1124 1554 1367 1625 literas
1425 1553 1825 1626 securitatis
1881 1553 2017 1625 sibi
2074 1574 2440 1627 concessas
2495 1554 2899 1625 huiusmodi
2956 1554 3366 1645 captivitate
3424 1554 3723 1625 dolebat.
3781 1554 3999 1625 viola-

884 1676 1033 1743 tum
1089 1672 1200 1744 iri.
1258 1673 1315 1742 E
1372 1672 1672 1765 vestigio
1728 1673 1965 1763 itaque
2005 1675 2080 1763 ¹),
2140 1678 2513 1764 antequam
2569 1674 3010 1765 congregatio
3067 1677 3252 1744 esset
3282 1671 3344 1760 2)
3400 1673 3801 1764 dissipata,
3867 1678 3999 1743 tam

886 1793 1070 1883 apud
1135 1793 1497 1864 Praelatos
1564 1785 2007 1881 et'baroneS,
2079 1814 2286 1883 quam
2352 1793 2536 1882 apud
2610 1793 3101 1884 Hungarornm
3169 1793 3760 1864 communitatem
3830 1793 3993 1884 egit,

885 1916 965 1983 ut
1019 1933 1142 2003 pro
1196 1912 1457 1983 honore
1511 1912 2009 2003 promissorum
2065 1917 2136 1984 et
2190 1913 2553 1984 literarum
2619 1913 2963 2003 regalium
3032 1913 3347 1983 solvatur
3412 1913 3815 1985 Ladislaus
3878 1915 4002 1983 Ba-

886 2054 1019 2102 nus
1075 2053 1109 2104 e
1167 2031 1609 2122 captivitate,
1678 2031 1900 2103 satius
1966 2032 2383 2104 existimans
2449 2032 2690 2124 Regno
2759 2032 3162 2123 Hungariae
3230 2054 3436 2123 quam
3504 2034 3790 2104 honore
3852 2055 4003 2123 spo-

887 2152 1083 2238 liari3
1149 2157 1220 2223 et
1283 2151 1422 2223 nisi
1484 2153 1842 2224 relaxetur
1903 2154 2261 2242 praefatus
2328 2150 2733 2237 LadislaUS‚
2802 2151 3109 2224 declarat
3166 2173 3237 2223 so
3295 2151 3761 2224 Wladislaus
3830 2153 4002 2237 Rex,

887 2292 1013 2344 nec
1068 2272 1579 2344 coronationem
1635 2272 1861 2365 Regni
1916 2272 2324 2365 Hungariae
2380 2273 2565 2344 velle
2621 2271 3004 2363 suscipere,
3073 2293 3200 2344 nec
3254 2272 3340 2343 ad
3395 2271 3646 2363 aliqua
3717 2273 4004 2363 publica

889 2392 1168 2484 negotia
1222 2392 1653 2483 disponenda
1707 2413 1986 2481 vacare,
2045 2393 2163 2466 sed
2223 2393 2294 2463 in
2349 2391 2684 2464 Poloniae
2740 2392 3058 2484 Regnum
3116 2392 3411 2464 celerius
3449 2392 3768 2479 reverti,
3832 2393 4002 2464 mul-

890 2512 1227 2603 tipliciter
1283 2512 1523 2584 dolens
1579 2512 1652 2584 in
1690 2511 2025 2603 primitiis
2063 2513 2408 2584 adventus
2447 2511 2559 2583 sui
2596 2511 2671 2583 in
2710 2533 2834 2583 8110
2871 2512 3129 2583 honore
3167 2516 3235 2584 91
3273 2512 3406 2584 fide
3445 2516 3890 2584 temeratum
3921 2510 4001 2598 ³).

889 2633 1021 2704 His
1058 2631 1382 2723 precibus
1419 2637 1489 2703 91
1528 2631 1940 2719 terroribus,
1982 2631 2337 2723 variisque
2375 2631 2535 2703 aliis
2576 2630 3010 2703 sermonibus
3058 2635 3128 2702 et
3172 2630 3538 2702 instantiis
3582 2631 3766 2702 dum
3809 2632 3995 2702 Wla·

889 2752 1158 2824 dislaus
1196 2753 1350 2823 Rex
1388 2773 1512 2842 pro
1552 2751 1962 2823 liberatione
2001 2752 2297 2842 praefati
2354 2749 2667 2822 Ladislai
2724 2749 2902 2821 Bani
2957 2753 3302 2837 uteretur,
3347 2771 3388 2820 a
3425 2751 3870 2840 captivitate
3907 2751 4000 2822 in-

890 2871 1308 2945 tercessione
1347 2871 1568 2962 regia,
1616 2871 1826 2942 tortia
1864 2870 1975 2943 die
2010 2875 2170 2962 post
2208 2876 2567 2961 capturam
2606 2870 2937 2942 dimissus
2977 2875 3084 2941 981
3121 2891 3277 2942 cum
3314 2871 3444 2941 hac
3474 2875 3725 2943 tamen
3761 2872 3998 2943 verbo-

892 3013 1045 3063 rum
1086 2990 1581 3063 obtestatione:
1642 2992 1750 3060 Ad
1790 2992 2194 3062 mandatum
2237 2995 2465 3078 tuum,
2524 2989 3116 3062 excellentissime
3160 2989 3345 3077 Rex,
3400 2990 3834 3062 Ladislaum
3876 2993 3997 3062 Ba-

894 3134 1060 3182 num
1097 3112 1182 3183 de
1220 3110 1631 3201 captivitate
1668 3113 2103 3199 relaxamuS,
2154 3132 2357 3202 quem
2397 3111 2718 3183 novimus
2776 3110 3253 3183 insidiatorem
3310 3116 3431 3182 tuo
3489 3111 3866 3183 calcaneo,
3932 3112 4001 3183 Si

894 3231 1115 3323 igitur
1150 3231 1387 3321 aliqua
1434 3231 1727 3303 adversa
1791 3235 2031 3302 contra
2097 3238 2288 3301 tuam
2357 3229 2816 3303 Serenitatem
2883 3230 3134 3320 egerit,
3200 3234 3363 3301 tuae
3402 3230 3722 3320 imputes
3765 3232 4000 3322 potius

894 3350 1330 3438 clementiae,
1390 3372 1564 3440 quae
1622 3372 1777 3423 eum
1815 3350 1898 3422 dc
1938 3350 2199 3421 nostris
2255 3349 2576 3420 manibus
2625 3349 2914 3439 eripuit,
2972 3370 3176 3439 quam
3223 3349 3458 3435 nobis,
3510 3350 3639 3440 qui
3685 3352 4000 3423 futurum

894 3471 1152 3541 malum
1208 3470 1402 3542 brevi
1460 3470 1911 3543 exoriendum
1942 3471 2003 3557 4)
2060 3467 2474 3558 intercipere
2512 3469 3057 3542 decreveramus
3119 3469 3292 3560 Agit
3327 3469 3595 3560 gratias
3631 3470 3699 3559 5)
3758 3471 4001 3564 ingen-

893 3596 1000 3661 tes
1055 3590 1428 3662 Ladislaus
1486 3590 1568 3662 do
1627 3591 1809 3662 Gara
1863 3588 2256 3660 Wladislao
2313 3589 2522 3681 Regi,
2581 3589 2776 3659 nullo
2814 3593 3016 3679 pacto
3055 3593 3254 3659 tanta
3292 3589 3444 3662 eius
3482 3590 3849 3663 beneficia
3885 3615 4003 3662 un-

894 3730 1100 3798 quam
1158 3709 1229 3780 111
1288 3731 1360 3781 89
1390 3710 1452 3796 ⁰)
1509 3707 1847 3779 moritura
1911 3708 2439 3799 repromittenS,
2509 3708 2890 3799 profitendo
2951 3707 3102 3779 eius
3158 3710 3588 3781 authoritate
3646 3717 3725 3781 et
3783 3711 4000 3784 inter-

894 3829 1206 3901 cessione
1259 3828 1561 3918 primum
1620 3849 1694 3899 89
1750 3828 1969 3916 vitae,
2028 3827 2276 3900 deinde
2331 3827 2644 3899 libertati
2700 3827 3132 3900 restitutum.

1336 4181 1771 4270 nugatorum
1816 4182 2081 4254 decreta
2125 4182 2296 4253 circa
2343 4182 2773 4253 coronandum
2818 4182 3233 4253 wladislaum
3277 4182 3533 4270 negem.

1106 4430 1422 4502 Secunda
1485 4428 1744 4500 mensis
1811 4428 2015 4515 Iulii,
2086 4430 2282 4499 Bano
2348 4428 2675 4499 Ladislao
2731 4428 2814 4500 de
2870 4429 3280 4520 captivitate
3341 4431 3696 4518 relaxato,
3761 4432 4001 4523 dispo-

896 4557 1075 4622 nunt
1129 4558 1198 4623 et
1252 4551 1630 4622 decernunt
1676 4547 1985 4620 Praelati
2022 4553 2091 4619 et
2127 4549 2420 4619 barones
2459 4548 2863 4640 Hungariae
2900 4548 3378 4621 conclusiones
3417 4554 3666 4621 certas,
3730 4551 3995 4637 Prima,

898 4681 977 4742 ut
1032 4672 1303 4743 defectu
1359 4674 1427 4740 et
1480 4668 1874 4758 receptione
1929 4688 2220 4740 coronae
2259 4668 2515 4741 veteris
2554 4690 2690 4739 non
2729 4670 3082 4757 obstante,
3142 4674 3507 4741 coronetur
3544 4669 3996 4741 Wladislaus

899 4792 1051 4863 Rex
1109 4790 1182 4860 in
1238 4790 1498 4879 Regem
1555 4787 1960 4879 Hungariae
2014 4787 2123 4860 die
2180 4787 2540 4859 Dominico
2598 4788 2836 4861 Sancti
2893 4789 3135 4860 Alexii
3191 4789 3678 4880 subsequenti,
3740 4811 3997 4860 corona

899 4911 983 4982 de
1038 4911 1240 4982 theca
1293 4907 1545 4998 capitis
1603 4908 1842 4979 Sancti
1899 4907 2237 4998 Stephani
2284 4908 2502 4999 Regis
2538 4908 2746 4998 primi
2785 4909 3191 5000 Hungariae
3230 4908 3584 4981 sumenda.
3646 4909 3992 4997 Secunda,

1118 5199 1161 5279 ¹)
1211 5201 1391 5277 igitur
1438 5195 1589 5262 Cod.
1634 5196 1854 5261 Przez.
1917 5196 1969 5279 ²)
2016 5203 2143 5259 erat
2187 5197 2313 5260 Ed.
2361 5195 2541 5281 Lips.
2607 5199 2654 5278 ³)
2701 5200 2761 5258 in
2805 5200 2994 5275 primo
3053 5200 3309 5259 adventu
3365 5217 3472 5259 suo
3517 5219 3583 5259 se
3628 5201 3689 5259 111
3734 5220 3847 5261 8110
3895 5201 3993 5261 ho·

900 5324 1042 5366 nore
1088 5310 1147 5365 et
1188 5304 1304 5364 fide
1347 5309 1692 5364 temeratum
1739 5323 1888 5364 esse.
1943 5299 2094 5373 Cod.
2144 5301 2279 5364 Lis.
2329 5300 2380 5380 ⁴)
2428 5305 2784 5363 exoriturum
2840 5300 2990 5367 God.
3039 5301 3214 5365 Kost.
3267 5301 3320 5382 ⁵)
3363 5307 3562 5378 grates
3613 5299 3767 5364 Cod.
3817 5301 3999 5364 Kost.

904 5406 956 5490 ⁶)
1005 5408 1164 5484 apud
1209 5427 1274 5467 se
1323 5403 1475 5469 Cod.
1523 5404 1697 5468 Kost.
