4342 6384
870 546 968 622 48
2037 569 2265 624 nnana
2317 565 2775 624 nunnomus.
3433 543 3567 650 (Α.
3605 551 3697 626 D.
3740 547 3960 651 1410.)

868 752 1143 845 gularia
1208 755 1587 828 certamina
1640 757 1916 845 fierent,
1974 755 2256 828 nonnisi
2311 761 2543 830 tamen
2597 756 2796 848 signo
2851 777 2892 827 a
2947 756 3138 849 Rege
3193 761 3508 847 accepte,
3566 779 3726 830 cum
3771 759 3962 831 hoste

870 874 1234 948 decernere
1288 874 1657 947 honestum
1712 875 2033 949 ducebat.
2104 876 2526 947 Polonorum
2582 875 2846 947 milites
2903 875 3432 948 obstinaverant
3485 876 3790 965 animos,
3845 885 3966 949 aut

867 995 1178 1082 vincere,
1236 997 1357 1065 aut
1420 994 1620 1065 mori.
1676 995 2105 1067 Prnthenica
2168 994 2354 1067 acies
2419 1015 2559 1066 non
2623 1002 2765 1066 tam
2833 999 3234 1068 constantes
3299 995 3568 1068 animos
3623 995 3962 1083 induerat,

865 1114 1065 1185 velut
1129 1113 1203 1185 in
1268 1135 1404 1204 qua
1468 1113 1811 1186 colluvies
1877 1112 2232 1186 variarum
2295 1113 2699 1206 linguarum
2771 1117 2982 1204 atque
3045 1115 3443 1202 nationum,
3510 1116 3720 1188 turba
3773 1138 3964 1208 prae-

867 1238 1059 1307 terea
1097 1235 1151 1323 ¹)
1206 1233 1795 1321 mechanicorum,
1853 1233 2196 1321 lixarum,
2255 1237 2464 1324 atque
2503 1234 2857 1321 calonum,
2913 1233 3102 1306 bello
3143 1233 3456 1323 inutilis,
3515 1235 3961 1308 consistebat.

869 1355 1024 1427 Rex
1079 1353 1317 1444 itaque
1356 1357 1665 1424 armatus
1722 1374 1977 1444 equum
2014 1353 2453 1440 conscendit,
2512 1358 2582 1424 et
2619 1353 2942 1425 omnibus
2981 1339 3380 1445 insignibus
3417 1354 3632 1446 regiis
3667 1354 3960 1442 relictiS,

868 1477 1144 1564 praeter
1196 1472 1301 1559 id,
1368 1473 1551 1562 quod
1614 1493 1872 1563 parvae
1939 1472 2360 1562 quantitatis
2425 1471 2736 1564 signum,
2812 1472 2972 1543 alba
3037 1472 3276 1562 aquila
3347 1472 3732 1562 intextum,
3807 1478 3964 1547 ante

868 1593 1075 1664 illum
1129 1592 1590 1679 deferebatur,
1656 1591 1745 1663 ad
1806 1592 2187 1664 videndum
2249 1591 2580 1664 hostilem
2645 1590 3030 1662 exercitum
3095 1590 3170 1662 in
3234 1591 3600 1665 editiorem
3663 1597 3964 1666 montem

867 1711 1244 1803 processit,
1302 1717 1513 1802 atque
1566 1710 1643 1782 in
1697 1711 1947 1783 collem
2004 1733 2219 1783 unum
2275 1709 2462 1783 inter
2497 1710 2633 1781 duo
2688 1731 2970 1783 nemora
3025 1709 3273 1799 situm,
3330 1712 3634 1803 planicie
3691 1731 3963 1804 quoque

868 1833 1065 1924 larga
1118 1833 1487 1917 refertum,
1555 1851 1643 1902 ex
1700 1851 1835 1920 quo
1892 1830 2121 1904 facilis
2191 1835 2262 1904 et
2313 1831 2564 1921 plenus
2628 1833 2903 1920 poterat
2954 1830 3198 1903 haberi
3261 1831 3336 1903 in
3388 1833 3627 1904 hostes
3683 1853 3961 1922 prospe-

870 1958 1059 2041 ctus,
1116 1951 1620 2039 conscendenS,
1680 1949 1902 2022 oculis
1958 1950 2183 2042 magis
2251 1971 2456 2040 quam
2510 1948 2782 2022 ratione
2837 1971 3004 2021 suas
3069 1955 3138 2022 ot
3190 1950 3502 2022 hostium
3557 1952 3744 2024 vires
3797 1973 3962 2042 pen-

872 2091 1068 2158 sam,
1127 2069 1477 2142 interdum
1532 2070 1754 2157 laeta,
1811 2070 2163 2142 interdum
2220 2068 2459 2142 tristia
2514 2068 2652 2141 sibi
2707 2069 3169 2142 ominabatur.
3245 2070 3654 2160 Quantitate
3715 2070 3965 2142 hostili

872 2191 959 2262 ad
1014 2190 1409 2263 satietatem
1465 2190 1963 2280 contemplata,
2031 2189 2105 2261 in
2160 2187 2490 2260 inferiora
2553 2188 2944 2276 descendit,
3015 2194 3086 2261 et
3148 2209 3475 2282 magnum
3540 2190 3963 2262 Polonorum

870 2330 1235 2382 numerum
1306 2309 1537 2380 balteo
1618 2308 1914 2380 militari
1995 2308 2314 2399 cingenS,
2401 2329 2482 2380 ac
2553 2308 2812 2381 eisdem
2883 2309 3196 2380 bellandi
3267 2309 3697 2382 incentivum
3749 2309 3965 2382 ’brevi

873 2429 1151 2521 quidem
1208 2428 1329 2501 sed
1364 2427 1564 2520 gravi
1620 2447 1931 2500 sermone
1985 2427 2394 2516 infundenS‚
2451 2431 2522 2500 et
2559 2450 2775 2499 unum
2816 2447 3158 2520 quemque
3213 2448 3379 2500 suae
3425 2429 3800 2519 probitatis
3847 2429 3964 2500 ad-

872 2569 1190 2636 monenS,
1248 2546 1753 2620 confessionem
1809 2546 2226 2636 facinorum,
2296 2567 2503 2638 eque,
2561 2551 2641 2618 ut
2694 2552 2875 2636 erat,
2943 2547 3290 2636 insidenS‚
3356 2548 3543 2639 apud
3593 2547 3966 2620 Nicolaum

870 2666 1520 2741 vicecancellarium
1575 2666 1804 2759 Regni
1859 2667 2196 2740 Poloniae
2248 2665 2635 2738 innovavit.
2694 2666 2962 2738 Mutato
3019 2666 3268 2738 deinde
3324 2687 3532 2757 equo,
3591 2665 3964 2757 spadonem

870 2789 1117 2860 fortem
1172 2791 1243 2860 et
1278 2787 1676 2875 robustum,
1736 2807 1823 2859 ex
1872 2787 2192 2858 millibus
2247 2787 2580 2873 electum,
2639 2786 2892 2857 coloris
2949 2785 3248 2874 subrufi,
3305 2786 3484 2858 alias
3538 2785 3846 2876 Ozisawy
3875 2785 3964 2874 ²),

871 2907 1231 2998 exiguam,
1288 2911 1707 2997 tenuemque
1760 2907 2131 2978 habentem
2197 2905 2270 2975 in
2325 2905 2552 2977 fronte
2607 2905 2995 2992 calvitiem,
3063 2905 3497 2992 conscendit,
3551 2906 3964 2998 galeamque

871 3024 1073 3115 petit.
1132 3024 1283 3115 Qua
1336 3024 1603 3112 oblata,
1672 3021 2131 3115 manibusque
2194 3023 2394 3094 illam
2459 3028 2702 3095 tenens
2733 3021 2821 3113 ³),
2887 3023 2973 3094 ad
3029 3023 3398 3096 Nicolaum
3467 3024 3964 3096 vicecancella-

872 3143 1058 3215 rium
1124 3143 1351 3236 Regni
1404 3142 1737 3216 Poloniae
1800 3143 2127 3214 mandata
2191 3141 2391 3229 facit,
2458 3163 2751 3233 eumque
2815 3163 2972 3214 cum
3037 3143 3340 3234 singulis
3401 3142 3832 3234 presbyteris
3895 3149 3968 3215 et

872 3263 1203 3351 notariiS,
1262 3265 1669 3352 caeteraque
1721 3262 1929 3334 turba
1982 3260 2255 3334 imbelli
2321 3266 2391 3333 et
2445 3262 2533 3333 ad
2585 3282 2893 3354 pugnam
2947 3261 3222 3350 inutili,
3289 3263 3376 3334 ad
3430 3283 3675 3335 currus
3738 3262 3842 3334 ire
3897 3268 3966 3334 et

874 3402 1080 3452 suum
1135 3381 1543 3469 adventum,
1602 3381 1881 3454 aciebus
1936 3381 2378 3472 compositis,
2435 3381 2740 3452 fiendum
2789 3381 3046 3474 operiri
3100 3382 3316 3454 iubet.
3377 3381 3740 3454 Sancitum
3779 3381 3966 3453 enim

870 3503 1097 3574 fuerat
1150 3504 1415 3573 secreto
1472 3505 1543 3573 et
1596 3501 1863 3574 salubri
1916 3500 2246 3589 consili0,
2304 3500 2567 3592 Regem
2621 3522 2760 3573 non
2815 3501 3094 3591 prodire
3146 3501 3219 3573 in
3257 3499 3511 3592 praelii
3565 3499 3963 3588 discrimen,

871 3621 992 3692 sed
1046 3619 1401 3693 continere
1456 3641 1530 3693 se
1583 3620 1769 3692 inter
1820 3641 2063 3692 currus
2120 3625 2194 3693 et
2247 3624 2500 3692 castra.
2558 3620 2990 3711 Impleturus
3045 3619 3283 3712 itaque
3338 3619 3774 3692 Wladislans
3830 3621 3964 3691 Po-

868 3740 1188 3812 lonorum
1242 3740 1397 3812 Rex
1454 3761 1735 3812 suorum
1800 3739 2358 3813 consiliariorum
2423 3739 2808 3827 decretum,
2877 3739 3248 3811 Nicolaum
3315 3738 3968 3812 vicecancellarium

870 3859 958 3930 ad
1014 3863 1243 3931 castra
1295 3859 1565 3949 praeire
1618 3859 1847 3947 iubet,
1906 3879 2098 3949 spem
2154 3859 2239 3930 de
2295 3858 2600 3930 adventu
2655 3880 2782 3930 suo
2839 3864 2909 3930 et
2961 3858 3115 3950 ipse
3168 3858 3541 3949 pollicens,
3597 3879 3684 3930 ne
3737 3857 3968 3929 redire

872 3983 945 4050 et
997 3977 1181 4069 ipse,
1240 3977 1303 4048 si
1357 3977 1691 4068 subsequi
1746 3999 1885 4049 nou
1941 3999 2134 4068 spem
2189 3977 2504 4064 fecisset,
2561 3976 3121 4050 consiliariorum
3172 3977 3520 4069 impulsu,
3577 3977 3664 4048 ad
3718 3997 3968 4048 currus

872 4101 1257 4188 cogeretur.

958 4455 1265 4546 nagister
1308 4455 1601 4528 frantiae
1645 4429 1925 4542 Ulricus,
1988 4456 2470 4545 contemplatus
2515 4473 2702 4527 suum
2761 4459 2831 4527 ot
2874 4456 3178 4527 hostilem
3223 4457 3580 4528 exercitum
3599 4511 3617 4542 ,
3661 4437 3881 4526 fundit

957 4577 1283 4663 lacrimas,
1333 4579 1402 4648 ot
1448 4577 1527 4647 ob
1568 4576 1634 4647 id
1681 4592 1722 4647 a
1750 4575 2276 4647 comendam«,
2320 4575 2687 4665 Elbingensi
2731 4576 3035 4646 wernero
3077 4576 3454 4672 rhetingen,
3483 4575 3877 4664 obiurgator.

1078 4812 1221 4885 Sub
1259 4812 1389 4885 hoc
1426 4811 1759 4903 temporis
1781 4812 1843 4900 4)
1901 4812 2127 4903 spatio
2166 4811 2627 4885 cruciferious
2665 4811 3002 4904 Magister
3037 4811 3324 4885 Ulricus
3381 4811 3465 4884 de
3501 4809 3850 4902 Iuningen
3871 4810 3964 4899 5),

869 4933 1035 5004 dum
1104 4932 1333 5026 regias
1398 4937 1469 5004 et
1532 4953 1696 5004 suas
1762 4931 1997 5023 copias
2070 4932 2144 5003 in
2205 4931 2453 5024 grandi
2517 4931 2971 5005 multitudine
3034 4930 3332 5004 vidisset
3393 4929 3834 5017 convenisse,
3893 4936 3970 5001 et

872 5052 959 5123 ad
1014 5051 1483 5124 dimicandum
1540 5051 1887 5124 accinctas
1942 5051 2016 5123 in
2072 5051 2354 5123 aciebus
2411 5055 2480 5122 et
2536 5049 2896 5123 ordinibus
2951 5049 3365 5138 consistere,
3422 5049 3660 5123 ultimi
3711 5048 3964 5120 discri-

1090 5320 1135 5401 ¹)
1183 5341 1417 5398 quoque
1459 5320 1586 5384 Ed.
1618 5321 1800 5405 Lips.
1848 5320 1900 5401 2)
1946 5323 2184 5396 cisawy
2231 5315 2382 5382 C'od.
2413 5318 2590 5384 Kost.
2639 5319 2692 5400 ³)
2738 5321 2928 5395 Quam
2973 5322 3228 5382 oblatam
3271 5322 3543 5382 manibus
3579 5324 3787 5382 tenens
3831 5317 3966 5382 Ed.

872 5419 1116 5506 Lips.⁴)
1160 5424 1278 5484 diei
1320 5421 1445 5486 Ed.
1478 5423 1659 5507 Lips.
1710 5423 1762 5502 ⁶)
1806 5425 2055 5500 Iunigen
2098 5420 2227 5484 Ed.
2273 5420 2454 5506 Lips.
