4342 6384
363 534 499 635 (Α.
537 535 627 611 D.
670 533 921 635 1433.)
1545 561 1771 613 mnan
1824 562 2284 615 unnncmus.
3307 538 3452 610 507

446 866 707 939 Privata
751 867 1146 957 quorundam
1189 867 1565 941 Polonorum
1610 868 1963 941 erudelitas
2005 869 2075 939 in
2107 870 2405 957 upum
2434 868 2773 940 conmissa
2816 869 3163 956 ignorante
3206 869 3369 940 duee

861 987 1212 1073 exereitus,
1259 1004 1504 1060 summa
1546 988 1959 1061 humanitate
2012 987 2222 1077 ipsius
2263 987 2448 1059 ducis
2491 990 2968 1078 compensatur.

565 1228 780 1317 Capta
834 1226 1005 1297 urbe
1061 1226 1337 1298 Tsczow
1393 1231 1605 1317 atque
1682 1226 1839 1317 igne
1904 1225 2165 1311 deleta,
2233 1246 2470 1297 omues
2525 1225 3027 1299 cruciferorum
3083 1232 3328 1318 gentes
3383 1232 3454 1300 et

360 1344 803 1438 stipendiarii
858 1349 927 1419 et
963 1344 1173 1417 multi
1226 1344 1352 1417 alii
1389 1346 1719 1417 mortales
1774 1344 1849 1415 in
1884 1345 2196 1437 praefato
2253 1343 2506 1435 oppido
2543 1345 2976 1431 habitantem
3035 1345 3224 1436 capti
3261 1351 3449 1419 sunt.

358 1466 716 1558 Captaque
770 1470 939 1538 tunc
994 1467 1389 1538 referuntur
1442 1465 1525 1537 de
1565 1464 1921 1549 Bohemis,
1980 1464 2296 1551 Slesitis,
2341 1464 2710 1538 Almannis
2751 1468 2820 1535 et
2859 1464 3140 1557 Pyratis
3180 1464 3450 1539 Schew-

357 1584 593 1659 kindri
648 1584 857 1657 dictis
898 1586 977 1673 ¹),
1044 1584 1343 1677 aliisque
1408 1584 1843 1673 nationibus,
1917 1585 2153 1657 decem
2219 1589 2286 1656 et
2339 1584 2644 1677 amplius
2711 1583 2968 1673 millia,
3039 1584 3161 1676 qui
3217 1606 3454 1659 omnes

359 1706 435 1779 in
488 1704 751 1778 stativa
804 1704 1225 1777 Polonorum
1281 1704 1556 1777 deducti
1600 1710 1765 1777 sunt
1820 1709 1886 1776 et
1926 1702 2302 1777 baronibus
2357 1702 2738 1776 maioribus
2793 1703 2878 1775 ad
2917 1704 3450 1779 custodiendum

340 1825 748 1898 distributi.
821 1826 1113 1897 Petente
1169 1831 1401 1897 autem
1460 1826 1771 1898 Iohanne
1824 1824 2185 1916 Czapkone
2249 1829 2320 1897 et
2375 1824 2686 1896 exercitu
2743 1823 3150 1912 Bohemico,
3220 1845 3456 1899 omnes

362 1946 654 2018 Bohemi
710 1945 781 2017 iu
838 1945 1115 2017 Tsczow
1180 1945 1366 2037 capti
1434 1944 1568 2017 sibi
1633 1944 1871 2017 donati
1928 1950 2094 2015 sunt
2124 1943 2211 2032 ²).
2292 1943 2425 2035 Qui
2481 1942 2644 2015 illos
2708 1943 2907 2035 gravi
2961 1942 3456 2036 redargutione
3525 2036 3543 2041 ᾖ

358 2064 776 2157 corripiens,
836 2066 1015 2157 quod
1083 2070 1323 2137 contra
1386 2064 1777 2165 nationems
1802 2064 2153 2155 propriam
2225 2065 2481 2135 ferrent
2535 2062 2906 2134 Almaunis
2965 2062 3330 2156 suffragia,
3387 2070 3457 2138 et

350 2186 623 2279 Regem
680 2188 889 2277 atque
945 2186 1261 2277 Regnum
1320 2183 1762 2266 Polonicum,
1820 2184 1993 2257 bene
2046 2184 2131 2255 de
2170 2204 2269 2271 se,
2325 2188 2610 2275 propter
2665 2183 2949 2276 linguae
2989 2185 3450 2273 identitatem,

356 2306 714 2391 meritum,
774 2304 1216 2378 mercenariis
1256 2304 1468 2375 armis
1508 2306 1967 2397 opugnatum,
2010 2303 2370 2375 Prussiam
2409 2304 2804 2389 venissent,
2846 2322 3106 2391 omneS,
3164 2324 3452 2378 accenso

356 2425 431 2497 iu
486 2426 709 2498 medio
768 2427 1153 2499 castrorum
1210 2445 1491 2497 suorum
1548 2445 1711 2516 rogo
1768 2424 2069 2515 ingenti,
2137 2423 2482 2514 proiectos
2539 2422 2871 2495 extinxit.
2947 2422 3159 2497 Cuius
3215 2444 3446 2498 exem-

354 2546 553 2637 plum
606 2545 811 2617 miles
866 2542 1151 2635 quidam
1205 2543 1550 2631 Polonus,
1607 2544 1954 2615 Iohannes
1995 2542 2285 2616 Strasch
2339 2542 2424 2615 de
2461 2542 2868 2632 Byalaczow
2906 2543 3252 2633 imitatus,
3309 2544 3447 2636 Py·

354 2669 545 2737 ratas
602 2662 1076 2737 Schewkindri
1140 2663 1211 2735 in
1268 2663 1620 2755 ergastulo
1690 2662 1921 2755 ligneo
1996 2664 2395 2750 conclusos,
2451 2664 2685 2753 palea,
2743 2664 3111 2755 dumisque
3167 2662 3450 2738 siccatis

355 2784 843 2858 circumdando
910 2783 1377 2875 ergastulum,
1444 2782 1723 2873 propria
1788 2783 2180 2855 temeritate
2246 2781 2628 2855 succendit.
2693 2781 2957 2855 Urente
3013 2783 3253 2875 itaque
3306 2783 3444 2875 Py-

354 2909 547 2978 ratas
598 2903 861 2995 ubique
914 2902 1223 2988 flamma,
1284 2902 1538 2975 ostium
1598 2902 1936 2994 ergastuli
2013 2904 2262 2993 (fortes
2317 2902 2500 2975 enim
2556 2902 2828 2991 viribus
2885 2907 3082 2991 sunt)
3147 2902 3444 2977 disrum-

354 3028 532 3116 punt
587 3028 656 3096 et
711 3022 1001 3096 evadere
1056 3042 1093 3095 e
1148 3022 1425 3094 flamma
1477 3023 1825 3093 nituntur.
1885 3022 2034 3094 Iam
2092 3026 2327 3095 tamen
2380 3021 2699 3113 plerique
2756 3042 2843 3095 ex
2880 3022 3194 3112 PolouiS,
3251 3022 3449 3095 velut

354 3144 441 3217 ad
498 3143 972 3235 spectaculum
1030 3141 1373 3233 quoddam
1430 3148 1903 3228 accurrentes,
1974 3142 2306 3216 salientes
2361 3162 2448 3215 ex
2505 3143 2858 3233 ergastulo
2897 3142 3194 3233 Pyratas
3259 3144 3444 3217 exci-

354 3263 641 3357 piebant
704 3262 965 3335 lanceis
1030 3265 1099 3335 et
1164 3261 1707 3348 interficiebant,
1776 3260 1991 3333 donec
2055 3262 2462 3352 capitaneus
2521 3261 2902 3349 exercitae,
2971 3262 3306 3335 Nicolaus
3361 3262 3446 3335 de

352 3383 741 3467 Michalour,
816 3380 1231 3454 crudelitate
1294 3380 1630 3452 novitatis
1695 3380 2096 3453 huiusmodi
2172 3379 2257 3451 ad
2313 3401 2469 3453 eum
2535 3382 2838 3470 perlata,
2916 3400 3316 3468 accurrens,
3376 3390 3446 3453 et

352 3502 843 3576 mactationem
907 3502 1321 3592 Pyratarum
1378 3498 1739 3590 prohibuit
1804 3504 1873 3572 et
1938 3499 2169 3592 ignem
2243 3520 2358 3572 eos
2423 3504 2782 3571 vorantem
2855 3499 3190 3572 extinxit.
3275 3501 3445 3573 Erat

350 3643 535 3695 unus
590 3642 677 3695 ex
732 3621 881 3693 illis
946 3620 1223 3693 flamma
1277 3620 1351 3691 in
1401 3618 1695 3710 pedibus
1759 3619 2084 3705 adustuS,
2161 3619 2287 3709 qui
2340 3618 2414 3691 in
2469 3618 2769 3691 vicinam
2827 3639 3111 3709 aquam,
3169 3628 3440 3692 utcum-

352 3763 487 3835 que
540 3745 845 3833 poterat,
903 3738 1309 3825 deveniens,
1367 3737 1532 3810 dum
1588 3738 1780 3810 sitim
1838 3739 2119 3829 explere
2177 3738 2721 3826 existimaretur,
2779 3738 2986 3810 undis
3043 3758 3150 3825 se,
3208 3740 3443 3812 dolore

353 3861 567 3934 nimio
624 3858 1136 3951 impatientiam
1204 3856 1811 3944 subministrante,
1880 3857 2276 3931 voluntarie
2341 3856 2731 3929 suffocavit.
2807 3856 2952 3929 Nec
3007 3857 3312 3948 amplius
3366 3859 3441 3931 in

348 3979 664 4071 captivos
720 3977 1066 4050 saevitum
1121 3981 1251 4049 est.
1338 3975 1651 4048 Feminis
1714 3983 1944 4048 autem
2012 3983 2082 4048 et
2144 3976 2461 4067 parvulis
2523 3976 2599 4047 in
2654 3978 2932 4049 Tsczow
2987 3976 3244 4067 captiS,
3301 4000 3440 4059 non

350 4100 579 4172 solum
631 4100 963 4169 honestas
1020 4095 1245 4168 omnis
1302 4100 1604 4183 servata,
1666 4096 1787 4168 sed
1845 4100 1915 4168 et
1968 4095 2260 4169 libertas
2315 4096 2570 4168 donata
2631 4100 2700 4169 et
2757 4095 2980 4168 omnis
3037 4096 3440 4171 humanitas

346 4219 662 4311 impensa
717 4222 855 4303 est3
921 4214 1269 4305 capitanei
1324 4234 1597 4306 quoque
1662 4220 1732 4287 et
1783 4216 2287 4306 praefectorum
2361 4235 2527 4289 cura
2580 4214 2881 4287 adhibiti
2945 4220 3111 4287 sunt
3173 4217 3438 4289 milites

347 4336 596 4409 Poloni
660 4337 747 4408 ad
802 4334 1213 4408 feminarum
1281 4334 1575 4405 tutelam
1640 4342 1711 4405 et
1775 4334 2196 4420 custodiam,
2265 4355 2352 4407 ne
2407 4334 2778 4425 quisquam
2833 4335 3110 4425 captivo
3166 4337 3440 4428 corpori

345 4462 471 4529 aut
526 4456 889 4543 illuderet,
948 4458 1071 4526 aut
1108 4452 1482 4543 quicquam
1520 4474 1607 4525 ex
1643 4453 1789 4541 his,
1849 4474 2023 4544 quas
2060 4474 2298 4526 secum
2352 4453 2696 4539 ferebant,
2739 4454 3072 4541 fortunis,
3114 4454 3436 4546 eriperet.

348 4574 517 4648 Fuit
572 4575 741 4647 haec
795 4572 1195 4645 humanitas
1249 4572 1537 4644 Polonis
1593 4592 1841 4664 magno
1881 4572 2256 4663 splendori.
2314 4571 2646 4646 Feminae
2683 4572 2868 4645 enim
2922 4574 3278 4663 praefatae
3315 4596 3434 4647 va-

344 4694 607 4767 riarum
662 4692 1175 4779 conditionum,
1250 4693 1415 4763 dum
1479 4691 1795 4765 viderent
1858 4712 1931 4763 se
1993 4692 2328 4765 beneficio
2392 4692 2812 4765 Polonorum
2876 4713 3014 4763 non
3071 4693 3296 4763 solum
3363 4692 3438 4765 in

344 4812 722 4905 pudicitia,
790 4812 911 4884 sed
974 4810 1186 4884 etiam
1250 4810 1325 4882 in
1380 4811 1702 4883 omnibus
1766 4811 2007 4898 rebuS,
2076 4814 2713 4902 quantumcumque
2767 4810 3158 4897 nobilibusc,
3215 4816 3433 4898 tutae,

346 4952 766 5023 securasque
821 4951 995 5018 esse,
1055 4929 1347 5001 summis
1402 4930 1731 5003 laudibus
1786 4934 2055 5001 tantam
2110 4929 2520 5003 modestiam
2558 4931 2978 5002 Polonorum
3034 4928 3432 5017 efferebant,

342 5050 773 5125 iustissimos
828 5048 993 5121 illos
1050 5048 1449 5121 arbitrando
1507 5050 1839 5135 victores,
1898 5049 2083 5141 quod
2138 5048 2224 5121 ab
2264 5048 2450 5121 omni
2506 5049 2919 5121 feminarum
2957 5049 3248 5137 iniuria,
3290 5054 3433 5123 tam

343 5192 590 5243 manus
648 5191 852 5259 quam
920 5168 1228 5240 animum
1285 5169 1825 5241 continuissent:
1901 5190 2056 5241 cum
2113 5168 2621 5241 Cruciferorum
2677 5168 3061 5256 exercituS,
3121 5169 3240 5261 qui
3297 5170 3432 5245 Re-

558 5423 605 5501 ¹)
650 5424 823 5485 dictis
868 5420 1039 5486 deest
1080 5422 1155 5485 in
1210 5422 1361 5486 C'od.
1420 5422 1595 5487 Οιιίυ.
1646 5424 1699 5503 ⁹)
1743 5425 2053 5485 donantur.
2103 5419 2257 5485 Cod.
2303 5421 2495 5487 Rozr.
