4342 6384
977 514 1128 587 650
2141 534 2367 587 mana
2418 534 2931 587 Dnonncnms.
3514 512 3649 612 (Α.
3692 512 3783 587 D.
3822 512 4030 609 1440.)

983 722 1098 811 „in
1153 727 1522 813 posterum
1576 718 1902 791 affuturis
1977 740 2247 811 semper
2309 720 2743 811 temporibus
2807 720 3158 792 universis
3197 722 3253 809 1)
3330 720 3602 813 Regum
3666 722 4028 813 Hungariae

901 920 905 925 ,
983 842 1188 931 „huic
1244 840 1760 914 succedentium
1827 840 2182 911 coronatio
2248 860 2403 911 cum
2470 844 2825 931 praetacta
2906 840 3078 928 alia,
3136 845 3309 931 puta
3374 842 3705 913 moderna
3766 842 3959 933 Regis
3981 840 4027 925 ²)

981 983 1304 1051 „corona,
1370 960 1444 1032 in
1509 980 1588 1032 ea
1653 960 2108 1046 solennitate,
2184 963 2393 1050 prout
2450 960 2737 1032 solitum
2796 964 2931 1047 est,
3000 961 3261 1051 absque
3327 961 3515 1033 omni
3579 961 4023 1033 immutatione

981 1085 1418 1174 „peragatur.
1477 1080 1819 1152 Volumus
1876 1086 2383 1171 consequenter
2438 1086 2506 1151 et
2544 1079 3055 1170 disposuimuS,
3112 1084 3193 1151 ut
3230 1083 3400 1154 haec
3446 1082 3604 1172 ipsa
3640 1102 3887 1153 corona
3918 1102 4023 1152 mo·

979 1202 1234 1291 „derna
1287 1206 1619 1292 tanquam
1673 1205 2071 1272 nostrorum
2129 1200 2471 1291 inclytum
2512 1200 2785 1291 Regum
2822 1198 3131 1291 insigne,
3190 1199 3319 1272 sub
3356 1201 3901 1293 diligentissima
3938 1221 4023 1273 cu-

979 1322 1251 1411 „stodia
1304 1321 1628 1411 deinceps
1671 1322 1992 1392 teneatur
2047 1325 2117 1391 et
2153 1320 2530 1391 honorifice
2566 1318 3031 1410 relinquatur,
3087 1324 3589 1413 reputeturque
3628 1322 3801 1393 haec
3836 1321 4023 1393 eadem

982 1462 1276 1531 „corona
1327 1441 1456 1513 illa
1507 1439 1724 1532 priori
1779 1440 2098 1526 absente,
2166 1445 2236 1511 et
2292 1439 2353 1510 si
2420 1440 2655 1512 eadem
2711 1440 3105 1531 recuperari
3158 1462 3295 1511 non
3352 1441 3646 1532 poterit,
3719 1442 4023 1513 sufficiens

979 1566 1092 1649 „et
1145 1582 1299 1633 cum
1359 1560 1875 1652 apparamentis
1931 1563 2000 1631 et
2055 1558 2219 1631 aliis
2276 1559 2674 1632 attinentiis
2732 1559 3155 1651 supratactis
3209 1581 3332 1652 per
3386 1560 3619 1633 omnia
3674 1566 4023 1652 competens

977 1681 1107 1771 „ad
1163 1680 1472 1752 omnium
1527 1682 1920 1751 futurorum
1976 1680 2247 1770 Regum
2303 1680 2817 1753 coronationem
2858 1680 3276 1769 faciendam3
3333 1682 3464 1753 hoc
3515 1686 3753 1753 tamen
3806 1681 4020 1772 specia-

976 1801 1184 1892 „liter
1247 1801 1632 1887 declarato,
1707 1798 1959 1891 quodsi
2033 1797 2328 1871 Domino
2406 1804 2817 1890 cooperante
2862 1798 3045 1891 ipsa
3118 1801 3308 1892 prior
3378 1822 3633 1873 corona
3716 1802 4019 1874 viceversa

978 1921 1416 2013 „recuperari
1468 1920 1761 2012 poterit,
1819 1921 2056 1992 eadem
2097 1920 2269 2007 suis,
2328 1920 2591 2009 decore,
2632 1921 2898 1993 virtute
2954 1927 3024 1992 et
3062 1922 3369 1995 efficacia
3406 1922 3698 1996 minime
3738 1924 4021 1994 frustrata

978 2044 1392 2133 „habeaturz
1471 2038 1782 2131 quinimo
1840 2039 2274 2113 decrevimus
2340 2040 2625 2112 eandem
2681 2040 2982 2131 pristino
3046 2042 3295 2113 honori
3347 2043 3669 2129 restitui,
3730 2048 3923 2133 atque
3964 2040 4019 2111 in

977 2163 1247 2251 „locum
1303 2160 1602 2251 priorem
1657 2159 1922 2251 reponi.
1999 2160 2101 2231 De
2165 2160 2297 2231 hac
2352 2163 2584 2232 autem
2641 2160 2968 2233 moderna
3024 2181 3273 2232 corona
3328 2166 3741 2252 supratacta
3792 2163 4017 2234 tandem

979 2282 1094 2372 „in
1149 2281 1286 2354 isto
1343 2302 1508 2353 casu
1541 2278 1602 2369 3)
1659 2279 2090 2371 disponetur,
2147 2283 2358 2371 prout
2412 2279 2761 2352 antedicto
2818 2280 3111 2352 Domino
3164 2284 3402 2353 nostro
3459 2281 3641 2374 Regi
3698 2303 3849 2354 cum
3896 2301 4015 2352 eon·

977 2402 1181 2492 „silio
1237 2404 1475 2473 nostro
1530 2399 1784 2472 utilius
1840 2399 2196 2472 videbitur
2250 2399 2600 2491 expedire.
2658 2400 2766 2473 Ne
2822 2404 3056 2473 autem
3114 2422 3200 2473 ex
3235 2405 3559 2493 respectu
3614 2408 3690 2473 et
3745 2402 4015 2491 divulga·

977 2523 1209 2611 „tione
1260 2525 1658 2614 praetactae
1723 2520 1904 2591 aliae
1969 2519 2437 2592 coronationis
2516 2519 2610 2611 (si
2675 2520 2775 2592 sic
2840 2520 3131 2592 dicenda
3185 2523 3333 2609 est)
3398 2542 3620 2612 nuper
3688 2542 3815 2613 per
3861 2539 4014 2611 prae·

975 2644 1231 2732 „fatam
1287 2639 1652 2713 Dominam
1721 2640 2096 2731 Reginam,
2175 2640 2398 2730 quoad
2464 2641 2853 2711 antelatum
2929 2640 3266 2712 infantem
3340 2640 3543 2712 nobis
3608 2660 3908 2727 exnunc,
3959 2642 4017 2707 ut

975 2761 1529 2856 „praediximus,
1589 2759 1946 2846 inutilem,
2006 2761 2230 2831 factae
2285 2763 2353 2831 et
2390 2759 2703 2846 habitae,
2762 2757 3064 2831 alicuius
3120 2759 3398 2832 dissidii
3426 2761 3491 2848 ⁴)
3548 2761 3794 2833 hocin
3823 2760 4013 2850 Regno

979 2881 1313 2972 „materia
1366 2884 1763 2973 generetur:
1842 2881 2125 2952 eandem
2193 2878 2343 2970 pari
2410 2880 2718 2965 decret0‚
2786 2884 3117 2971 tanquam
3185 2902 3361 2971 quae
3422 2885 3707 2971 praeter
3760 2878 4011 2951 omnium

981 3006 1340 3093 „nostrum
1406 3001 1840 3071 voluntatem
1906 3004 2357 3090 spontaneam
2422 3003 2703 3090 peracta
2768 3003 2905 3087 est,
2983 3000 3340 3072 irritamus
3406 3006 3479 3071 et
3532 3020 3913 3087 cassamuS,
3956 3015 4013 3067 at-

977 3121 1291 3211 „nullius
1347 3121 1670 3192 volumus
1729 3140 1881 3192 esse
1911 3118 1972 3209 5)
2038 3124 2106 3191 61
2161 3118 2300 3191 (1161
2366 3120 2713 3192 efficaciae
2776 3124 2845 3191 et
2898 3120 3213 3192 virtutis
3298 3120 3700 3209 Postrem0,
3760 3126 3837 3192 111
3882 3121 4011 3189 haec

976 3242 1248 3331 „omnia
1301 3240 1715 3331 praemissa,
1776 3244 2106 3330 tanquam
2161 3239 2466 3311 utilitati
2521 3245 2804 3311 nostrae
2860 3240 3209 3311 communi
3263 3239 3337 3311 in
3374 3240 3771 3330 praesentis
3824 3256 4010 3310 neces·

975 3361 1253 3452 „sitatis
1308 3368 1616 3451 tempore
1683 3379 1805 3451 per
1859 3359 2090 3431 omnia
2154 3380 2490 3451 congrua,
2554 3360 2766 3431 robur
2820 3360 3181 3432 obtineant
3244 3363 3621 3451 perpetuae
3678 3356 4009 3439 firmitatis

973 3504 1100 3571 „ne
1154 3502 1462 3571 unquam
1518 3478 1911 3572 aliquorum
1975 3479 2216 3571 pravis
2248 3479 2310 3567 6)
2375 3479 2741 3552 conatibus
2809 3479 3046 3552 eadem
3100 3478 3465 3553 retractari
3528 3480 3647 3551 vel
3706 3474 4011 3552 immutari

975 3602 1333 3691 „valeant‚
1413 3598 1792 3671 statuimus
1866 3604 1936 3671 et
2007 3598 2220 3690 parili
2253 3599 2313 3687 7)
2388 3599 2661 3671 (1661616
2736 3600 3205 3672 conclusimus
3290 3604 3359 3670 et
3430 3599 4011 3692 promulgavimus

970 3720 1622 3813 „praesentiumque
1677 3718 1854 3790 serie
1883 3716 1947 3807 ⁸)
2012 3720 2535 3810 promulgamus
2601 3724 2669 3791 et
2724 3717 3192 3791 decernimus:
3269 3722 3350 3789 ut
3404 3719 3466 3790 si
3533 3724 3911 3810 temporum
3952 3715 4007 3785 in

975 3862 1345 3933 „processu
1401 3839 1662 3932 aliquis
1718 3839 1835 3911 vel
1873 3837 2096 3931 aliqui
2151 3859 2439 3939 coronae
2478 3839 2706 3930 Regni
2744 3837 3148 3929 Hungariae
3186 3838 3510 3909 subditus
3566 3858 3695 3909 seu
3736 3832 4009 3917 subiecti,

971 3962 1162 4051 „sive
1219 3982 1307 4032 ex
1360 3959 1742 4046 PraelatiS,
1810 3958 1958 4031 sive
2023 3978 2109 4030 ex
2163 3958 2576 4047 baronibuS,
2644 3958 2792 4030 sive
2820 3958 2883 4048 ⁹)
2940 3956 3289 4030 militibus
3354 3978 3480 4029 seu
3533 3958 3885 4047 nobilibus
3932 3952 4006 4025 sit

969 4082 1126 4169 „vel
1180 4079 1491 4151 existant
1527 4078 1642 4166 ¹⁰),
1699 4078 2000 4170 primum
2038 4078 2463 4169 praemissae
2520 4097 2793 4150 exnunc
2849 4076 3095 4150 multis
3149 4075 3615 4149 rationalibus
3672 4098 3766 4149 ex
3820 4071 4009 4149 causis

967 4199 1430 4291 „approbatae
1471 4199 1558 4287 ιι)
1614 4218 1902 4269 66161166
1977 4203 2046 4269 61
2099 4196 2570 4284 coronationi,
2632 4197 2995 4269 demumve
3034 4194 3121 4284 12)
3194 4196 3359 4269 61116
3432 4195 4007 4288 dispositionibus

972 4318 1581 4410 „conclusionibus
1655 4323 1724 4389 et
1790 4318 2346 4390 ordinationibus
2420 4338 2631 4408 supra
2698 4317 3147 4409 specificatiS,
3224 4338 3346 4390 seu
3411 4317 3719 4407 cuipiam
3794 4336 3873 4389 ex
3936 4313 4010 4384 eis

972 4440 1222 4530 „verbo
1281 4438 1541 4510 serioso
1608 4442 1729 4509 aut
1794 4458 1997 4529 opere
2065 4444 2132 4509 et
2188 4439 2404 4525 factO,
2474 4436 3058 4529 suggestioneque
3122 4441 3192 4509 et
3247 4436 3701 4509 incitamento
3780 4456 3892 4508 seu
3936 4430 4008 4503 cf·

971 4563 1197 4651 „fectu
1238 4556 1351 4647 13),
1428 4556 1741 4645 sinistre,
1819 4558 2079 4630 directe
2151 4559 2266 4629 vel
2326 4557 2696 4645 indirecte,
2762 4556 3105 4629 contraire
3168 4558 3282 4630 vel
3345 4556 3848 4644 contradicere,
3910 4572 4006 4625 seu

970 4678 1403 4770 „immutari,
1466 4678 1834 4750 retractari
1909 4681 1978 4748 et
2042 4676 2114 4748 in
2180 4677 2457 4749 irritum
2522 4676 2834 4749 revocari
2894 4697 3265 4767 procurare
3327 4675 3869 4768 praesumpserit
3923 4670 4009 4741 vel

971 4778 1566 4891 „attemptaverit,
1622 4796 1789 4869 talis
1847 4797 1962 4869 vel
2018 4797 2195 4869 tales
2250 4818 2443 4885 mox,
2502 4801 2873 4888 postquam
2927 4796 3010 4870 de
3046 4796 3150 4869 eis
3188 4796 3428 4886 611114)
3483 4796 3725 4889 aliquo
3764 4799 4001 4877 horum,

1570 4944 1786 4951 .-.---

1035 4950 1079 4955 —-
1084 4948 1146 4955 —u-
1155 4946 1394 4954 ————..———

1175 5004 1224 5085 ι)
1267 5004 1674 5065 universorum
1723 4998 1875 5064 Cod.
1921 4998 2097 5063 Koet.
2148 5000 2202 5079 ¹⁸)
2250 5004 2437 5062 sancti
2482 5002 2665 5078 Regis
2715 4997 2865 5063 God.
2912 4998 3089 5063 Kost.
3140 5000 3192 5079 ³)
3241 5007 3397 5062 statu
3440 4999 3567 5063 Ed.
3599 4999 3785 5085 Lips.
3832 4998 3879 5081 ὅ)
3918 4996 4007 5055 ‘11⁸‘

959 5108 1194 5171 cordiae
1258 5105 1385 5169 Ed.
1445 5104 1628 5189 Lips.
1701 5102 1752 5185 ⁵)
1799 5106 2019 5165 nullius
2080 5105 2349 5164 volumus
2409 5123 2543 5165 esse
2585 5105 2803 5165 valoris
2862 5101 3013 5166 Ood.
3080 5100 3213 5165 Lis.
3282 5100 3335 5183 ⁶)
3378 5105 3637 5181 praeviis
3695 5102 3823 5167 Ed.
3867 5098 4009 5179 Lips-

965 5210 1015 5291 ⁷)
1059 5212 1189 5288 pari
1237 5206 1388 5272 Cod.
1420 5206 1596 5271 Kost.
1648 5205 1698 5287 ⁸)
1747 5208 2275 5284 praesentibusque
2324 5202 2474 5268 Cod.
2511 5204 2644 5268 Lis.
2692 5204 2743 5285 ⁹)
2791 5212 2893 5266 aut
2936 5204 3061 5267 Ed.
3098 5202 3277 5288 Lips.
3333 5204 3409 5284 ¹⁰)
3458 5208 3675 5267 existat
3718 5204 3841 5267 Ed.
3864 5200 4007 5283 Lips.

970 5312 1047 5391 ¹¹)
1092 5313 1503 5389 comprobatae
1569 5308 1694 5387 Ed.
1751 5308 1929 5407 Lips.
2016 5308 2098 5391 ¹²)
2147 5310 2449 5370 demunirc
2507 5306 2632 5371 Ed.
2692 5306 2868 5392 Lips.
2948 5307 3023 5390 ¹³)
3084 5312 3297 5371 affectu
3360 5304 3512 5371 God.
3558 5306 3735 5372 Koat.
3814 5304 3887 5389 14)
3936 5298 4008 5361 vel

967 5410 1117 5483 Cod.
1164 5412 1339 5479 Kost.
