4342 6384
885 505 983 579 70
2059 532 2289 586 menn
2342 534 2801 587 uunncums.
3442 506 3574 604 (Α.
3616 504 3710 577 D.
3750 496 3991 598 1410.)

879 711 1488 786 Warschoviensis
1543 715 1740 803 Dux,
1797 715 2337 789 amaritudinem
2394 723 2464 791 et
2500 716 2923 803 molestiam,
2982 736 3158 807 quae
3210 714 3285 785 in
3324 712 3477 785 eius
3530 713 3816 802 pectore
3864 726 3991 797 per

877 851 1095 902 annos
1163 852 1290 903 sex
1361 831 1624 923 iugiter
1683 834 2247 922 recrudescebat,
2324 835 2507 927 quod
2572 856 2839 925 semper
2911 832 3231 906 omnibus
3304 831 3498 903 vocis
3572 826 3985 919 expetebat,

875 952 1394 1039 compensatam
1459 956 1529 1023 et
1593 952 1819 1023 ultam
1883 954 2028 1025 fore
2067 953 2124 1042 ¹)
2188 954 2385 1027 clade
2450 954 2867 1027 Cruciferica
2932 952 3210 1039 videm,
3286 951 3372 1022 ad
3445 946 3981 1021 tabernaculum

877 1067 1150 1159 regium
1213 1069 1544 1156 accessit,
1619 1070 1922 1161 primum
1997 1072 2547 1147 clementissimo
2610 1075 2785 1160 Deo,
2862 1071 3110 1145 deinde
3174 1068 3570 1142 Wladislao
3644 1062 3989 1137 Poloniae

875 1186 1086 1278 Regi,
1145 1186 1298 1259 illic
1351 1208 1510 1259 cum
1548 1189 1952 1263 Alexandro
2009 1194 2080 1263 et
2133 1191 2426 1265 caeteris
2463 1192 2775 1265 Ducibus
2832 1196 2901 1264 et
2955 1189 3356 1282 proceribus
3410 1184 3747 1259 Poloniae
3786 1202 3984 1273 prae·

875 1304 1095 1394 senti,
1167 1311 1566 1397 prostratus
1651 1308 1853 1381 flexis
1926 1310 2223 1401 genibus
2294 1331 2453 1383 cum
2530 1311 2717 1384 omni
2779 1307 3037 1382 militia
3090 1330 3219 1380 sua
3289 1306 3365 1378 iu
3418 1310 3719 1389 terram,
3776 1320 3987 1392 agere

879 1424 1145 1515 gratias
1199 1425 1463 1517 coepit,
1522 1427 1923 1499 exclamans
1980 1432 2050 1501 et
2105 1429 2523 1503 vociferans:
2600 1428 2788 1517 Tibi,
2858 1427 3121 1519 inquit,
3189 1427 3381 1498 Deus
3434 1418 3984 1512 benignissime!

875 1542 997 1635 qui
1051 1543 1362 1615 omnium
1418 1543 1836 1618 iniuriarum
1892 1546 2330 1619 iustissimus
2384 1550 2575 1619 ultor
2611 1570 2717 1635 es,
2776 1548 2896 1639 qui
2935 1545 3331 1638 superbiam
3388 1562 3663 1615 omnem
3718 1537 3985 1610 abomi-

873 1661 1066 1734 naris
1123 1666 1195 1735 et
1249 1664 1564 1751 damnaS,
1623 1668 1694 1736 et
1747 1665 2239 1754 contritorum,
2298 1666 2895 1757 moerentiumque
2948 1670 3019 1737 et
3072 1663 3449 1736 humilium
3504 1680 3645 1731 non
3704 1654 3987 1747 spernis

873 1802 1148 1873 precem
1215 1786 1286 1854 et
1359 1781 1716 1871 affectum,
1793 1784 1877 1856 de
1951 1805 2026 1857 se
2099 1806 2373 1876 quoque
2443 1790 2965 1876 praesumentes
3040 1782 3407 1867 humilias;
3482 1776 3620 1852 tibi
3694 1776 3993 1865 insuper

877 1900 1268 1974 Wladislae
1323 1900 1481 1974 Rex
1536 1901 2054 1977 illustrissime!
2119 1904 2385 1995 gratias
2440 1903 2761 1995 ingentes
2814 1924 2976 1995 ago,
3044 1901 3165 1992 qui
3221 1900 3334 1972 die
3386 1900 3723 1973 hesterna
3788 1894 3988 1985 igno-

879 2019 1170 2091 miniam
1225 2019 1666 2111 captivitatis
1719 2022 2122 2094 abstersisti
2178 2043 2395 2111 meae,
2455 2043 2561 2095 me
2600 2043 2873 2113 quoque
2927 2022 3011 2093 de
3057 2022 3259 2092 hoste
3314 2017 3615 2109 superbo
3672 2017 3748 2088 et
3803 2013 3987 2084 into-

876 2138 1157 2211 lerabili
1213 2138 1583 2231 magnifica
1637 2144 1708 2211 et
1743 2139 2052 2231 gloriosa
2105 2140 2303 2213 clade
2357 2140 2765 2229 vindicasti,
2824 2161 3029 2231 quem
3066 2141 3337 2211 hostem
3376 2152 3501 2229 ego
3559 2156 3725 2207 cum
3766 2130 3988 2203 omni·

875 2258 1007 2329 bus
1073 2256 1408 2331 fratribus
1481 2264 1550 2329 et
1611 2258 2015 2349 proceribus
2079 2258 2289 2347 meiS,
2364 2280 2490 2350 per
2558 2265 2919 2351 paternam
2991 2264 3063 2331 et
3132 2256 3396 2329 avitam
3468 2252 3991 2327 haereditatem

874 2381 1218 2464 nostram,
1277 2376 1522 2468 tuique
1557 2377 1788 2469 Regni
1826 2376 2160 2449 Poloniae
2216 2378 2553 2469 spolium,
2610 2378 3135 2470 suspirabamus
3190 2378 3673 2466 arrogantem,
3716 2374 3985 2443 fastuo-

875 2516 1028 2567 sum
1087 2500 1157 2569 et
1209 2496 1668 2586 locupletem,
1727 2516 1934 2587 quem
1987 2500 2325 2586 protavus
2380 2518 2573 2569 meus
2628 2496 2986 2569 Cunradus
3040 2494 3394 2568 Masoviae
3433 2493 3636 2578 DuX,
3698 2491 3887 2561 falsa
3920 2494 3991 2561 et

873 2613 1206 2687 simulata
1258 2613 1636 2707 religione,
1693 2616 1810 2688 vel
1864 2619 1946 2686 ut
1999 2614 2237 2687 verius
2291 2615 2560 2706 loquar,
2620 2614 3153 2706 superstitione,
3210 2614 3583 2703 deceptuS‚
3644 2608 3987 2699 suscepit,

871 2733 1241 2825 tenuitque
1295 2732 1722 2806 mendicum:
1787 2733 2129 2807 celebrem
2184 2732 2365 2806 diem
2398 2732 2459 2823 ²)
2516 2738 2587 2806 et
2640 2733 3017 2824 quotannis
3072 2732 3247 2805 mihi
3304 2735 3376 2805 et
3426 2729 3815 2803 universae
3868 2746 3988 2816 po·

874 2851 1186 2925 steritati
1239 2869 1434 2923 meae
1487 2850 1995 2939 venerandum,
2053 2852 2725 2943 observandumque,
2784 2873 3055 2943 semper
3108 2852 3518 2937 habiturus3
3576 2852 3651 2919 te
3708 2864 3991 2937 quoque

873 2972 1031 3043 Rex
1087 2968 1716 3043 excellentissime!
1775 2974 2115 3060 tuumque
2150 2971 2485 3044 Poloniae
2521 2972 2873 3064 Regnum,
2932 2971 3099 3058 fide,
3142 2968 3612 3054 subiectione,
3654 2964 3990 3038 obedien·

875 3088 978 3161 tia
1031 3088 1334 3174 sincera,
1395 3087 1586 3160 fideli
1644 3092 1716 3159 et
1750 3109 1961 3179 pura,
2019 3088 2345 3179 omnique
2382 3111 2533 3163 mea
2586 3095 2655 3163 et
2691 3089 3139 3182 Principatus
3178 3089 3314 3161 mei
3352 3107 3517 3179 ope,
3582 3081 3991 3157 substantia

875 3211 946 3279 et
999 3206 1348 3298 potentia,
1407 3205 1482 3278 in
1538 3207 1855 3296 quolibet
1909 3207 2353 3279 necessitatis
2407 3214 2477 3281 et
2531 3210 2861 3300 temporis
2916 3208 3239 3295 articu10,
3296 3228 3423 3298 per
3476 3225 3588 3277 me
3646 3208 3721 3275 et
3776 3222 3990 3292 quam

877 3347 1109 3398 coram
1165 3324 1420 3412 cernis,
1479 3324 1813 3397 militiam
1867 3346 2119 3413 meam,
2177 3326 2794 3417 posteritatemque
2849 3331 3193 3414 nostram,
3250 3325 3327 3397 in
3366 3330 3437 3397 te
3494 3330 3567 3397 et
3624 3341 3989 3394 successo-

873 3444 1072 3517 ribus
1127 3442 1274 3515 tuis
1299 3442 1359 3533 ³)
1417 3444 1766 3517 culturus.

875 3802 1131 3891 captivi
1174 3802 1518 3885 recensiti,
1573 3801 1684 3872 alii
1740 3804 2148 3873 sacramento
2204 3800 2501 3871 obstricti
2544 3800 2991 3886 dimittuntur,
3046 3800 3157 3871 alii
3204 3800 3547 3871 custodiae
3602 3800 3995 3883 traduntun

875 3936 1212 3991 caesorum
1264 3920 1587 3991 cadavera
1632 3937 1673 3990 a
1715 3921 1890 4007 Rege
1946 3921 2016 3989 et
2066 3919 2295 4007 lagno
2348 3918 2515 3990 Duce
2560 3920 2925 3990 Alexandro
2976 3920 3535 4008 contemplantur,
3583 3920 3657 3989 et
3702 3919 3775 3989 in
3824 3919 3995 3988 Polo·

1515 4038 1690 4108 niam
1732 4038 1951 4108 laetus
1995 4036 2076 4107 dc
2121 4036 2396 4107 obtenta
2439 4036 2714 4107 victoria
2756 4038 3028 4109 nuntius
3070 4038 3381 4109 mittitur.

1085 4271 1391 4344 Prandio
1444 4271 1636 4362 regio
1693 4272 1767 4341 in
1822 4292 2072 4362 magna
2126 4269 2547 4343 solennitate
2610 4276 2888 4359 exacto,
2946 4272 3279 4345 iubentur
3330 4271 3603 4344 milites
3664 4272 3994 4363 singulos

878 4390 1165 4464 reddere
1219 4388 1540 4479 captivos
1605 4393 1676 4461 et
1729 4388 1805 4459 in
1858 4387 2154 4478 planitie
2208 4408 2377 4474 una,
2444 4393 2883 4479 prospectum
2936 4390 3237 4463 liberum
3300 4390 3377 4462 in
3432 4412 3680 4461 omnes
3754 4395 3999 4479 partes

877 4510 1214 4595 habente,
1292 4505 1366 4578 in
1440 4527 1578 4596 qua
1632 4505 2068 4577 Wladislaus
2138 4504 2471 4576 Poloniae
2526 4506 2680 4577 Rex
2746 4526 2869 4578 sex
2940 4510 3285 4595 notarios,
3354 4507 3819 4598 captivorum
3874 4528 3997 4577 no-

877 4628 1099 4713 mina,
1154 4646 1381 4717 genus
1420 4628 1490 4697 et
1527 4622 1996 4696 conditionem
2034 4622 2581 4712 conscripturoS,
2632 4624 3003 4713 separatim
3060 4627 3447 4713 locaverat,
3505 4635 4001 4715 praesentare.

877 4745 1334 4817 Ducebantur
1389 4742 1628 4831 itaque
1683 4738 1979 4829 captivi,
2038 4744 2107 4811 et
2158 4739 2459 4830 primum
2514 4740 2720 4832 Regi,
2777 4741 3026 4814 deiude
3080 4743 3376 4815 notariis
3433 4745 3998 4833 praesentaban-

878 4868 1026 4934 tur:
1087 4861 1382 4933 seorsim
1437 4858 1777 4930 cruciferi
1830 4856 1914 4928 de
1968 4855 2254 4942 Ordine,
2312 4858 2599 4929 seorsim
2654 4858 2913 4931 milites
2961 4862 3307 4933 Prutheni
3337 4864 3427 4951 4),
3490 4862 3797 4934 seorsim
3838 4862 4002 4934 Cul-

877 5000 1188 5064 menses,
1247 4976 1541 5049 seorsim
1595 4974 1999 5060 Livonitae,
2069 4974 2357 5044 seorsim
2411 4975 2598 5047 cives
2654 4977 3235 5050 Pruthenicarum
3300 4978 3623 5067 urbium,
3698 4980 4005 5053 seorsim

1101 5246 1149 5324 ¹)
1197 5265 1332 5307 esse
1385 5240 1541 5306 Cod.
1587 5241 1782 5304 Rorz.
1847 5237 1902 5317 ²)
1949 5240 2102 5299 hunc
2147 5240 2301 5299 diem
2348 5236 2496 5302 Cod.
2540 5240 2729 5304 Rozr.
2793 5242 2845 5322 ³)
2890 5247 3037 5305 meis
3087 5242 3239 5307 Cod.
3287 5244 3481 5307 Rozr.
3548 5243 3604 5327 ⁴)
3652 5249 4009 5311 Pruthenici

885 5346 1014 5411 Ed.
1047 5345 1232 5429 Lips.
