4342 6384
352 575 485 675 (Α.
528 576 617 650 D.
668 574 920 674 1440.)
1502 599 1729 652 mann
1780 599 2292 652 nnonncnms.
3311 580 3459 652 615

355 782 691 854 vicesima
744 805 925 856 nona-
980 783 1091 856 die
1134 784 1185 872 ¹)
1244 785 1503 856 mensis
1564 784 1866 876 ApriliS‚
1925 789 2294 877 postquam
2347 805 2566 856 annos
2606 783 3135 876 quatuordecim
3173 783 3248 857 in
3285 805 3457 876 pon-

352 904 625 976 tificatu
682 904 1069 995 exegisset.
1140 901 1557 996 absumptus
1616 910 1719 976 ost
1779 913 1849 976 et
1905 906 2089 996 apud
2158 906 2408 978 fratres
2476 904 2999 978 Praedicatores
3055 905 3126 977 in
3179 905 3460 978 Thornn

352 1031 512 1096 ante
570 1024 945 1096 sacrarium
1005 1026 1325 1116 sepultus
1358 1023 1445 1112 ²).
1514 1026 1683 1097 Post
1746 1025 1947 1097 cuius
2017 1031 2308 1098 mortem
2369 1026 2676 1098 Praelati
2725 1031 2800 1098 et
2854 1024 3183 1097 Canonici
3239 1026 3457 1098 eccle-

355 1145 498 1215 siae
556 1145 950 1232 Ploceiisi8‚
1010 1146 1355 1218 celebrato
1413 1146 1735 1237 capitulo
1784 1167 1909 1238 pro
1966 1146 2306 1219 electione
2347 1146 2566 1218 futuri
2604 1145 2991 1238 pontifieiS,
3035 1146 3334 1218 Paulum
3375 1146 3460 1217 de

356 1265 632 1338 crizicze
665 1263 725 1353 ³)
784 1266 1281 1338 scholasticum
1339 1266 1863 1339 cracoviensem
1921 1273 1989 1338 et
2045 1267 2468 1340 canonicum
2520 1267 2960 1354 Plocensem,
3017 1263 3294 1357 genere
3334 1287 3455 1336 no-

355 1385 567 1457 bilem
616 1386 701 1458 de
739 1386 939 1458 domo
998 1386 1339 1459 Gozdawa
1367 1388 1457 1474 ⁴),
1514 1387 1947 1460 concorditer
2002 1386 2276 1480 eligunt-
2331 1408 2454 1479 per
2509 1388 2695 1459 viam
2750 1385 3233 1477 compromissi
3265 1384 3327 1474 5)
3384 1385 3457 1458 in

356 1506 782 1596 episcopum.
841 1505 1055 1579 cuius
1111 1507 1363 1580 electio
1420 1507 1557 1578 fuit
1610 1528 1735 1598 per
1790 1507 2182 1600 Eugenium
2237 1508 2498 1600 Papam
2556 1512 2884 1599 quartum
2939 1511 3010 1579 et
3048 1505 3453 1598 metropoli-

359 1633 599 1697 tanum
668 1648 872 1698 suum
937 1626 1387 1699 vincentium
1452 1626 1928 1700 Gnesnensem
2001 1627 2604 1720 archiepiscopum
2669 1629 3106 1714 confirmata,
3173 1632 3246 1699 et
3307 1626 3460 1718 ipse

354 1746 621 1818 Paulus
688 1746 765 1819 in
820 1747 1117 1819 ecclesia
1172 1746 1615 1819 cracoviensi
1672 1747 1805 1819 fuit
1858 1747 1932 1819 in
1978 1748 2382 1839 episcopum
2421 1753 2864 1821 consecratus
2901 1767 3027 1839 per
3060 1748 3452 1838 praefatum

355 1866 804 1940 Vincentium
860 1867 1459 1958 archiepiscopum
1525 1867 2032 1940 Guesnensem:
2100 1868 2556 1940 dubitabatur
2598 1868 2662 1956 θ)
2729 1867 2944 1955 enim,
3015 1888 3104 1966 an
3159 1865 3463 1959 Eugenii

360 1987 589 2078 quarti
648 1993 817 2059 tunc
872 1987 1011 2060 iam
1066 2008 1189 2080 per
1240 1989 1567 2080 generale
1622 1987 2009 2060 Consilium
2064 1988 2462 2062 Basiliense
2517 1987 2822 2079 depositi
2877 1992 3031 2059 rata
3083 1987 3460 2080 validaque

358 2109 535 2180 foret
588 2109 1043 2180 confirmatio,
1102 2108 1563 2180 Consecratus
1618 2113 1851 2180 autem
1908 2114 2017 2181 est
2072 2108 2143 2181 in
2202 2110 2381 2181 festo
2439 2108 2682 2181 Sancti
2746 2107 3090 2180 Iohannis
3145 2107 3462 2200 Evange-

357 2227 566 2300 listae
622 2228 695 2300 in
751 2227 933 2300 diem
1001 2228 1189 2300 Solis
1254 2227 1589 2300 vicesima
1654 2228 1953 2320 septima
2017 2229 2418 2302 Decembris
2484 2229 2804 2316 cadente,
2873 2229 3004 2300 sub
3059 2228 3462 2320 praesentia

359 2347 737 2420 Wladislai
794 2348 1011 2440 Regis
1066 2349 1432 2438 Poloniae,
1490 2353 1559 2422 et
1616 2348 2178 2422 consiliariorum
2235 2349 2462 2440 Regni
2511 2347 3146 2424 ecclesiasticorum
3201 2353 3272 2420 et
3311 2349 3460 2422 sae*

359 2468 701 2542 cularium
758 2489 1043 2541 numero
1102 2469 1451 2560 frequenti
1506 2474 2105 2562 congregatorum.

1254 2823 1683 2936 ANNUS
1752 2822 2216 2936 DOMINI
2288 2822 2576 2936 1440.

490 3066 715 3154 togati
760 3064 1198 3155 nummorum
1242 3065 1341 3137 Vl
1356 3067 1605 3140 sdizlao
1650 3067 1937 3156 Regnum
1982 3067 2346 3156 nungariao
2392 3066 2698 3140 deferunt
2712 3122 2729 3155 ,
2775 3067 2948 3157 quod
2991 3067 3103 3140 illo
3149 3067 3350 3140 cortis

1486 3187 1965 3260 conditionibus
2010 3190 2339 3279 acceptat.

566 3433 851 3505 Natalis
889 3433 1170 3505 Domini
1208 3433 1373 3506 anni
1410 3433 1719 3506 eiusdem
1776 3434 1957 3506 diem
2000 3433 2440 3507 Wladislaus
2503 3436 2662 3507 Rex
2715 3433 3054 3508 Poloniae
3107 3455 3248 3506 una
3302 3455 3460 3508 cum

356 3573 685 3644 germano
742 3575 867 3625 suo
922 3553 1282 3626 Kazimiro
1338 3559 1409 3626 et
1460 3553 1798 3646 genitrice
1856 3575 1983 3626 sua
2021 3554 2286 3646 Sophia
2321 3555 2596 3648 Regina
2633 3555 2820 3646 apud
2860 3553 3262 3627 cracoviam
3301 3575 3462 3626 exe-

356 3673 498 3764 git,
558 3679 628 3746 et
683 3694 920 3746 omnes
974 3673 1127 3747 dies
1184 3679 1553 3766 sequentes
1618 3674 1770 3748 illic
1836 3674 2306 3747 continuando
2371 3675 2690 3748 deduxit.
2758 3674 2846 3747 In
2911 3675 3158 3748 diebus
3223 3678 3461 3747 autem

361 3793 933 3885 Septuagesimae
1005 3799 1345 3867 venerunt
1418 3795 1506 3866 ad
1578 3816 1775 3867 suam
1851 3794 2315 3869 Serenitatem
2388 3794 2789 3869 Oracoviam
2855 3795 3178 3868 solennes
3233 3795 3463 3888 Regni

358 3912 768 4004 Hungariae
834 3919 903 3986 et
958 3913 1328 3986 Elisabeth
1398 3915 1713 4006 Reginae
1784 3913 2049 4003 nuntii,
2126 3913 2459 3988 videlicet
2527 3914 2877 3988 Iohannes
2953 3914 3358 4008 segniensis
3390 3915 3451 4003 ⁷)

360 4033 769 4125 episcopus,
836 4034 1122 4106 Mathko
1178 4035 1262 4108 dc
1318 4035 1665 4108 Thaloncz
1694 4033 1758 4123 8)
1834 4035 2206 4108 Slavoniae
2273 4041 2344 4109 et
2397 4035 2792 4109 Dalmatiae
2856 4037 3128 4124 Banm,
3194 4033 3458 4108 Emeri-

360 4174 485 4225 cus
540 4154 624 4225 de
680 4154 1035 4227 Marcellis
1090 4153 1427 4246 Magister
1481 4155 1760 4243 Curiae,
1825 4154 2176 4228 Iohannes
2231 4156 2452 4229 maior
2504 4156 2592 4228 de
2645 4156 2900 4244 Peren,
2959 4158 3028 4227 et
3083 4154 3460 4227 Ladislaus

360 4273 446 4345 de
500 4273 801 4346 Paloucz
832 4273 917 4362 9),
988 4274 1243 4366 quibus
1308 4275 1746 4348 Wladislaus
1802 4296 2209 4366 germanum
2267 4298 2470 4348 suum
2535 4275 2972 4348 Kazimirum
3027 4296 3183 4348 cum
3239 4275 3460 4367 pluri-

358 4393 493 4464 bus
548 4393 896 4465 Praelatis
952 4399 1023 4466 et
1073 4393 1454 4467 baronibus
1510 4395 1659 4467 suis
1714 4395 1789 4466 in
1842 4396 2125 4467 obvium
2183 4402 2386 4468 extra
2447 4396 2810 4469 civitatem
2879 4395 3334 4483 transmittit,
3393 4400 3464 4467 et

360 4512 526 4583 illos
581 4511 655 4584 in
710 4513 1040 4603 hospitiis
1096 4515 1617 4588 honestissimis
1672 4514 1999 4587 collocari
2038 4521 2106 4588 et
2144 4516 2465 4588 omnibus
2520 4515 2935 4589 necessariis
2989 4513 3353 4607 splendide
3391 4519 3463 4587 et

358 4632 634 4723 copiose
689 4634 1046 4723 procurari
1100 4634 1432 4725 disponit.
1490 4635 1848 4707 Venerunt
1903 4635 2117 4707 etiam
2172 4657 2330 4709 cum
2386 4635 2660 4708 nuntiis
2719 4635 3098 4728 praedictis
3154 4634 3455 4707 Michael

362 4752 623 4824 Orszak
663 4753 775 4841 ¹⁰),
834 4753 1224 4826 Reinoldus
1272 4759 1341 4828 et
1380 4754 1506 4826 alii
1560 4756 1800 4846 plures
1855 4755 2121 4828 milites
2158 4761 2230 4828 et
2266 4757 2742 4830 adolescentes
2796 4754 3234 4848 Hungariae‚
3293 4754 3462 4827 item

362 4872 596 4946 nuntii
650 4873 736 4961 ¹¹)
810 4873 1040 4946 Ulrici
1112 4874 1401 4947 Comitis
1476 4875 1733 4964 ciliae,
1817 4876 1989 4948 item
2052 4875 2426 4949 civitatum
2492 4875 2895 4966 cassoviae,
2971 4877 3291 4948 Bartwae
3337 4872 3456 4966 ¹²),

581 5094 629 5172 ¹)
660 5095 932 5156 XXVIII.
980 5097 1076 5156 die
1106 5093 1233 5158 Ed.
1266 5093 1447 5178 Lips.
1484 5095 1538 5174 Ω)
1570 5098 1837 5174 sepultus
1868 5103 1977 5158 est.
2008 5094 2134 5159 Ed.
2167 5096 2350 5181 Lips.
2387 5093 2438 5175 3)
2473 5098 2747 5176 Gysycze
2796 5092 2948 5159 God.
2999 5091 3176 5160 Calv.
3225 5092 3278 5177 ⁴)
3312 5095 3464 5157 Goz-

363 5200 568 5260 dzawa
616 5194 767 5260 cod.
814 5197 948 5260 Lis.
997 5200 1292 5260 Gordawa
1333 5197 1461 5261 Ed.
1520 5197 1699 5283 Lips.
1767 5197 1817 5278 ⁵)
1868 5201 2402 5277 compromissionis
2461 5199 2589 5264 Ed.
2651 5199 2833 5284 Lips.
2890 5198 2944 5280 ⁸)
2991 5200 3293 5261 dubitatur
3334 5196 3463 5259 Ed.

364 5299 546 5383 Lips.
597 5301 649 5381 7)
696 5303 1039 5378 Seginensis
1069 5300 1196 5362 Ed.
1230 5300 1409 5384 Lips.
1444 5303 1763 5382 (Iohannes
1794 5305 1867 5364 de
1897 5305 2212 5384 Dominis).
2263 5303 2314 5384 8)
2349 5305 2423 5365 de
2452 5305 2710 5366 Faloncz
2745 5301 2897 5366 God.
2932 5301 3067 5366 Lis.
3100 5305 3175 5364 de
3205 5303 3464 5363 Talencz

364 5403 490 5466 Ed.
540 5401 719 5486 Lips.
766 5405 867 5483 (de
910 5385 1240 5484 Thalloci).
1305 5403 1357 5484 ⁹)
1419 5405 1493 5466 de
1536 5407 1791 5468 Poloncz
1846 5401 1998 5468 Cod.
2046 5404 2181 5468 Lis.
2228 5409 2303 5467 de
2349 5409 2600 5469 Palencz
2654 5405 2782 5470 Ed.
2830 5404 3010 5490 Lips.
3057 5406 3158 5486 (de
3203 5406 3463 5488 Palocz).

373 5505 451 5590 ¹⁰)
502 5507 789 5570 Orschatc
838 5501 989 5570 Cod.
1036 5505 1171 5572 Lis.
1226 5507 1305 5594 ¹¹)
1350 5510 1590 5570 nuntius
1634 5505 1761 5572 Ed.
1808 5507 1991 5594 Lips.
2046 5507 2131 5592 ¹²)
2175 5511 2456 5573 Bai-tuias
2501 5509 2629 5577 Ed.
2683 5508 2864 5596 [Αἶρε.
