4342 6384
871 546 967 616 64
2072 566 2300 617 menn
2354 564 2806 618 uum-:cums
3434 540 3570 642 (Α.
3609 542 3701 616 D.
3743 539 3969 640 1410.)

868 750 1207 838 offensuS,
1266 751 1757 842 Marquardum
1813 750 2452 824 commendatorem
2519 756 2589 824 et
2653 751 3134 842 Schumbergk
3173 750 3226 839 ¹)
3293 750 3380 822 ad
3435 749 3740 842 capitale
3808 771 3996 841 sup-.

866 870 1160 962 plicium
1216 870 1529 962 pertrahi
1584 870 1819 942 iussit.
1896 871 2239 962 Culpatus
2305 893 2344 942 a
2399 870 2645 942 multis
2711 871 3207 962 Marquardus,
3274 871 3459 962 quod
3521 869 3635 942 cui
3701 869 3968 943 miseri-

866 991 1101 1064 cordia
1166 1011 1339 1082 opus
1404 995 1585 1078 erat,
1652 990 1825 1062 iram
1893 995 1963 1062 et
2028 989 2263 1062 odium
2329 989 2688 1064 irritabat:
2763 991 2926 1062 Dux
2991 1011 3156 1062 vero
3221 991 3624 1062 Alexander
3698 995 3973 1062 rectene

867 1110 940 1182 id
995 1111 1217 1203 egerit
1273 1133 1361 1182 an
1398 1131 1797 1202 perperam,
1859 1111 2229 1183 saeviendo
2284 1110 2358 1182 in
2397 1110 2712 1203 captivos
2769 1115 2840 1183 et
2875 1110 3185 1200 deditos,
3244 1110 3752 1202 expediendum
3803 1110 3972 1183 mihi

872 1253 1011 1304 non
1065 1252 1367 1304 assume.

866 1597 1171 1669 Exercitu
1215 1596 1511 1668 Polonioo
1557 1597 1733 1670 vires
1774 1597 2109 1670 reficiente
2156 1601 2227 1670 et
2273 1598 2357 1669 ad
2388 1613 2576 1670 sacra
2619 1597 2750 1669 Deo
2793 1597 3094 1670 facienda
3123 1614 3284 1669 voce
3330 1596 3672 1686 praeconis
3715 1598 3969 1682 vocato,

1638 1719 1828 1790 ulrici
1872 1719 2169 1791 Prussiae
2215 1718 2506 1808 nagmri
2551 1719 2790 1791 caedes
2831 1719 3200 1790 nuntiatur.

1079 1959 1241 2030 Sole
1296 1956 1370 2030 in
1424 1958 1775 2031 declivum
1843 1958 2205 2047 tendente,
2275 1957 2712 2035 Wladislaus
2775 1957 3110 2030 Poloniae
3173 1958 3366 2047 Rex,
3426 1957 3639 2045 colle,
3705 1955 3781 2029 in
3836 1978 3969 2048 quo

870 2078 1229 2170 aliquanto
1284 2081 1592 2168 tempore
1648 2079 2091 2168 constiterat,
2150 2083 2220 2151 et
2272 2079 2524 2170 praelii
2578 2079 2730 2150 loco
2784 2079 3065 2168 relicto,
3123 2078 3210 2150 ad
3261 2077 3568 2170 spatium
3625 2077 3971 2169 quartalis

870 2198 1083 2270 unius
1146 2197 1507 2286 milliaris,
1576 2200 2032 2291 sequentibus
2098 2221 2256 2271 eum
2321 2199 2641 2273 curribus
2695 2199 2772 2272 in
2823 2199 3281 2272 multitudine
3345 2198 3656 2290 copiosa,
3723 2219 3971 2271 versus

870 2319 1365 2411 Marienburgk
1418 2321 1831 2410 procedenS,
1892 2341 2103 2412 supra
2157 2320 2388 2393 lacum
2445 2325 2676 2394 castra
2729 2321 3000 2412 posuit:
3058 2320 3182 2394 ubi
3235 2324 3308 2393 et
3342 2321 3718 2392 universus
3774 2340 3970 2392 exer-

871 2439 1090 2527 cituS,
1149 2460 1190 2511 a
1242 2439 1743 2531 persequendis
1805 2439 2131 2513 hostibus
2198 2459 2554 2528 reversuS,
2623 2439 2972 2512 convenit.
3047 2440 3218 2512 Erat
3271 2443 3505 2512 autem
3571 2438 3845 2512 cunctis
3903 2439 3972 2510 in

870 2581 1233 2632 commune
1286 2559 1563 2633 laetitia
1617 2559 1986 2648 immensa,
2047 2561 2232 2651 quod
2285 2559 2557 2652 ingenti
2611 2565 2683 2632 et
2718 2559 2966 2648 multis
3021 2560 3461 2633 memorando
3513 2559 3852 2648 saeculis,
3892 2560 3974 2631 de

872 2680 1169 2771 superbo
1226 2684 1296 2752 et
1348 2679 1621 2770 potenti
1675 2681 1878 2752 hoste
1930 2680 2153 2752 relato
2209 2680 2566 2772 triumpho
2621 2680 2920 2772 patriam
2977 2681 3062 2752 ab
3118 2680 3526 2753 inclementi
3581 2684 3653 2752 et
3705 2680 3974 2753 iniusta

871 2799 1378 2873 Cruciferorum
1434 2801 1886 2892 occupatione
1950 2805 2021 2873 et
2086 2798 2483 2888 invasione,
2551 2822 2626 2873 se
2694 2801 2885 2892 ipsos
2950 2820 3112 2872 vero
3177 2801 3264 2874 ab
3319 2800 3718 2874 imminenti
3781 2799 3974 2872 necis

870 2925 994 2992 aut
1048 2919 1489 3012 captivitatis
1544 2920 1888 3012 periculo,
1947 2920 2022 2992 in
2074 2921 2359 2993 brachio
2414 2921 2548 2994 Dei
2603 2922 2880 2994 excelso
2935 2920 3400 2994 vindicarant.
3459 2922 3632 2993 Tota
3685 2920 3974 3012 insuper

869 3045 1073 3113 noete
1126 3040 1525 3132 insequenti
1579 3045 1825 3132 gentes
1862 3040 2094 3133 regiae
2131 3063 2174 3113 a
2208 3042 2694 3132 persecutione
2729 3041 3039 3114 hostium
3080 3062 3236 3114 cum
3273 3041 3577 3134 captivis
3615 3045 3686 3113 et
3725 3040 3974 3132 spoliis

872 3159 1259 3233 innumeris
1313 3160 1667 3249 redibant,
1725 3161 2180 3254 captivosque
2235 3166 2307 3234 et
2345 3162 2546 3256 signa
2596 3161 2909 3235 hostium
2963 3162 3144 3255 Regi
3206 3161 3337 3234 illa
3383 3166 3586 3234 nocte
3639 3161 3974 3235 excubias

872 3281 947 3354 in
1002 3281 1611 3354 observationibus
1665 3282 1935 3374 agenti,
1993 3283 2338 3356 dedebant
2368 3281 2463 3372 2);
2523 3305 2696 3375 quos
2751 3288 2822 3356 et
2859 3303 3038 3375 quae
3092 3284 3217 3356 ille
3269 3283 3561 3356 iubebat
3613 3282 3688 3354 in
3725 3282 3973 3354 crasti-

872 3423 1039 3473 num
1094 3401 1460 3475 reservari.
1535 3403 1977 3476 Descendens
2032 3408 2300 3492 autem,
2357 3404 2522 3475 dum
2577 3405 2664 3476 ad
2719 3403 2986 3476 stativa
3038 3404 3234 3477 lacus
3287 3401 3630 3494 praedicti
3684 3407 3976 3476 ventum

870 3523 1081 3611 foret,
1139 3521 1577 3594 Wladislaus
1633 3523 1789 3595 Rex
1846 3524 1931 3597 de
1986 3545 2195 3616 equo,
2261 3528 2636 3616 antequam
2691 3524 3072 3598 tentorium
3127 3525 3538 3615 adaptatum
3593 3527 3810 3612 esset,
3869 3524 3974 3594 fa-

870 3641 1139 3735 tigatus
1194 3663 1281 3715 ex
1338 3643 1574 3716 labore
1630 3647 1703 3715 et
1754 3648 1985 3733 aestu,
2053 3643 2294 3736 posuit
2348 3666 2422 3718 se
2475 3644 2550 3716 in
2580 3642 2642 3733 3)
2697 3645 2944 3718 umbra
2994 3645 3156 3718 rubi
3211 3644 3546 3732 caerulei,
3607 3646 3826 3716 strato
3883 3663 3976 3715 ex

869 3763 1234 3836 frondibus
1288 3763 1561 3854 platani
1616 3764 2031 3855 composito,
2089 3765 2177 3837 ad
2220 3765 2560 3857 quietem,
2619 3767 2767 3837 solo
2825 3764 3126 3857 Sbigneo
3192 3765 3276 3837 de
3332 3763 3786 3838 Oleschnicza
3849 3785 3975 3834 no-

868 3883 1048 3955 tario
1105 3883 1241 3956 sibi
1298 3884 1703 3957 assistente.
1762 3885 1871 3956 Ex
1910 3884 2336 3958 clamoribus
2391 3888 2623 3958 autem
2660 3884 2953 3974 validiS,
3012 3905 3188 3976 quos
3226 3884 3394 3957 fecit
3430 3885 3726 3956 durante
3770 3904 3974 3975 prae-

871 4002 1003 4090 lio,
1061 4005 1553 4076 commonendo
1610 4009 1679 4077 et
1715 4005 2073 4077 incitando
2128 4004 2397 4078 milites
2451 4005 2539 4076 ad
2575 4026 2914 4098 pugnam,
2973 4010 3123 4078 erat
3160 4027 3300 4077 vox
3349 4024 3477 4076 sua
3529 4004 3699 4076 adeo
3735 4024 3978 4092 rauca,

872 4124 1055 4214 quod
1110 4144 1312 4215 aegre
1364 4129 1641 4214 poterat
1704 4130 1775 4198 et
1828 4124 2109 4198 nonnisi
2172 4126 2258 4198 de
2313 4125 2703 4217 propinquo
2757 4127 2884 4200 illo
2951 4131 3022 4199 et
3079 4125 3403 4217 sequenti
3455 4124 3569 4197 die
3636 4123 3977 4215 intelligi.

872 4243 1196 4315 Tentorio
1252 4264 1415 4315 vero
1470 4245 1845 4334 disposito,
1906 4245 2204 4318 intravit
2256 4247 2410 4318 Rex
2479 4245 2552 4317 in
2607 4246 2821 4336 illud,
2888 4251 2958 4319 et
3011 4246 3224 4320 armis
3289 4251 3442 4317 tum
3495 4245 3798 4336 primum
3853 4243 3982 4316 de-

870 4363 1156 4453 positis,
1215 4364 1537 4455 apparari
1574 4365 1873 4436 celerius
1928 4365 2300 4456 prandium
2339 4367 2564 4440 iubet:
2621 4388 2761 4439 non
2799 4367 2984 4440 enim
3023 4365 3136 4441 die
3172 4368 3300 4440 illa
3335 4367 3525 4454 Rex,
3586 4365 3708 4437 sed
3745 4384 3982 4455 neque

870 4482 1224 4555 exercitus
1281 4505 1452 4555 suus
1508 4484 1879 4576 quicquam
1934 4489 2377 4577 gustaverat,
2446 4487 2567 4559 sed
2624 4491 2823 4560 erant
2885 4509 3124 4560 omnes
3189 4508 3412 4578 usque
3467 4487 3553 4558 ad
3610 4505 3985 4574 vesperam

869 4601 1125 4692 ieiuni,
1181 4623 1309 4676 nec
1361 4604 1593 4695 prius,
1652 4626 1859 4696 quam
1915 4605 1989 4676 in
2026 4606 2201 4678 solis
2257 4629 2539 4697 occasu,
2595 4613 2740 4680 tam
2779 4609 2936 4680 Rex
2991 4630 3199 4700 quam
3237 4607 3594 4681 exercitus
3647 4604 3982 4679 refectio-

868 4745 1027 4797 nem
1082 4744 1355 4796 sumere
1408 4724 1657 4814 coepit.
1716 4725 1878 4796 Sole
1916 4726 2298 4815 occidente,
2356 4728 2608 4801 cecidit
2661 4729 2936 4819 pluvia,
2998 4733 3068 4801 et
3103 4732 3306 4801 nocte
3359 4728 3638 4819 integra
3690 4746 3983 4818 proces-

871 4867 1025 4917 sum
1082 4866 1285 4917 suum
1341 4844 1793 4932 continuans,
1867 4847 2244 4938 pluresque
2298 4849 2704 4921 vulneratos
2767 4850 2852 4922 de
2905 4853 3202 4941 utroque
3267 4848 3613 4936 exercitu,
3670 4846 3861 4938 regio
3900 4852 3992 4918 et

868 4966 1331 5054 Pruthenico,
1390 4965 1463 5036 in
1518 4965 1770 5056 praelii
1826 4987 2067 5057 campo
2097 4967 2161 5056 4)
2216 4967 2534 5057 relictos,
2595 4969 2718 5060 qui
2754 4969 3025 5058 vivere,
3085 4969 3146 5041 si
3201 4969 3364 5042 inde
3420 4967 3686 5040 sublati
3741 4972 3810 5038 et
3849 4988 3987 5038 cu-

866 5085 1005 5156 rati
1060 5087 1317 5174 forent,
1372 5085 1802 5176 potuissent,
1868 5086 1981 5158 vis
2035 5087 2298 5178 algoris
2353 5089 2687 5162 extinxit.
2743 5091 2938 5182 Rege
2992 5088 3242 5162 deinde
3297 5088 3704 5174 mandante,
3759 5107 3984 5178 prae-

1090 5357 1133 5433 ¹)
1194 5359 1477 5455 Semberg
1546 5354 1696 5420 0001.
1760 5355 1950 5420 Rozr.
2022 5357 2077 5438 ²)
2136 5359 2465 5420 reddebant
2525 5355 2676 5422 Cod.
2741 5357 2919 5422 Kost.
2990 5357 3042 5440 ³)
3104 5361 3214 5420 sub
3285 5357 3411 5420 Ed.
3473 5357 3655 5442 Dips.
3725 5355 3780 5436 4)
3843 5361 3994 5423 loco

872 5458 999 5523 Ed.
1060 5457 1240 5544 Lips.
