4342 6384
838 619 1005 692 450-
2007 589 2249 691 'nrm-:n
2300 635 2767 690 mosomus.
3392 610 3526 712 (Α.
3566 610 3655 687 D.
3701 609 3930 710 1431.)

840 824 1276 898 Wladislaus
1331 824 1488 896 Rex
1543 823 1845 896 tentoria
1899 844 2026 894 sua
2080 823 2155 893 in
2214 823 2507 894 alteram
2560 826 2831 913 partem
2871 820 3065 912 ripae
3102 820 3416 893 fluminis
3456 819 3634 910 Stir,
3674 821 3749 891 in
3786 819 3931 892 val-

838 946 1010 1034 lem,
1066 964 1280 1037 prope
1335 941 1698 1016 ecclesiam
1755 943 2050 1016 Sanctae
2106 941 2346 1014 Crucis
2402 941 2743 1032 ligneam,
2800 961 2889 1012 ex
2944 941 3269 1031 opposito
3316 940 3532 1013 castri
3570 939 3929 1027 situatam,

837 1063 1138 1137 traiecit.
1196 1062 1628 1134 Bombardae
1682 1083 1956 1154 quoque
2009 1061 2307 1134 maiores
2363 1065 2592 1134 castro
2648 1060 2997 1148 admotae,
3066 1059 3478 1151 quatiebant
3532 1064 3600 1132 et
3653 1080 3926 1149 rumpe-

834 1183 1006 1256 bant
1059 1203 1335 1256 murum
1393 1186 1463 1254 et
1516 1182 1754 1272 plures
1819 1185 2046 1254 turres
2109 1185 2182 1254 et
2246 1181 2550 1272 spatium
2614 1179 2925 1252 notabile
2988 1179 3171 1252 muri
3224 1179 3677 1268 disiecerant,
3734 1179 3929 1251 Wla-

836 1303 1064 1374 dislao
1119 1303 1311 1394 Rege
1364 1301 1802 1392 improbante
1873 1321 2227 1373 murorum
2294 1300 2821 1373 concussionem
2890 1305 2961 1370 et
3014 1299 3430 1372 exhortante
3486 1299 3796 1390 aliquos,
3854 1303 3933 1368 ut

835 1442 877 1493 a
902 1419 1328 1512 proiectione
1355 1420 1884 1492 bombardarum
1913 1419 2370 1492 abstinerent.
2398 1418 2979 1512 Ingrediebantur
3004 1421 3240 1508 antem
3266 1421 3573 1491 castrum
3600 1418 3919 1490 Luczsko

839 1541 1020 1612 clam
1077 1540 1160 1611 de
1215 1543 1416 1612 nocte
1470 1539 1792 1610 nonnulli
1850 1539 2131 1626 Poloni,
2192 1547 2261 1612 et
2314 1559 2469 1610 cum
2526 1538 2947 1610 adversariis
3002 1543 3229 1610 certos
3277 1537 3639 1630 agitabant
3678 1543 3927 1608 tracta-

837 1663 989 1747 tuS,
1047 1658 1416 1730 animando
1472 1658 1638 1730 illos
1692 1659 1780 1730 ad
1831 1657 2305 1730 resistentiam
2372 1663 2443 1729 et
2498 1656 3093 1729 subministrando
3168 1657 3269 1730 eis
3333 1656 3706 1740 victualia,
3766 1677 3930 1746 quo-

835 1799 994 1850 rum
1049 1797 1297 1869 magno
1352 1777 1626 1848 defectu
1680 1776 2135 1868 angebantur.
2194 1777 2287 1847 Et
2340 1775 2659 1868 quamvis
2716 1775 2939 1867 aliqui
2992 1797 3117 1866 per
3168 1775 3523 1847 custodias
3578 1774 3929 1847 exercitus

839 1899 1066 1969 forent
1103 1897 1156 1985 ¹)
1211 1895 1722 1986 comprehensi,
1781 1895 1931 1968 sine
1989 1897 2253 1967 mulcta
2306 1901 2541 1968 tamen
2580 1895 2857 1967 dimissi
2895 1899 3083 1966 sunt.
3143 1896 3439 1986 Propter
3476 1895 3691 1986 quod,
3750 1894 3925 1966 mul-

837 2020 1067 2088 torum
1098 2013 1162 2103 2)
1219 2014 1742 2087 insimulatione
1796 2017 1951 2087 Rex
2008 2014 2349 2103 omnium,
2408 2037 2586 2105 quae
2624 2015 2725 2088 sic
2764 2015 3064 2106 turpiter
3101 2015 3391 2102 fiebant,
3449 2014 3769 2087 conscius
3804 2036 3930 2105 pu-

839 2135 1146 2208 tabatur.
1204 2135 1386 2205 Dum
1443 2141 1678 2206 autem
1731 2154 2042 2205 rumores
2095 2133 2689 2224 percrebuissent,
2749 2134 3010 2206 Ducem
3067 2132 3424 2226 Switrigal
3478 2132 3714 2206 vivere
3754 2133 3933 2204 etin

841 2253 1018 2324 villa
1074 2253 1423 2344 Stepanye
1479 2253 1863 2325 exercitum
1919 2273 2365 2344 aggregasse,
2424 2251 2745 2344 sequenti
2802 2273 3075 2343 quoque
3131 2251 3243 2323 die
3298 2273 3531 2341 manc,
3603 2253 3935 2326 videlicet

841 2371 1016 2444 feria
1069 2372 1280 2444 tertia
1334 2371 1405 2442 in
1462 2371 1575 2444 die
1632 2372 1873 2444 Sancti
1927 2372 2218 2459 Donati,
2278 2394 2435 2444 cum
2472 2371 2809 2463 potentiis
2848 2371 2998 2443 suis
3036 2391 3159 2464 pro
3200 2371 3693 2444 committendo
3732 2393 3929 2463 prac—

841 2491 938 2563 lio
993 2490 1351 2564 advenire:
1409 2496 1611 2564 nocte
1665 2491 2064 2582 insequenti
2118 2490 2441 2564 fremitus
2494 2511 2791 2583 magnus
2828 2491 2901 2562 in
2938 2489 3190 2562 castris
3227 2491 3444 2583 regiis
3485 2496 3763 2564 coortus
3800 2496 3931 2580 est,

843 2611 1163 2684 omnibus
1202 2610 1727 2702 accingentibns
1765 2631 1841 2682 se
1877 2610 1963 2681 ad
2003 2611 2525 2682 occurrendum.
2568 2608 2654 2682 In
2708 2631 2957 2682 aurora
3004 2631 3165 2687 vero
3212 2611 3586 2683 universus
3618 2609 3680 2699 ³)
3736 2631 3931 2683 exer-

836 2731 1020 2802 citus
1093 2728 1374 2802 aciebus
1448 2729 1829 2817 ordinatiS,
1916 2749 2004 2800 ex
2060 2729 2311 2802 castris
2392 2751 2715 2821 egressus
2798 2730 3063 2817 stabat,
3150 2729 3423 2822 copiam
3495 2729 3932 2802 dimicationi

841 2851 1188 2936 facturus3
1245 2850 1367 2922 sed
1422 2870 1580 2920 cum
1634 2850 1876 2921 nullus
1931 2853 2296 2940 appareret
2347 2848 2629 2938 hostis„
2656 2849 2741 2919 ad
2782 2848 3231 2920 tabernacula
3268 2869 3396 2921 sua
3430 2869 3755 2922 reversus
3796 2855 3927 2922 est.

847 2967 1207 3060 Switrigal
1280 2968 1530 3039 deinde
1605 2968 1798 3055 Dux,
1874 2967 2280 3060 intelligens
2353 2968 2565 3039 armis
2631 2973 2702 3040 et
2754 2967 3071 3058 potentia
3101 2968 3163 3055 ⁴)
3239 2988 3312 3039 se
3387 2967 3781 3041 inferiorem
3830 2971 3931 3040 fo-

841 3108 918 3159 re
950 3086 1034 3175 5),
1092 3087 1272 3158 dolis
1330 3091 1400 3158 et
1456 3086 1818 3158 fraudibus
1871 3107 2016 3160 rem
2071 3087 2401 3178 prosequi
2458 3087 2707 3178 coepit.
2768 3087 2991 3158 Mittit
3020 3087 3083 3176 ⁶)
3139 3086 3468 3159 nuntium
3524 3109 3731 3160 suum
3769 3089 3932 3160 Cza—

844 3205 1039 3277 tham
1071 3205 1131 3293 ⁷)
1187 3205 1274 3276 ad
1329 3202 1799 3277 Wladislaum
1855 3207 2114 3298 Regem
2172 3207 2248 3278 in
2302 3211 2531 3279 castra
2585 3226 2743 3278 cum
2799 3205 3029 3278 literis
3065 3206 3519 3298 Imperatoris
3560 3208 3932 3278 Thartaro-

844 3345 1034 3412 rum,
1092 3323 1272 3416 Regi
1310 3329 1380 3396 et
1416 3323 1793 3396 baronibus
1847 3325 2179 3398 Poloniae
2236 3325 2553 3418 scriptiS,
2610 3347 2737 3416 per
2788 3325 3021 3416 ipsum
3063 3326 3326 3397 Ducem
3365 3324 3719 3417 Switrigal
3760 3326 3935 3398 false

847 3440 1284 3533 compositis:
1345 3443 1416 3515 in
1474 3443 1727 3534 quibus
1785 3443 1966 3516 idem
2024 3445 2415 3536 Imperator
2475 3445 2799 3517 hortatur
2852 3449 2924 3516 ct
2973 3443 3305 3536 requirit,
3362 3447 3444 3515 ut
3498 3445 3938 3518 abstineatur

847 3563 931 3635 ab
988 3561 1350 3635 invasione
1404 3566 1474 3636 et
1526 3562 1956 3636 desolatione
1994 3568 2333 3635 terrarum
2374 3563 2827 3650 Lithuaniae‚
2868 3566 2939 3634 et
2977 3568 3059 3634 ut
3093 3566 3282 3634 terra
3317 3562 3678 3654 Podoliae,
3730 3586 3935 3657 quam

845 3681 1023 3754 iuris
1079 3681 1193 3754 sui
1244 3682 1635 3773 Imperator
1697 3683 2194 3754 Thartarorum
2260 3682 2637 3770 scribebat,
2705 3681 2883 3753 Duci
2949 3681 3423 3774 Switrigyello
3486 3682 3935 3756 restituatur:

849 3819 1168 3873 asserens
1223 3821 1299 3872 se
1353 3789 1794 3875 donationem
1847 3806 2255 3892 perpetuam
2310 3801 2395 3874 de
2448 3801 2577 3872 illa
2622 3801 2801 3872 Duci
2836 3800 3149 3891 praefato
3188 3801 3458 3874 fecisse.
3516 3801 3775 3875 Irrisae
3814 3825 3933 3875 au·

847 3924 990 3991 tem
1045 3924 1212 3991 sunt
1264 3920 1512 3993 literae
1566 3920 2003 4008 huiusmodi,
2063 3924 2132 3992 et
2184 3941 2309 4011 pro
2364 3919 2567 3991 falsis
2620 3919 2934 4006 habitae,
2990 3919 3173 3990 nihil
3228 3941 3461 3992 secum
3498 3921 3801 3995 ferentes
3838 3925 3934 3994 ef·

847 4037 1162 4126 ficaciae,
1219 4038 1360 4111 nisi
1415 4061 1736 4130 vaporem
1793 4040 1879 4110 ad
1933 4041 2176 4112 horam
2231 4045 2588 4130 parentem
2619 4038 2683 4128 ⁸)
2740 4040 3018 4111 conficti
3072 4040 3383 4112 terroris,

1066 4389 1469 4478 oppugnatio
1514 4391 1717 4460 castri
1764 4390 2051 4461 Lnozsko
2098 4408 2213 4480 per
2255 4391 2525 4462 Polonos
2568 4393 2848 4480 turpiter
2891 4392 3268 4464 intermissa
3313 4397 3382 4465 et
3424 4395 3724 4466 induciae

1515 4509 2021 4599 Switrigyelloni
2067 4511 2150 4581 ad
2196 4527 2417 4599 paoem
2463 4511 2873 4581 tractandam
2920 4529 3291 4583 concessae.

1056 4755 1267 4828 Feria
1319 4755 1622 4828 secunda
1674 4755 1748 4826 in
1801 4754 1916 4827 die
1971 4754 2211 4827 Sancti
2263 4754 2645 4847 Hippoliti,
2703 4757 2778 4828 in
2833 4777 3081 4829 aurora
3142 4759 3493 4831 exercitus
3560 4760 3785 4831 omnis
3832 4781 3937 4830 rc-

853 4875 1014 4968 gius
1054 4875 1141 4948 ad
1177 4896 1371 4947 arma
1425 4895 1882 4966 consurgenS,
1943 4895 2341 4965 oppugnare
2370 4875 2433 4963 ⁹)
2489 4881 2795 4948 castrum
2851 4877 3165 4949 Luczsko
3220 4897 3547 4968 agressus
3602 4883 3731 4951 est.
3797 4878 3943 4950 Nec

855 4993 1284 5085 oppugnatio
1339 4997 1462 5065 aut
1516 4992 1939 5098 conquisitio
1995 4992 2327 5064 cessisset
2382 4991 2457 5064 in
2511 4993 2821 5082 irritum,
2889 4994 3249 5068 moenibus
3313 4995 3629 5068 disiectis
3684 5001 3758 5068 et
3809 5018 3936 5067 nu·

1076 5275 1122 5361 ¹)
1171 5287 1369 5340 essent
1389 5320 1396 5326 -
1417 5276 1570 5342 Cod.
1618 5278 1809 5343 Rozr.
1875 5277 1924 5358 ²)
1973 5283 2230 5341 omnium
2273 5278 2399 5342 Ed.
2448 5278 2629 5364 Lips.
2694 5279 2748 5362 ³)
2803 5283 3096 5341 universis
3149 5279 3300 5348 Ed..
3324 5279 3503 5364 Lips.
3568 5279 3620 5359 ⁴)
3664 5284 3947 5358 potentiis

863 5377 1016 5443 Cod„
1063 5379 1253 5442 Rozr.
1305 5380 1358 5460 ⁵)
1405 5401 1538 5443 esse
1588 5379 1739 5444 Cocl.
1785 5380 1978 5442 Rozr.
2029 5381 2080 5456 8)
2127 5384 2310 5442 Mittit
2352 5385 2505 5443 enim
2562 5381 2713 5445 God.
2764 5381 2955 5444 Rozr.
3008 5382 3057 5462 ⁷)
3094 5385 3313 5443 Ozatrm
3349 5379 3501 5444 Cod.
3534 5379 3728 5445 Rozr.
3762 5383 3816 5463 8)
3847 5403 3944 5461 ap-

861 5487 1161 5559 parentem
1215 5481 1366 5544 C'od.
1413 5481 1606 5544 Rozr.
1655 5482 1710 5564 ⁹)
1755 5503 2092 5560 expugnare
2135 5482 2261 5546 Ed.
2308 5483 2489 5566 Lips.
