<?xml version="1.0" encoding="UTF-8"?>
<!DOCTYPE html PUBLIC "-//W3C//DTD XHTML 1.0 Transitional//EN"
    "http://www.w3.org/TR/xhtml1/DTD/xhtml1-transitional.dtd">
<html xmlns="http://www.w3.org/1999/xhtml" xml:lang="en" lang="en">
 <head>
  <title>
</title>
<meta http-equiv="Content-Type" content="text/html;charset=utf-8" />
  <meta name='ocr-system' content='tesseract 3.04.00' />
  <meta name='ocr-capabilities' content='ocr_page ocr_carea ocr_par ocr_line ocrx_word'/>
</head>
<body>
  <div class='ocr_page' id='page_1' title='image "./dzieawszystkie00unkngoog_0189.png"; bbox 0 0 4342 6384; ppageno 0'>
   <div class='ocr_carea' id='block_1_1' title="bbox 909 578 3995 682">
    <p class='ocr_par' dir='ltr' id='par_1_1' title="bbox 909 578 3995 682">
     <span class='ocr_line' id='line_1_1' title="bbox 909 578 3995 682; baseline -0.003 -19"><span class='ocrx_word' id='word_1_1' title='bbox 909 588 1058 664; x_wconf 87' lang='grc'>178</span> <span class='ocrx_word' id='word_1_2' title='bbox 2088 609 2315 663; x_wconf 72' lang='lat' dir='ltr'>menn</span> <span class='ocrx_word' id='word_1_3' title='bbox 2365 608 2828 661; x_wconf 74' lang='grc'><strong>0110000100.</strong></span> <span class='ocrx_word' id='word_1_4' title='bbox 3458 580 3593 682; x_wconf 87' lang='grc' dir='ltr'>(Α.</span> <span class='ocrx_word' id='word_1_5' title='bbox 3630 580 3722 655; x_wconf 76' lang='lat' dir='ltr'>t).</span> <span class='ocrx_word' id='word_1_6' title='bbox 3766 578 3995 679; x_wconf 68' lang='lat'>14142)</span> 
     </span>
    </p>
   </div>
   <div class='ocr_carea' id='block_1_2' title="bbox 901 790 4028 3508">
    <p class='ocr_par' dir='ltr' id='par_1_2' title="bbox 901 790 4028 3508">
     <span class='ocr_line' id='line_1_2' title="bbox 901 790 4001 885; baseline -0.002 -16"><span class='ocrx_word' id='word_1_7' title='bbox 901 795 1350 869; x_wconf 76' lang='lat' dir='ltr'>solicitudine</span> <span class='ocrx_word' id='word_1_8' title='bbox 1412 798 1621 885; x_wconf 87' lang='lat' dir='ltr'>atque</span> <span class='ocrx_word' id='word_1_9' title='bbox 1685 814 1918 885; x_wconf 88' lang='lat' dir='ltr'>prece,</span> <span class='ocrx_word' id='word_1_10' title='bbox 1994 793 2271 867; x_wconf 84' lang='lat' dir='ltr'>civitati</span> <span class='ocrx_word' id='word_1_11' title='bbox 2310 795 2365 882; x_wconf 92' lang='lat'>¹)</span> <span class='ocrx_word' id='word_1_12' title='bbox 2433 798 2503 865; x_wconf 91' lang='lat' dir='ltr'>et</span> <span class='ocrx_word' id='word_1_13' title='bbox 2569 800 2798 866; x_wconf 89' lang='lat' dir='ltr'>castro</span> <span class='ocrx_word' id='word_1_14' title='bbox 2866 791 3458 884; x_wconf 83' lang='lat' dir='ltr'>expugnationem</span> <span class='ocrx_word' id='word_1_15' title='bbox 3523 790 3881 863; x_wconf 80' lang='lat' dir='ltr'>remittere</span> <span class='ocrx_word' id='word_1_16' title='bbox 3915 790 4001 877; x_wconf 78' lang='grc'>2),</span> 
     </span>
     <span class='ocr_line' id='line_1_3' title="bbox 902 909 4005 1007; baseline -0.003 -20"><span class='ocrx_word' id='word_1_17' title='bbox 902 936 1026 1007; x_wconf 92' lang='lat' dir='ltr'>pro</span> <span class='ocrx_word' id='word_1_18' title='bbox 1083 916 1211 988; x_wconf 90' lang='lat' dir='ltr'>Dei</span> <span class='ocrx_word' id='word_1_19' title='bbox 1266 915 1523 986; x_wconf 90' lang='lat' dir='ltr'>honore</span> <span class='ocrx_word' id='word_1_20' title='bbox 1572 935 1650 986; x_wconf 87' lang='lat' dir='ltr'>ac</span> <span class='ocrx_word' id='word_1_21' title='bbox 1690 913 1896 986; x_wconf 88' lang='lat' dir='ltr'>Sedis</span> <span class='ocrx_word' id='word_1_22' title='bbox 1935 914 2384 1004; x_wconf 86' lang='lat' dir='ltr'>Apostolicae</span> <span class='ocrx_word' id='word_1_23' title='bbox 2432 914 2823 987; x_wconf 83' lang='lat' dir='ltr'>reverentia</span> <span class='ocrx_word' id='word_1_24' title='bbox 2860 912 3399 1004; x_wconf 76' lang='lat' dir='ltr'>deprecabatur,</span> <span class='ocrx_word' id='word_1_25' title='bbox 3458 912 3833 983; x_wconf 78' lang='lat' dir='ltr'>obsecrans</span> <span class='ocrx_word' id='word_1_26' title='bbox 3872 909 4005 980; x_wconf 83' lang='lat' dir='ltr'>Re·</span> 
     </span>
     <span class='ocr_line' id='line_1_4' title="bbox 905 1031 4007 1127; baseline -0.002 -20"><span class='ocrx_word' id='word_1_27' title='bbox 905 1056 1095 1127; x_wconf 85' lang='lat' dir='ltr'>gem,</span> <span class='ocrx_word' id='word_1_28' title='bbox 1151 1039 1232 1105; x_wconf 90' lang='lat' dir='ltr'>ut</span> <span class='ocrx_word' id='word_1_29' title='bbox 1286 1034 1498 1105; x_wconf 87' lang='lat' dir='ltr'>armis</span> <span class='ocrx_word' id='word_1_30' title='bbox 1553 1033 1924 1125; x_wconf 72' lang='lat' dir='ltr'>depositio,</span> <span class='ocrx_word' id='word_1_31' title='bbox 1984 1038 2054 1105; x_wconf 92' lang='lat' dir='ltr'>et</span> <span class='ocrx_word' id='word_1_32' title='bbox 2105 1034 2293 1106; x_wconf 93' lang='lat' dir='ltr'>bello</span> <span class='ocrx_word' id='word_1_33' title='bbox 2346 1054 2471 1124; x_wconf 91' lang='lat' dir='ltr'>per</span> <span class='ocrx_word' id='word_1_34' title='bbox 2527 1039 2844 1125; x_wconf 88' lang='lat' dir='ltr'>treugam</span> <span class='ocrx_word' id='word_1_35' title='bbox 2882 1034 2957 1104; x_wconf 91' lang='lat' dir='ltr'>in</span> <span class='ocrx_word' id='word_1_36' title='bbox 2994 1031 3351 1105; x_wconf 88' lang='lat' dir='ltr'>biennium</span> <span class='ocrx_word' id='word_1_37' title='bbox 3412 1050 3791 1123; x_wconf 85' lang='lat' dir='ltr'>suspenso,</span> <span class='ocrx_word' id='word_1_38' title='bbox 3850 1050 4007 1101; x_wconf 87' lang='lat' dir='ltr'>cau·</span> 
     </span>
     <span class='ocr_line' id='line_1_5' title="bbox 909 1148 4009 1245; baseline -0.002 -20"><span class='ocrx_word' id='word_1_39' title='bbox 909 1175 1055 1226; x_wconf 87' lang='lat' dir='ltr'>sam</span> <span class='ocrx_word' id='word_1_40' title='bbox 1112 1176 1310 1225; x_wconf 90' lang='lat' dir='ltr'>suam</span> <span class='ocrx_word' id='word_1_41' title='bbox 1362 1173 1487 1244; x_wconf 90' lang='lat' dir='ltr'>per</span> <span class='ocrx_word' id='word_1_42' title='bbox 1541 1152 1930 1225; x_wconf 84' lang='lat' dir='ltr'>Concilium</span> <span class='ocrx_word' id='word_1_43' title='bbox 1983 1153 2307 1245; x_wconf 86' lang='lat' dir='ltr'>generale</span> <span class='ocrx_word' id='word_1_44' title='bbox 2370 1152 2902 1225; x_wconf 89' lang='lat' dir='ltr'>Constantiense</span> <span class='ocrx_word' id='word_1_45' title='bbox 2966 1151 3105 1223; x_wconf 89' lang='lat' dir='ltr'>iam</span> <span class='ocrx_word' id='word_1_46' title='bbox 3170 1150 3515 1223; x_wconf 85' lang='lat' dir='ltr'>indictum</span> <span class='ocrx_word' id='word_1_47' title='bbox 3570 1148 3798 1222; x_wconf 86' lang='lat' dir='ltr'>decidi</span> <span class='ocrx_word' id='word_1_48' title='bbox 3855 1168 4009 1239; x_wconf 82' lang='lat' dir='ltr'>per·</span> 
     </span>
     <span class='ocr_line' id='line_1_6' title="bbox 908 1268 4010 1363; baseline -0.002 -19"><span class='ocrx_word' id='word_1_49' title='bbox 908 1273 1178 1360; x_wconf 87' lang='lat' dir='ltr'>mittat,</span> <span class='ocrx_word' id='word_1_50' title='bbox 1237 1271 1636 1363; x_wconf 84' lang='lat' dir='ltr'>expeditam</span> <span class='ocrx_word' id='word_1_51' title='bbox 1691 1270 2039 1343; x_wconf 90' lang='lat' dir='ltr'>iustitiam</span> <span class='ocrx_word' id='word_1_52' title='bbox 2095 1293 2182 1343; x_wconf 91' lang='lat' dir='ltr'>ex</span> <span class='ocrx_word' id='word_1_53' title='bbox 2240 1270 2844 1343; x_wconf 84' lang='lat' dir='ltr'>administratione</span> <span class='ocrx_word' id='word_1_54' title='bbox 2900 1268 3194 1343; x_wconf 88' lang='lat' dir='ltr'>Concilii</span> <span class='ocrx_word' id='word_1_55' title='bbox 3248 1273 3731 1361; x_wconf 89' lang='lat' dir='ltr'>percepturus.</span> <span class='ocrx_word' id='word_1_56' title='bbox 3789 1268 4010 1360; x_wconf 87' lang='lat' dir='ltr'>Lega-</span> 
     </span>
     <span class='ocr_line' id='line_1_7' title="bbox 908 1387 4010 1481; baseline -0.002 -18"><span class='ocrx_word' id='word_1_57' title='bbox 908 1391 1100 1464; x_wconf 93' lang='lat' dir='ltr'>tione</span> <span class='ocrx_word' id='word_1_58' title='bbox 1154 1390 1410 1462; x_wconf 90' lang='lat' dir='ltr'>Nuntii</span> <span class='ocrx_word' id='word_1_59' title='bbox 1473 1389 1844 1480; x_wconf 88' lang='lat' dir='ltr'>apostolici</span> <span class='ocrx_word' id='word_1_60' title='bbox 1908 1390 1996 1461; x_wconf 87' lang='lat' dir='ltr'>ad</span> <span class='ocrx_word' id='word_1_61' title='bbox 2061 1391 2388 1481; x_wconf 87' lang='lat' dir='ltr'>frequens</span> <span class='ocrx_word' id='word_1_62' title='bbox 2452 1390 2828 1463; x_wconf 88' lang='lat' dir='ltr'>consilium</span> <span class='ocrx_word' id='word_1_63' title='bbox 2889 1391 3144 1477; x_wconf 86' lang='lat' dir='ltr'>relata,</span> <span class='ocrx_word' id='word_1_64' title='bbox 3211 1388 3462 1480; x_wconf 93' lang='lat' dir='ltr'>petitio</span> <span class='ocrx_word' id='word_1_65' title='bbox 3516 1392 3589 1461; x_wconf 91' lang='lat' dir='ltr'>et</span> <span class='ocrx_word' id='word_1_66' title='bbox 3640 1387 4010 1479; x_wconf 84' lang='lat' dir='ltr'>persuasio</span> 
     </span>
     <span class='ocr_line' id='line_1_8' title="bbox 913 1504 4014 1600; baseline -0.002 -18"><span class='ocrx_word' id='word_1_67' title='bbox 913 1509 1183 1582; x_wconf 86' lang='lat' dir='ltr'>Summi</span> <span class='ocrx_word' id='word_1_68' title='bbox 1237 1506 1638 1595; x_wconf 75' lang='lat' dir='ltr'>Pontifici8‚</span> <span class='ocrx_word' id='word_1_69' title='bbox 1695 1509 1878 1600; x_wconf 88' lang='lat' dir='ltr'>quod</span> <span class='ocrx_word' id='word_1_70' title='bbox 1918 1515 1988 1581; x_wconf 95' lang='lat' dir='ltr'>et</span> <span class='ocrx_word' id='word_1_71' title='bbox 2025 1508 2251 1581; x_wconf 89' lang='lat' dir='ltr'>hiems</span> <span class='ocrx_word' id='word_1_72' title='bbox 2307 1512 2665 1600; x_wconf 91' lang='lat' dir='ltr'>appeteret</span> <span class='ocrx_word' id='word_1_73' title='bbox 2703 1513 2773 1581; x_wconf 94' lang='lat' dir='ltr'>et</span> <span class='ocrx_word' id='word_1_74' title='bbox 2812 1508 3091 1580; x_wconf 89' lang='lat' dir='ltr'>morbus</span> <span class='ocrx_word' id='word_1_75' title='bbox 3146 1507 3590 1600; x_wconf 78' lang='lat' dir='ltr'>dysenteriae</span> <span class='ocrx_word' id='word_1_76' title='bbox 3626 1508 3703 1579; x_wconf 93' lang='lat' dir='ltr'>in</span> <span class='ocrx_word' id='word_1_77' title='bbox 3742 1504 4014 1599; x_wconf 85' lang='lat' dir='ltr'>regium</span> 
     </span>
     <span class='ocr_line' id='line_1_9' title="bbox 910 1627 4013 1720; baseline -0.002 -18"><span class='ocrx_word' id='word_1_78' title='bbox 910 1629 1300 1702; x_wconf 89' lang='lat' dir='ltr'>exercitum</span> <span class='ocrx_word' id='word_1_79' title='bbox 1354 1630 1688 1720; x_wconf 79' lang='lat' dir='ltr'>vulgatus</span> <span class='ocrx_word' id='word_1_80' title='bbox 1745 1630 1922 1700; x_wconf 88' lang='lat' dir='ltr'>foret</span> <span class='ocrx_word' id='word_1_81' title='bbox 1953 1627 2038 1718; x_wconf 75' lang='lat'>³),</span> <span class='ocrx_word' id='word_1_82' title='bbox 2097 1633 2381 1719; x_wconf 87' lang='lat' dir='ltr'>accepta</span> <span class='ocrx_word' id='word_1_83' title='bbox 2436 1634 2576 1715; x_wconf 90' lang='lat' dir='ltr'>est,</span> <span class='ocrx_word' id='word_1_84' title='bbox 2644 1634 2711 1701; x_wconf 93' lang='lat' dir='ltr'>et</span> <span class='ocrx_word' id='word_1_85' title='bbox 2767 1633 3012 1720; x_wconf 85' lang='lat' dir='ltr'>treuga</span> <span class='ocrx_word' id='word_1_86' title='bbox 3066 1627 3139 1699; x_wconf 88' lang='lat' dir='ltr'>in</span> <span class='ocrx_word' id='word_1_87' title='bbox 3196 1648 3417 1699; x_wconf 87' lang='lat' dir='ltr'>annos</span> <span class='ocrx_word' id='word_1_88' title='bbox 3480 1627 3655 1699; x_wconf 82' lang='lat' dir='ltr'>duos</span> <span class='ocrx_word' id='word_1_89' title='bbox 3708 1628 4013 1699; x_wconf 85' lang='lat' dir='ltr'>firmata.</span> 
     </span>
     <span class='ocr_line' id='line_1_10' title="bbox 914 1746 4014 1840; baseline -0.001 -19"><span class='ocrx_word' id='word_1_90' title='bbox 914 1750 1385 1840; x_wconf 87' lang='lat' dir='ltr'>Accepturum</span> <span class='ocrx_word' id='word_1_91' title='bbox 1417 1748 1478 1836; x_wconf 74' lang='grc'>4)</span> <span class='ocrx_word' id='word_1_92' title='bbox 1536 1769 1610 1819; x_wconf 93' lang='lat' dir='ltr'>se</span> <span class='ocrx_word' id='word_1_93' title='bbox 1665 1749 1819 1820; x_wconf 84' lang='lat' dir='ltr'>Rex</span> <span class='ocrx_word' id='word_1_94' title='bbox 1875 1746 2169 1820; x_wconf 88' lang='lat' dir='ltr'>Concilii</span> <span class='ocrx_word' id='word_1_95' title='bbox 2224 1747 2781 1820; x_wconf 87' lang='lat' dir='ltr'>Constantiensis</span> <span class='ocrx_word' id='word_1_96' title='bbox 2821 1747 3273 1835; x_wconf 88' lang='lat' dir='ltr'>decisionem,</span> <span class='ocrx_word' id='word_1_97' title='bbox 3332 1746 3534 1839; x_wconf 88' lang='lat' dir='ltr'>eique</span> <span class='ocrx_word' id='word_1_98' title='bbox 3572 1750 3757 1819; x_wconf 86' lang='lat' dir='ltr'>stare</span> <span class='ocrx_word' id='word_1_99' title='bbox 3796 1768 3874 1819; x_wconf 92' lang='lat' dir='ltr'>se</span> <span class='ocrx_word' id='word_1_100' title='bbox 3912 1766 4014 1818; x_wconf 88' lang='lat' dir='ltr'>re-</span> 
     </span>
     <span class='ocr_line' id='line_1_11' title="bbox 915 1864 4015 1959; baseline -0.001 -20"><span class='ocrx_word' id='word_1_101' title='bbox 915 1867 1274 1959; x_wconf 82' lang='lat' dir='ltr'>promisit3</span> <span class='ocrx_word' id='word_1_102' title='bbox 1333 1870 1542 1957; x_wconf 89' lang='lat' dir='ltr'>atque</span> <span class='ocrx_word' id='word_1_103' title='bbox 1598 1866 1672 1938; x_wconf 90' lang='lat' dir='ltr'>in</span> <span class='ocrx_word' id='word_1_104' title='bbox 1725 1866 2127 1938; x_wconf 89' lang='lat' dir='ltr'>huiusmodi</span> <span class='ocrx_word' id='word_1_105' title='bbox 2184 1866 2570 1938; x_wconf 85' lang='lat' dir='ltr'>Concilium</span> <span class='ocrx_word' id='word_1_106' title='bbox 2624 1866 3154 1939; x_wconf 86' lang='lat' dir='ltr'>Constantiense</span> <span class='ocrx_word' id='word_1_107' title='bbox 3208 1866 3281 1937; x_wconf 93' lang='lat' dir='ltr'>in</span> <span class='ocrx_word' id='word_1_108' title='bbox 3338 1864 3663 1938; x_wconf 87' lang='lat' dir='ltr'>Calendis</span> <span class='ocrx_word' id='word_1_109' title='bbox 3708 1864 3780 1937; x_wconf 95' lang='lat' dir='ltr'>N</span> <span class='ocrx_word' id='word_1_110' title='bbox 3784 1886 4015 1937; x_wconf 82' lang='lat' dir='ltr'>ovem-</span> 
     </span>
     <span class='ocr_line' id='line_1_12' title="bbox 915 1961 4013 2077; baseline -0 -20"><span class='ocrx_word' id='word_1_111' title='bbox 915 1987 1064 2058; x_wconf 85' lang='lat' dir='ltr'>bris</span> <span class='ocrx_word' id='word_1_112' title='bbox 1103 1985 1558 2074; x_wconf 84' lang='lat' dir='ltr'>initiandum,</span> <span class='ocrx_word' id='word_1_113' title='bbox 1615 1985 1984 2057; x_wconf 87' lang='lat' dir='ltr'>Nicolaum</span> <span class='ocrx_word' id='word_1_114' title='bbox 2025 1986 2496 2058; x_wconf 83' lang='lat' dir='ltr'>Gnesnensem</span> <span class='ocrx_word' id='word_1_115' title='bbox 2535 1961 3166 2077; x_wconf 70' lang='lat' dir='ltr'>archiepiscopum,</span> <span class='ocrx_word' id='word_1_116' title='bbox 3208 1986 3589 2057; x_wconf 86' lang='lat' dir='ltr'>Iohannem</span> <span class='ocrx_word' id='word_1_117' title='bbox 3628 1984 4013 2057; x_wconf 78' lang='lat' dir='ltr'>wladisla-</span> 
     </span>
     <span class='ocr_line' id='line_1_13' title="bbox 921 2103 4019 2195; baseline 0 -21"><span class='ocrx_word' id='word_1_118' title='bbox 921 2106 1265 2192; x_wconf 85' lang='lat' dir='ltr'>viensem,</span> <span class='ocrx_word' id='word_1_119' title='bbox 1314 2105 2172 2190; x_wconf 83' lang='lat' dir='ltr'>Iacobun1·Ploczensem,</span> <span class='ocrx_word' id='word_1_120' title='bbox 2225 2104 2685 2195; x_wconf 86' lang='lat' dir='ltr'>Lyaskarium</span> <span class='ocrx_word' id='word_1_121' title='bbox 2716 2107 3014 2177; x_wconf 88' lang='lat' dir='ltr'>electum</span> <span class='ocrx_word' id='word_1_122' title='bbox 3042 2104 3589 2177; x_wconf 90' lang='lat' dir='ltr'>Posnaniensem</span> <span class='ocrx_word' id='word_1_123' title='bbox 3618 2103 4019 2195; x_wconf 78' lang='lat' dir='ltr'>episcopos3</span> 
     </span>
     <span class='ocr_line' id='line_1_14' title="bbox 921 2223 4021 2315; baseline 0 -20"><span class='ocrx_word' id='word_1_124' title='bbox 921 2224 1328 2297; x_wconf 87' lang='lat' dir='ltr'>Ianussium</span> <span class='ocrx_word' id='word_1_125' title='bbox 1384 2224 1467 2296; x_wconf 92' lang='lat' dir='ltr'>de</span> <span class='ocrx_word' id='word_1_126' title='bbox 1522 2223 1964 2295; x_wconf 86' lang='lat' dir='ltr'>Thuliskowo</span> <span class='ocrx_word' id='word_1_127' title='bbox 2023 2225 2481 2297; x_wconf 84' lang='lat' dir='ltr'>castellanum</span> <span class='ocrx_word' id='word_1_128' title='bbox 2538 2224 3065 2312; x_wconf 82' lang='lat' dir='ltr'>Calissiensem,</span> <span class='ocrx_word' id='word_1_129' title='bbox 3123 2224 3531 2295; x_wconf 87' lang='lat' dir='ltr'>Zawissium</span> <span class='ocrx_word' id='word_1_130' title='bbox 3596 2224 3879 2315; x_wconf 84' lang='lat' dir='ltr'>nigrum</span> <span class='ocrx_word' id='word_1_131' title='bbox 3934 2224 4021 2295; x_wconf 91' lang='grc'>(10</span> 
     </span>
     <span class='ocr_line' id='line_1_15' title="bbox 920 2335 4019 2435; baseline -0 -19"><span class='ocrx_word' id='word_1_132' title='bbox 920 2343 1236 2432; x_wconf 83' lang='lat' dir='ltr'>Garbow,</span> <span class='ocrx_word' id='word_1_133' title='bbox 1294 2343 1555 2416; x_wconf 86' lang='lat' dir='ltr'>milites</span> <span class='ocrx_word' id='word_1_134' title='bbox 1610 2365 1733 2434; x_wconf 89' lang='lat' dir='ltr'>pro</span> <span class='ocrx_word' id='word_1_135' title='bbox 1790 2343 1938 2415; x_wconf 89' lang='lat' dir='ltr'>suis</span> <span class='ocrx_word' id='word_1_136' title='bbox 1995 2344 2202 2415; x_wconf 86' lang='lat' dir='ltr'>factis</span> <span class='ocrx_word' id='word_1_137' title='bbox 2240 2344 2693 2435; x_wconf 87' lang='lat' dir='ltr'>procurandis</span> <span class='ocrx_word' id='word_1_138' title='bbox 2733 2350 2803 2417; x_wconf 92' lang='lat' dir='ltr'>et</span> <span class='ocrx_word' id='word_1_139' title='bbox 2840 2344 3227 2416; x_wconf 87' lang='lat' dir='ltr'>ambasiata</span> <span class='ocrx_word' id='word_1_140' title='bbox 3264 2335 3539 2416; x_wconf 84' lang='lat' dir='ltr'>solenni</span> <span class='ocrx_word' id='word_1_141' title='bbox 3576 2344 3839 2429; x_wconf 87' lang='lat' dir='ltr'>ituros,</span> <span class='ocrx_word' id='word_1_142' title='bbox 3900 2344 4019 2415; x_wconf 90' lang='lat' dir='ltr'>de-</span> 
     </span>
     <span class='ocr_line' id='line_1_16' title="bbox 921 2462 4022 2555; baseline -0.001 -20"><span class='ocrx_word' id='word_1_143' title='bbox 921 2462 1253 2555; x_wconf 85' lang='lat' dir='ltr'>signavit.</span> <span class='ocrx_word' id='word_1_144' title='bbox 1320 2464 1691 2535; x_wconf 85' lang='lat' dir='ltr'>Praefatus</span> <span class='ocrx_word' id='word_1_145' title='bbox 1756 2462 2100 2553; x_wconf 89' lang='lat' dir='ltr'>siquidem</span> <span class='ocrx_word' id='word_1_146' title='bbox 2166 2464 2515 2535; x_wconf 89' lang='lat' dir='ltr'>Iohannes</span> <span class='ocrx_word' id='word_1_147' title='bbox 2580 2464 2773 2554; x_wconf 87' lang='lat' dir='ltr'>Papa</span> <span class='ocrx_word' id='word_1_148' title='bbox 2827 2463 3202 2535; x_wconf 84' lang='lat' dir='ltr'>vicesimus</span> <span class='ocrx_word' id='word_1_149' title='bbox 3274 2463 3529 2536; x_wconf 89' lang='lat' dir='ltr'>tertius</span> <span class='ocrx_word' id='word_1_150' title='bbox 3563 2462 3623 2552; x_wconf 78' lang='lat'>5)</span> <span class='ocrx_word' id='word_1_151' title='bbox 3691 2484 3849 2535; x_wconf 88' lang='lat' dir='ltr'>cum</span> <span class='ocrx_word' id='word_1_152' title='bbox 3906 2462 4022 2534; x_wconf 89' lang='lat' dir='ltr'>Si-</span> 
     </span>
     <span class='ocr_line' id='line_1_17' title="bbox 914 2582 4021 2675; baseline -0 -22"><span class='ocrx_word' id='word_1_153' title='bbox 914 2582 1286 2675; x_wconf 86' lang='lat' dir='ltr'>gismundo</span> <span class='ocrx_word' id='word_1_154' title='bbox 1352 2584 1822 2654; x_wconf 88' lang='lat' dir='ltr'>Romanorum</span> <span class='ocrx_word' id='word_1_155' title='bbox 1887 2586 1957 2653; x_wconf 90' lang='lat' dir='ltr'>ot</span> <span class='ocrx_word' id='word_1_156' title='bbox 2011 2583 2418 2674; x_wconf 85' lang='lat' dir='ltr'>Hungariae</span> <span class='ocrx_word' id='word_1_157' title='bbox 2482 2583 2673 2674; x_wconf 85' lang='lat' dir='ltr'>Rege</span> <span class='ocrx_word' id='word_1_158' title='bbox 2738 2584 3173 2674; x_wconf 89' lang='lat' dir='ltr'>personalem</span> <span class='ocrx_word' id='word_1_159' title='bbox 3204 2583 3269 2672; x_wconf 79' lang='grc'>6)</span> <span class='ocrx_word' id='word_1_160' title='bbox 3333 2584 3519 2674; x_wconf 86' lang='lat' dir='ltr'>apud</span> <span class='ocrx_word' id='word_1_161' title='bbox 3582 2582 3897 2654; x_wconf 86' lang='lat' dir='ltr'>Laudam</span> <span class='ocrx_word' id='word_1_162' title='bbox 3930 2583 4021 2671; x_wconf 77' lang='lat'>⁷),</span> 
     </span>
     <span class='ocr_line' id='line_1_18' title="bbox 916 2701 4020 2794; baseline -0.001 -21"><span class='ocrx_word' id='word_1_163' title='bbox 916 2702 1041 2773; x_wconf 91' lang='lat' dir='ltr'>ubi</span> <span class='ocrx_word' id='word_1_164' title='bbox 1095 2702 1247 2792; x_wconf 92' lang='lat' dir='ltr'>ipse</span> <span class='ocrx_word' id='word_1_165' title='bbox 1303 2701 1798 2794; x_wconf 87' lang='lat' dir='ltr'>Sigismundus</span> <span class='ocrx_word' id='word_1_166' title='bbox 1852 2703 2006 2774; x_wconf 84' lang='lat' dir='ltr'>Rex</span> <span class='ocrx_word' id='word_1_167' title='bbox 2061 2722 2186 2792; x_wconf 89' lang='lat' dir='ltr'>pro</span> <span class='ocrx_word' id='word_1_168' title='bbox 2243 2702 2709 2793; x_wconf 87' lang='lat' dir='ltr'>recuperando</span> <span class='ocrx_word' id='word_1_169' title='bbox 2766 2723 2807 2773; x_wconf 88' lang='lat' dir='ltr'>a</span> <span class='ocrx_word' id='word_1_170' title='bbox 2863 2702 3150 2774; x_wconf 87' lang='lat' dir='ltr'>Venetis</span> <span class='ocrx_word' id='word_1_171' title='bbox 3191 2702 3585 2774; x_wconf 88' lang='lat' dir='ltr'>Dalmatiae</span> <span class='ocrx_word' id='word_1_172' title='bbox 3622 2702 3869 2794; x_wconf 86' lang='lat' dir='ltr'>Regno</span> <span class='ocrx_word' id='word_1_173' title='bbox 3909 2701 4020 2772; x_wconf 89' lang='lat' dir='ltr'>in·</span> 
     </span>
     <span class='ocr_line' id='line_1_19' title="bbox 921 2819 4027 2912; baseline -0 -20"><span class='ocrx_word' id='word_1_174' title='bbox 921 2821 1282 2893; x_wconf 88' lang='lat' dir='ltr'>staurabat</span> <span class='ocrx_word' id='word_1_175' title='bbox 1341 2822 1640 2907; x_wconf 92' lang='lat' dir='ltr'>bellum,</span> <span class='ocrx_word' id='word_1_176' title='bbox 1717 2840 1930 2911; x_wconf 85' lang='lat' dir='ltr'>agens</span> <span class='ocrx_word' id='word_1_177' title='bbox 1995 2824 2444 2907; x_wconf 82' lang='lat' dir='ltr'>conventum,</span> <span class='ocrx_word' id='word_1_178' title='bbox 2512 2841 2635 2911; x_wconf 90' lang='lat' dir='ltr'>pro</span> <span class='ocrx_word' id='word_1_179' title='bbox 2702 2820 3138 2909; x_wconf 81' lang='lat' dir='ltr'>schismatiS,</span> <span class='ocrx_word' id='word_1_180' title='bbox 3206 2822 3391 2912; x_wconf 90' lang='lat' dir='ltr'>quod</span> <span class='ocrx_word' id='word_1_181' title='bbox 3454 2820 3820 2894; x_wconf 88' lang='lat' dir='ltr'>ecclesiam</span> <span class='ocrx_word' id='word_1_182' title='bbox 3891 2819 4027 2892; x_wconf 90' lang='lat' dir='ltr'>Dei</span> 
     </span>
     <span class='ocr_line' id='line_1_20' title="bbox 923 2939 4023 3031; baseline 0 -20"><span class='ocrx_word' id='word_1_183' title='bbox 923 2940 1126 3011; x_wconf 88' lang='lat' dir='ltr'>annis</span> <span class='ocrx_word' id='word_1_184' title='bbox 1184 2939 1644 3031; x_wconf 84' lang='lat' dir='ltr'>quadraginta.</span> <span class='ocrx_word' id='word_1_185' title='bbox 1707 2943 2119 3026; x_wconf 81' lang='lat' dir='ltr'>vexaverat,</span> <span class='ocrx_word' id='word_1_186' title='bbox 2190 2939 2623 3011; x_wconf 85' lang='lat' dir='ltr'>extinctione</span> <span class='ocrx_word' id='word_1_187' title='bbox 2680 2940 3065 3012; x_wconf 88' lang='lat' dir='ltr'>Concilium</span> <span class='ocrx_word' id='word_1_188' title='bbox 3131 2941 3203 3012; x_wconf 89' lang='lat' dir='ltr'>in</span> <span class='ocrx_word' id='word_1_189' title='bbox 3270 2940 3793 3013; x_wconf 86' lang='lat' dir='ltr'>Constantiensi</span> <span class='ocrx_word' id='word_1_190' title='bbox 3844 2940 4023 3011; x_wconf 80' lang='lat' dir='ltr'>civi-</span> 
     </span>
     <span class='ocr_line' id='line_1_21' title="bbox 923 3056 4027 3151; baseline 0 -22"><span class='ocrx_word' id='word_1_191' title='bbox 923 3064 1070 3131; x_wconf 87' lang='lat' dir='ltr'>tate</span> <span class='ocrx_word' id='word_1_192' title='bbox 1107 3059 1427 3149; x_wconf 88' lang='lat' dir='ltr'>generale</span> <span class='ocrx_word' id='word_1_193' title='bbox 1465 3057 1580 3149; x_wconf 85' lang='lat' dir='ltr'>agi</span> <span class='ocrx_word' id='word_1_194' title='bbox 1607 3056 1670 3145; x_wconf 85' lang='grc'>8)</span> <span class='ocrx_word' id='word_1_195' title='bbox 1728 3057 2112 3129; x_wconf 87' lang='lat' dir='ltr'>solenniter</span> <span class='ocrx_word' id='word_1_196' title='bbox 2158 3057 2563 3130; x_wconf 86' lang='lat' dir='ltr'>indixerant</span> <span class='ocrx_word' id='word_1_197' title='bbox 2591 3060 2678 3147; x_wconf 76' lang='lat'>⁹),</span> <span class='ocrx_word' id='word_1_198' title='bbox 2736 3060 3185 3151; x_wconf 86' lang='lat' dir='ltr'>astringendo</span> <span class='ocrx_word' id='word_1_199' title='bbox 3242 3080 3316 3131; x_wconf 94' lang='lat' dir='ltr'>se</span> <span class='ocrx_word' id='word_1_200' title='bbox 3358 3060 3446 3149; x_wconf 78' lang='grc'>10)</span> <span class='ocrx_word' id='word_1_201' title='bbox 3500 3081 3627 3151; x_wconf 89' lang='lat' dir='ltr'>per</span> <span class='ocrx_word' id='word_1_202' title='bbox 3664 3058 4027 3132; x_wconf 89' lang='lat' dir='ltr'>iusiuran-</span> 
     </span>
     <span class='ocr_line' id='line_1_22' title="bbox 931 3176 4028 3269; baseline 0.002 -23"><span class='ocrx_word' id='word_1_203' title='bbox 931 3176 1096 3247; x_wconf 90' lang='lat' dir='ltr'>dum</span> <span class='ocrx_word' id='word_1_204' title='bbox 1139 3176 1226 3247; x_wconf 87' lang='lat' dir='ltr'>ad</span> <span class='ocrx_word' id='word_1_205' title='bbox 1262 3176 1477 3264; x_wconf 89' lang='lat' dir='ltr'>illud,</span> <span class='ocrx_word' id='word_1_206' title='bbox 1518 3176 1834 3267; x_wconf 88' lang='lat' dir='ltr'>quolibet</span> <span class='ocrx_word' id='word_1_207' title='bbox 1869 3176 2365 3267; x_wconf 89' lang='lat' dir='ltr'>impedimento</span> <span class='ocrx_word' id='word_1_208' title='bbox 2422 3200 2558 3249; x_wconf 90' lang='lat' dir='ltr'>non</span> <span class='ocrx_word' id='word_1_209' title='bbox 2598 3179 2951 3264; x_wconf 86' lang='lat' dir='ltr'>obstante,</span> <span class='ocrx_word' id='word_1_210' title='bbox 3016 3177 3481 3269; x_wconf 88' lang='lat' dir='ltr'>personaliter</span> <span class='ocrx_word' id='word_1_211' title='bbox 3535 3184 3866 3252; x_wconf 86' lang='lat' dir='ltr'>venturos</span> <span class='ocrx_word' id='word_1_212' title='bbox 3908 3182 4028 3267; x_wconf 72' lang='grc' dir='ltr'>ιι).</span> 
     </span>
     <span class='ocr_line' id='line_1_23' title="bbox 923 3293 4027 3387; baseline 0.002 -21"><span class='ocrx_word' id='word_1_213' title='bbox 923 3294 1456 3386; x_wconf 86' lang='lat' dir='ltr'>Conquisiverat</span> <span class='ocrx_word' id='word_1_214' title='bbox 1519 3298 1750 3367; x_wconf 91' lang='lat' dir='ltr'>autem</span> <span class='ocrx_word' id='word_1_215' title='bbox 1815 3293 1970 3367; x_wconf 86' lang='lat' dir='ltr'>Rex</span> <span class='ocrx_word' id='word_1_216' title='bbox 2037 3295 2532 3387; x_wconf 85' lang='lat' dir='ltr'>Sigismundus</span> <span class='ocrx_word' id='word_1_217' title='bbox 2596 3301 2665 3369; x_wconf 92' lang='lat' dir='ltr'>et</span> <span class='ocrx_word' id='word_1_218' title='bbox 2729 3297 2803 3369; x_wconf 90' lang='lat' dir='ltr'>in</span> <span class='ocrx_word' id='word_1_219' title='bbox 2866 3298 3049 3369; x_wconf 82' lang='lat' dir='ltr'>Foro</span> <span class='ocrx_word' id='word_1_220' title='bbox 3112 3298 3285 3370; x_wconf 88' lang='lat' dir='ltr'>Iulii</span> <span class='ocrx_word' id='word_1_221' title='bbox 3350 3304 3419 3371; x_wconf 87' lang='lat' dir='ltr'>et</span> <span class='ocrx_word' id='word_1_222' title='bbox 3484 3297 3557 3371; x_wconf 89' lang='lat' dir='ltr'>in</span> <span class='ocrx_word' id='word_1_223' title='bbox 3622 3298 4027 3372; x_wconf 80' lang='lat' dir='ltr'>Dalmatiae</span> 
     </span>
     <span class='ocr_line' id='line_1_24' title="bbox 923 3414 4022 3508; baseline 0.001 -21"><span class='ocrx_word' id='word_1_224' title='bbox 923 3416 1166 3507; x_wconf 86' lang='lat' dir='ltr'>Regno</span> <span class='ocrx_word' id='word_1_225' title='bbox 1221 3436 1430 3487; x_wconf 88' lang='lat' dir='ltr'>manu</span> <span class='ocrx_word' id='word_1_226' title='bbox 1487 3414 1650 3485; x_wconf 90' lang='lat' dir='ltr'>forti</span> <span class='ocrx_word' id='word_1_227' title='bbox 1712 3416 1952 3505; x_wconf 90' lang='lat' dir='ltr'>plures</span> <span class='ocrx_word' id='word_1_228' title='bbox 2009 3414 2365 3487; x_wconf 86' lang='lat' dir='ltr'>civitates:</span> <span class='ocrx_word' id='word_1_229' title='bbox 2424 3416 2499 3487; x_wconf 93' lang='lat' dir='ltr'>in</span> <span class='ocrx_word' id='word_1_230' title='bbox 2553 3416 2809 3507; x_wconf 90' lang='lat' dir='ltr'>quibus</span> <span class='ocrx_word' id='word_1_231' title='bbox 2867 3416 3005 3490; x_wconf 91' lang='lat' dir='ltr'>etsi</span> <span class='ocrx_word' id='word_1_232' title='bbox 3056 3418 3409 3508; x_wconf 88' lang='lat' dir='ltr'>praesidia</span> <span class='ocrx_word' id='word_1_233' title='bbox 3481 3417 3787 3489; x_wconf 91' lang='lat' dir='ltr'>militum</span> <span class='ocrx_word' id='word_1_234' title='bbox 3852 3439 4022 3489; x_wconf 85' lang='lat' dir='ltr'>suo-</span> 
     </span>
    </p>
   </div>
   <div class='ocr_carea' id='block_1_3' title="bbox 921 3533 4031 3745">
    <p class='ocr_par' dir='ltr' id='par_1_3' title="bbox 921 3533 4031 3745">
     <span class='ocr_line' id='line_1_25' title="bbox 921 3533 4031 3630; baseline 0.002 -25"><span class='ocrx_word' id='word_1_235' title='bbox 921 3556 1077 3605; x_wconf 89' lang='lat' dir='ltr'>rum</span> <span class='ocrx_word' id='word_1_236' title='bbox 1131 3533 1545 3626; x_wconf 88' lang='lat' dir='ltr'>reliquerat,</span> <span class='ocrx_word' id='word_1_237' title='bbox 1605 3554 1839 3606; x_wconf 89' lang='lat' dir='ltr'>omnes</span> <span class='ocrx_word' id='word_1_238' title='bbox 1896 3538 2159 3621; x_wconf 92' lang='lat' dir='ltr'>tamen,</span> <span class='ocrx_word' id='word_1_239' title='bbox 2230 3556 2307 3606; x_wconf 92' lang='lat' dir='ltr'>eo</span> <span class='ocrx_word' id='word_1_240' title='bbox 2361 3533 2794 3625; x_wconf 88' lang='lat' dir='ltr'>discedente,</span> <span class='ocrx_word' id='word_1_241' title='bbox 2860 3556 2987 3627; x_wconf 89' lang='lat' dir='ltr'>per</span> <span class='ocrx_word' id='word_1_242' title='bbox 3040 3536 3463 3609; x_wconf 87' lang='lat' dir='ltr'>Venetorum</span> <span class='ocrx_word' id='word_1_243' title='bbox 3526 3543 3771 3630; x_wconf 85' lang='lat' dir='ltr'>gentes</span> <span class='ocrx_word' id='word_1_244' title='bbox 3826 3537 4031 3610; x_wconf 88' lang='lat' dir='ltr'>fuere</span> 
     </span>
     <span class='ocr_line' id='line_1_26' title="bbox 925 3656 2142 3745; baseline 0 -20"><span class='ocrx_word' id='word_1_245' title='bbox 925 3656 1000 3725; x_wconf 93' lang='lat' dir='ltr'>et</span> <span class='ocrx_word' id='word_1_246' title='bbox 1053 3657 1494 3745; x_wconf 85' lang='lat' dir='ltr'>expugnatae</span> <span class='ocrx_word' id='word_1_247' title='bbox 1547 3657 1618 3725; x_wconf 88' lang='lat' dir='ltr'>et</span> <span class='ocrx_word' id='word_1_248' title='bbox 1671 3657 2142 3743; x_wconf 86' lang='lat' dir='ltr'>recuperatae.</span> 
     </span>
    </p>
   </div>
   <div class='ocr_carea' id='block_1_4' title="bbox 926 4003 4029 4333">
    <p class='ocr_par' dir='ltr' id='par_1_4' title="bbox 926 4003 4029 4333">
     <span class='ocr_line' id='line_1_27' title="bbox 926 4003 4029 4095; baseline 0.002 -22"><span class='ocrx_word' id='word_1_249' title='bbox 926 4005 1019 4075; x_wconf 74' lang='lat' dir='ltr'>Ad</span> <span class='ocrx_word' id='word_1_250' title='bbox 1063 4004 1566 4076; x_wconf 69' lang='lat' dir='ltr'>Constantienso</span> <span class='ocrx_word' id='word_1_251' title='bbox 1612 4003 1984 4090; x_wconf 69' lang='lat' dir='ltr'>Concilium,</span> <span class='ocrx_word' id='word_1_252' title='bbox 2045 4005 2216 4093; x_wconf 84' lang='lat' dir='ltr'>quod</span> <span class='ocrx_word' id='word_1_253' title='bbox 2270 4004 2463 4075; x_wconf 74' lang='grc'><strong>0111110</strong></span> <span class='ocrx_word' id='word_1_254' title='bbox 2515 4008 2792 4094; x_wconf 82' lang='lat' dir='ltr'>quatuor</span> <span class='ocrx_word' id='word_1_255' title='bbox 2845 4006 3133 4092; x_wconf 77' lang='lat' dir='ltr'>duravit,</span> <span class='ocrx_word' id='word_1_256' title='bbox 3193 4006 3397 4095; x_wconf 73' lang='lat' dir='ltr'>legati</span> <span class='ocrx_word' id='word_1_257' title='bbox 3444 4024 3529 4078; x_wconf 79' lang='lat' dir='ltr'>ox</span> <span class='ocrx_word' id='word_1_258' title='bbox 3572 4006 3833 4077; x_wconf 65' lang='lat' dir='ltr'>folonia</span> <span class='ocrx_word' id='word_1_259' title='bbox 3876 4006 4029 4079; x_wconf 82' lang='lat' dir='ltr'>mit·</span> 
     </span>
     <span class='ocr_line' id='line_1_28' title="bbox 928 4123 4028 4215; baseline 0.001 -23"><span class='ocrx_word' id='word_1_260' title='bbox 928 4125 1186 4209; x_wconf 68' lang='lat' dir='ltr'>tantun</span> <span class='ocrx_word' id='word_1_261' title='bbox 1233 4123 1316 4193; x_wconf 82' lang='lat' dir='ltr'>ad</span> <span class='ocrx_word' id='word_1_262' title='bbox 1360 4124 1530 4211; x_wconf 80' lang='grc'><strong>(111011</strong></span> <span class='ocrx_word' id='word_1_263' title='bbox 1575 4126 1646 4194; x_wconf 82' lang='lat' dir='ltr'>ot</span> <span class='ocrx_word' id='word_1_264' title='bbox 1690 4123 2134 4211; x_wconf 73' lang='lat' dir='ltr'>sigismundus</span> <span class='ocrx_word' id='word_1_265' title='bbox 2176 4123 2598 4195; x_wconf 77' lang='lat' dir='ltr'>Romanorum</span> <span class='ocrx_word' id='word_1_266' title='bbox 2644 4127 2715 4195; x_wconf 82' lang='lat' dir='ltr'>ot</span> <span class='ocrx_word' id='word_1_267' title='bbox 2751 4124 3111 4213; x_wconf 67' lang='lat' dir='ltr'>anagniae</span> <span class='ocrx_word' id='word_1_268' title='bbox 3141 4125 3282 4197; x_wconf 78' lang='lat' dir='ltr'>Rex</span> <span class='ocrx_word' id='word_1_269' title='bbox 3312 4126 3755 4215; x_wconf 72' lang='lat' dir='ltr'>proficiscens,</span> <span class='ocrx_word' id='word_1_270' title='bbox 3800 4126 4028 4215; x_wconf 66' lang='lat' dir='ltr'>Aquis-</span> 
     </span>
     <span class='ocr_line' id='line_1_29' title="bbox 1841 4242 3108 4333; baseline 0.002 -21"><span class='ocrx_word' id='word_1_271' title='bbox 1841 4242 2027 4331; x_wconf 75' lang='lat' dir='ltr'>grani</span> <span class='ocrx_word' id='word_1_272' title='bbox 2073 4260 2371 4314; x_wconf 79' lang='lat' dir='ltr'>coronam</span> <span class='ocrx_word' id='word_1_273' title='bbox 2414 4243 2805 4332; x_wconf 76' lang='lat' dir='ltr'>imperialem</span> <span class='ocrx_word' id='word_1_274' title='bbox 2851 4244 3108 4333; x_wconf 77' lang='grc'><strong>00011111.</strong></span> 
     </span>
    </p>
   </div>
   <div class='ocr_carea' id='block_1_5' title="bbox 930 4484 4031 4818">
    <p class='ocr_par' dir='ltr' id='par_1_5' title="bbox 930 4484 4031 4818">
     <span class='ocr_line' id='line_1_30' title="bbox 1136 4484 4031 4580; baseline 0.001 -23"><span class='ocrx_word' id='word_1_275' title='bbox 1136 4484 1428 4576; x_wconf 86' lang='lat' dir='ltr'>Treugis</span> <span class='ocrx_word' id='word_1_276' title='bbox 1495 4486 1580 4556; x_wconf 89' lang='lat' dir='ltr'>ob</span> <span class='ocrx_word' id='word_1_277' title='bbox 1647 4484 1776 4556; x_wconf 88' lang='lat' dir='ltr'>Dei</span> <span class='ocrx_word' id='word_1_278' title='bbox 1840 4486 2335 4574; x_wconf 86' lang='lat' dir='ltr'>reverentiam,</span> <span class='ocrx_word' id='word_1_279' title='bbox 2400 4508 2525 4576; x_wconf 86' lang='lat' dir='ltr'>per</span> <span class='ocrx_word' id='word_1_280' title='bbox 2586 4488 2889 4560; x_wconf 90' lang='lat' dir='ltr'>medium</span> <span class='ocrx_word' id='word_1_281' title='bbox 2954 4488 3213 4560; x_wconf 89' lang='lat' dir='ltr'>Nuntii</span> <span class='ocrx_word' id='word_1_282' title='bbox 3274 4487 3645 4579; x_wconf 88' lang='lat' dir='ltr'>apostolici</span> <span class='ocrx_word' id='word_1_283' title='bbox 3708 4488 4031 4580; x_wconf 87' lang='lat' dir='ltr'>episcopi</span> 
     </span>
     <span class='ocr_line' id='line_1_31' title="bbox 930 4602 4030 4694; baseline 0.002 -18"><span class='ocrx_word' id='word_1_284' title='bbox 930 4604 1405 4677; x_wconf 90' lang='lat' dir='ltr'>Lausanensis</span> <span class='ocrx_word' id='word_1_285' title='bbox 1447 4602 1557 4691; x_wconf 81' lang='lat'>¹2),</span> <span class='ocrx_word' id='word_1_286' title='bbox 1615 4604 1687 4674; x_wconf 90' lang='lat' dir='ltr'>in</span> <span class='ocrx_word' id='word_1_287' title='bbox 1745 4605 2106 4676; x_wconf 88' lang='lat' dir='ltr'>biennium</span> <span class='ocrx_word' id='word_1_288' title='bbox 2161 4606 2601 4678; x_wconf 85' lang='lat' dir='ltr'>Wladislaus</span> <span class='ocrx_word' id='word_1_289' title='bbox 2656 4607 2987 4679; x_wconf 85' lang='lat' dir='ltr'>Poloniae</span> <span class='ocrx_word' id='word_1_290' title='bbox 3040 4609 3195 4679; x_wconf 85' lang='lat' dir='ltr'>Rex</span> <span class='ocrx_word' id='word_1_291' title='bbox 3250 4608 3583 4694; x_wconf 81' lang='lat' dir='ltr'>firmatiS,</span> <span class='ocrx_word' id='word_1_292' title='bbox 3652 4612 3855 4679; x_wconf 87' lang='lat' dir='ltr'>sexta</span> <span class='ocrx_word' id='word_1_293' title='bbox 3908 4608 4030 4681; x_wconf 88' lang='lat' dir='ltr'>die</span> 
     </span>
     <span class='ocr_line' id='line_1_32' title="bbox 931 4722 4031 4818; baseline 0.001 -21"><span class='ocrx_word' id='word_1_294' title='bbox 931 4724 1252 4798; x_wconf 86' lang='lat' dir='ltr'>Octobris</span> <span class='ocrx_word' id='word_1_295' title='bbox 1309 4722 1841 4794; x_wconf 85' lang='lat' dir='ltr'>Brodniczensis</span> <span class='ocrx_word' id='word_1_296' title='bbox 1897 4723 2245 4813; x_wconf 77' lang='lat' dir='ltr'>civitatiS,</span> <span class='ocrx_word' id='word_1_297' title='bbox 2304 4746 2479 4815; x_wconf 89' lang='lat' dir='ltr'>quac</span> <span class='ocrx_word' id='word_1_298' title='bbox 2535 4748 2691 4798; x_wconf 92' lang='lat' dir='ltr'>eum</span> <span class='ocrx_word' id='word_1_299' title='bbox 2746 4748 2871 4817; x_wconf 91' lang='lat' dir='ltr'>per</span> <span class='ocrx_word' id='word_1_300' title='bbox 2922 4726 3195 4818; x_wconf 87' lang='lat' dir='ltr'>aliquot</span> <span class='ocrx_word' id='word_1_301' title='bbox 3231 4747 3502 4799; x_wconf 92' lang='lat' dir='ltr'>menses</span> <span class='ocrx_word' id='word_1_302' title='bbox 3539 4728 3842 4815; x_wconf 87' lang='lat' dir='ltr'>luserat,</span> <span class='ocrx_word' id='word_1_303' title='bbox 3900 4727 4031 4799; x_wconf 88' lang='lat' dir='ltr'>ob-</span> 
     </span>
    </p>
   </div>
   <div class='ocr_carea' id='block_1_6' title="bbox 933 4922 1176 4930">
    <p class='ocr_par' dir='ltr' id='par_1_6' title="bbox 933 4922 1176 4930">
     <span class='ocr_line' id='line_1_33' title="bbox 933 4922 1176 4930; baseline 0 1454"><span class='ocrx_word' id='word_1_304' title='bbox 933 4922 1176 4930; x_wconf 95' lang='lat' dir='ltr'> </span> 
     </span>
    </p>
   </div>
   <div class='ocr_carea' id='block_1_7' title="bbox 935 5020 4043 5415">
    <p class='ocr_par' dir='ltr' id='par_1_7' title="bbox 935 5020 4043 5415">
     <span class='ocr_line' id='line_1_34' title="bbox 1149 5020 4033 5109; baseline 0.003 -22"><span class='ocrx_word' id='word_1_305' title='bbox 1149 5028 1194 5107; x_wconf 84' lang='lat'>¹)</span> <span class='ocrx_word' id='word_1_306' title='bbox 1221 5020 1308 5087; x_wconf 75' lang='lat' dir='ltr'>¹ut</span> <span class='ocrx_word' id='word_1_307' title='bbox 1352 5028 1576 5088; x_wconf 82' lang='lat' dir='ltr'>civitati</span> <span class='ocrx_word' id='word_1_308' title='bbox 1626 5022 1776 5088; x_wconf 79' lang='lat' dir='ltr'>Cod.</span> <span class='ocrx_word' id='word_1_309' title='bbox 1823 5025 2014 5089; x_wconf 81' lang='lat' dir='ltr'>Rozr.</span> <span class='ocrx_word' id='word_1_310' title='bbox 2073 5026 2127 5107; x_wconf 73' lang='lat'>⁹)</span> <span class='ocrx_word' id='word_1_311' title='bbox 2174 5029 2495 5089; x_wconf 88' lang='lat' dir='ltr'>remitteret</span> <span class='ocrx_word' id='word_1_312' title='bbox 2542 5024 2694 5092; x_wconf 82' lang='lat' dir='ltr'>Cod.</span> <span class='ocrx_word' id='word_1_313' title='bbox 2736 5028 2928 5091; x_wconf 76' lang='lat' dir='ltr'>Rozr.</span> <span class='ocrx_word' id='word_1_314' title='bbox 2988 5029 3041 5108; x_wconf 78' lang='lat'>³)</span> <span class='ocrx_word' id='word_1_315' title='bbox 3089 5035 3249 5091; x_wconf 83' lang='lat' dir='ltr'>esset</span> <span class='ocrx_word' id='word_1_316' title='bbox 3295 5025 3448 5093; x_wconf 75' lang='lat' dir='ltr'>Cod.</span> <span class='ocrx_word' id='word_1_317' title='bbox 3494 5028 3683 5093; x_wconf 82' lang='lat' dir='ltr'>Roz-r.</span> <span class='ocrx_word' id='word_1_318' title='bbox 3736 5027 3791 5109; x_wconf 83' lang='lat'>⁴)</span> <span class='ocrx_word' id='word_1_319' title='bbox 3836 5034 4033 5095; x_wconf 83' lang='lat' dir='ltr'>Acce-</span> 
     </span>
     <span class='ocr_line' id='line_1_35' title="bbox 935 5126 4041 5217; baseline 0.002 -28"><span class='ocrx_word' id='word_1_320' title='bbox 935 5136 1286 5207; x_wconf 85' lang='lat' dir='ltr'>pturumque</span> <span class='ocrx_word' id='word_1_321' title='bbox 1335 5126 1485 5191; x_wconf 80' lang='lat' dir='ltr'>Cod.</span> <span class='ocrx_word' id='word_1_322' title='bbox 1532 5128 1725 5191; x_wconf 80' lang='lat' dir='ltr'>Rozr.</span> <span class='ocrx_word' id='word_1_323' title='bbox 1785 5128 1836 5208; x_wconf 73' lang='lat'>⁵)</span> <span class='ocrx_word' id='word_1_324' title='bbox 1883 5130 2177 5189; x_wconf 85' lang='lat' dir='ltr'>Iohannes</span> <span class='ocrx_word' id='word_1_325' title='bbox 2222 5132 2388 5206; x_wconf 84' lang='lat' dir='ltr'>Papa</span> <span class='ocrx_word' id='word_1_326' title='bbox 2429 5132 2640 5190; x_wconf 88' lang='lat' dir='ltr'>XXIV.</span> <span class='ocrx_word' id='word_1_327' title='bbox 2694 5129 2848 5192; x_wconf 83' lang='lat' dir='ltr'>Cod.</span> <span class='ocrx_word' id='word_1_328' title='bbox 2896 5130 3088 5193; x_wconf 80' lang='lat' dir='ltr'>Rozr.</span> <span class='ocrx_word' id='word_1_329' title='bbox 3138 5130 3190 5211; x_wconf 77' lang='lat'>⁸)</span> <span class='ocrx_word' id='word_1_330' title='bbox 3236 5134 3626 5207; x_wconf 80' lang='lat' dir='ltr'>personaliter</span> <span class='ocrx_word' id='word_1_331' title='bbox 3668 5131 3798 5195; x_wconf 83' lang='lat' dir='ltr'>Ed.</span> <span class='ocrx_word' id='word_1_332' title='bbox 3844 5132 4041 5217; x_wconf 74' lang='lat' dir='ltr'>Lips.</span> 
     </span>
     <span class='ocr_line' id='line_1_36' title="bbox 941 5226 4043 5315; baseline 0.003 -26"><span class='ocrx_word' id='word_1_333' title='bbox 941 5229 991 5310; x_wconf 82' lang='lat'>⁷)</span> <span class='ocrx_word' id='word_1_334' title='bbox 1039 5232 1250 5290; x_wconf 82' lang='lat' dir='ltr'>Lauda</span> <span class='ocrx_word' id='word_1_335' title='bbox 1293 5229 1418 5293; x_wconf 85' lang='lat' dir='ltr'>Ed.</span> <span class='ocrx_word' id='word_1_336' title='bbox 1465 5229 1644 5313; x_wconf 80' lang='lat' dir='ltr'>Lips.</span> <span class='ocrx_word' id='word_1_337' title='bbox 1711 5232 1762 5309; x_wconf 76' lang='lat'>⁸)</span> <span class='ocrx_word' id='word_1_338' title='bbox 1808 5232 2102 5307; x_wconf 81' lang='lat' dir='ltr'>agendum</span> <span class='ocrx_word' id='word_1_339' title='bbox 2150 5226 2302 5292; x_wconf 80' lang='lat' dir='ltr'>Cod.</span> <span class='ocrx_word' id='word_1_340' title='bbox 2348 5229 2541 5293; x_wconf 78' lang='lat' dir='ltr'>Rozr.</span> <span class='ocrx_word' id='word_1_341' title='bbox 2597 5231 2649 5310; x_wconf 74' lang='grc' dir='ltr'>ο)</span> <span class='ocrx_word' id='word_1_342' title='bbox 2692 5234 2931 5311; x_wconf 85' lang='lat' dir='ltr'>indixit,</span> <span class='ocrx_word' id='word_1_343' title='bbox 2977 5240 3156 5309; x_wconf 84' lang='lat' dir='ltr'>atque</span> <span class='ocrx_word' id='word_1_344' title='bbox 3204 5228 3355 5295; x_wconf 79' lang='lat' dir='ltr'>Cod.</span> <span class='ocrx_word' id='word_1_345' title='bbox 3400 5231 3593 5295; x_wconf 79' lang='lat' dir='ltr'>Rozr.</span> <span class='ocrx_word' id='word_1_346' title='bbox 3651 5232 3729 5315; x_wconf 76' lang='lat'>¹⁴¹)</span> <span class='ocrx_word' id='word_1_347' title='bbox 3778 5242 4043 5313; x_wconf 79' lang='lat' dir='ltr'>uterque</span> 
     </span>
     <span class='ocr_line' id='line_1_37' title="bbox 939 5328 3721 5415; baseline 0 -19"><span class='ocrx_word' id='word_1_348' title='bbox 939 5334 1212 5396; x_wconf 82' lang='lat' dir='ltr'>astrinxit</span> <span class='ocrx_word' id='word_1_349' title='bbox 1241 5350 1306 5393; x_wconf 87' lang='lat' dir='ltr'>se</span> <span class='ocrx_word' id='word_1_350' title='bbox 1356 5330 1506 5393; x_wconf 69' lang='lat' dir='ltr'>Coa.</span> <span class='ocrx_word' id='word_1_351' title='bbox 1551 5332 1744 5395; x_wconf 78' lang='lat' dir='ltr'>Rozr.</span> <span class='ocrx_word' id='word_1_352' title='bbox 1802 5332 1879 5411; x_wconf 90' lang='lat'>¹¹)</span> <span class='ocrx_word' id='word_1_353' title='bbox 1929 5338 2259 5393; x_wconf 83' lang='lat' dir='ltr'>venturum.</span> <span class='ocrx_word' id='word_1_354' title='bbox 2308 5328 2459 5396; x_wconf 74' lang='lat' dir='ltr'>Cod.</span> <span class='ocrx_word' id='word_1_355' title='bbox 2504 5331 2697 5396; x_wconf 81' lang='lat' dir='ltr'>Rozr.</span> <span class='ocrx_word' id='word_1_356' title='bbox 2754 5334 2831 5415; x_wconf 74' lang='lat'>¹²)</span> <span class='ocrx_word' id='word_1_357' title='bbox 2877 5336 3281 5397; x_wconf 80' lang='lat' dir='ltr'>Lanzanensis</span> <span class='ocrx_word' id='word_1_358' title='bbox 3329 5331 3481 5398; x_wconf 75' lang='lat' dir='ltr'>Cod.</span> <span class='ocrx_word' id='word_1_359' title='bbox 3528 5334 3721 5398; x_wconf 76' lang='lat' dir='ltr'>Rozr.</span> 
     </span>
    </p>
   </div>
  </div>
 </body>
</html>
