4342 6384
452 587 584 688 (Α.
623 588 715 664 D.
754 587 1008 688 1427.)
1604 613 1831 664 mnan
1882 613 2342 666 unnncnms.
3405 593 3551 664 347

450 799 647 886 ptus,
704 795 1144 883 KazimiruS,
1200 798 1385 887 apud
1439 797 1839 871 Cracoviam
1896 803 2244 885 mortum,
2301 803 2374 870 et
2429 797 2502 870 in
2540 797 2836 871 ecclesia
2891 797 3338 872 Cracoviensi
3390 803 3552 871 ante

450 916 671 990 altare
728 915 971 988 Sancti
1024 916 1301 989 Erasmi
1354 919 1707 1008 sepultuS,
1774 918 2228 991 afflictionem
2282 918 2462 1010 Regi
2529 923 2598 990 et
2652 919 2962 991 consorti
3017 939 3184 990 suae
3239 918 3550 1010 Reginae

451 1035 752 1128 Sophiae
808 1037 1177 1124 attulerat,
1253 1038 1377 1127 qui
1442 1038 1525 1112 de
1591 1038 1791 1110 illius
1856 1059 2150 1112 excessu
2216 1038 2514 1125 turbati,
2589 1038 2883 1110 moerori
2948 1038 3110 1128 plus
3177 1059 3384 1129 quam
3441 1043 3554 1110 sat

450 1160 633 1243 erat,
689 1155 1172 1249 indulgebant.
1249 1158 1651 1231 Alexander
1712 1163 1947 1230 autem
2013 1157 2456 1230 Withawdus
2521 1158 2817 1249 Magnus
2885 1157 3306 1229 Lithuaniae
3361 1158 3548 1244 Dux,

452 1277 991 1350 foecunditatem
1050 1277 1351 1368 Sophiae
1390 1279 1737 1370 Reginae,
1796 1299 1971 1368 quae
2026 1277 2298 1349 duobus
2337 1276 2508 1349 filiis
2561 1277 2956 1368 productis,
3015 1277 3226 1349 etiam
3281 1277 3354 1348 iu
3394 1297 3550 1348 eum

452 1417 709 1468 annum
764 1400 1043 1469 uterum
1080 1403 1515 1488 porrexerat,
1556 1398 1821 1470 habeus
1858 1399 2306 1470 vehementer
2341 1400 2624 1488 prepter
2657 1417 3001 1485 rumoreS‚
3061 1396 3184 1488 qui
3221 1395 3307 1467 ad
3344 1395 3550 1468 illum

450 1515 964 1603 deferebantur,
1023 1521 1091 1589 et
1144 1516 1524 1589 Wladislai
1578 1517 1795 1609 Regis
1850 1516 2277 1608 decrepitam
2332 1515 2579 1608 magiS,
2639 1536 2846 1607 quam
2903 1516 3230 1603 senilem,
3288 1516 3372 1586 de
3412 1535 3550 1606 qua

452 1636 639 1727 apud
692 1636 898 1708 illum
938 1636 1265 1727 conqueri
1305 1637 1605 1724 solebat,
1662 1640 1995 1722 aetatem,
2038 1641 2468 1727 suspectam,
2527 1639 2946 1708 conventum
2987 1657 3219 1708 secum
3275 1656 3398 1728 pro
3437 1631 3550 1708 die

449 1756 929 1828 Exaltationis
994 1757 1291 1829 Sancta-e
1354 1755 1591 1828 Crucis
1657 1758 1841 1848 apud
1898 1756 2231 1848 oppidum
2287 1756 2554 1828 Hrodlo
2619 1755 2734 1847 agi
2799 1757 3061 1848 Regem
3104 1756 3156 1844 ¹)
3213 1753 3546 1841 obtinuit,

452 1875 964 1964 disseminatis,
1022 1875 1473 1968 vulgatisque
1504 1875 1567 1964 2)
1622 1875 2018 1948 rumoribus
2074 1876 2553 1967 provisurum,
2615 1881 2684 1949 et
2739 1876 2960 1948 famae
3013 1874 3230 1968 Regis
3287 1878 3358 1947 et
3411 1876 3545 1948 Re-

450 1996 655 2090 ginae
688 1994 751 2086 ³)
789 1997 1307 2085 consulturum,
1348 2017 1503 2069 cum
1543 1997 1726 2069 fama
1764 1996 2250 2091 impudicitiae
2287 2017 2437 2070 eam
2473 1995 2785 2090 gravit-er
2821 1995 3134 2070 laborare
3171 1997 3546 2068 constaret.

580 2360 817 2451 sophia
859 2361 1107 2451 aegina
1146 2361 1217 2432 in
1262 2361 1571 2433 convitiis
1613 2363 1695 2433 do
1742 2362 2063 2434 adulterio
2109 2378 2226 2451 por.
2269 2361 2704 2433 Withawdum
2748 2361 2980 2432 Ducem
3023 2376 3137 2431 roa
3181 2361 3417 2449 agitur,

1218 2484 1290 2554 ot
1335 2481 1586 2571 aliquot
1628 2481 1945 2554 militares
1998 2481 2294 2573 suspecti
2339 2480 2776 2570 captivantur.

658 2721 1133 2794 Exaltationis
1191 2723 1489 2820 Sanctae
1543 2721 1781 2794 Crucis
1837 2723 2015 2794 festo
2081 2722 2151 2793 in
2218 2721 2401 2794 diem
2457 2720 2648 2794 Solis
2713 2718 3111 2806 eveniente,
3179 2716 3543 2790 conventio

450 2842 525 2912 in
579 2841 847 2913 Hrodlo
912 2841 1164 2933 oppido
1230 2861 1443 2932 supra
1504 2841 1800 2913 fluvium
1865 2843 2054 2934 Bug,
2128 2861 2252 2933 per
2314 2840 2785 2913 Wladislaum
2859 2837 3194 2912 Poloniae
3256 2837 3542 2928 Regem,

453 2959 576 3051 qui
632 2959 893 3051 Sophia
946 2960 1219 3053 Regina
1281 2961 1465 3052 apud
1520 2960 1867 3034 Medikam
1924 2961 2190 3034 curiam
2245 2960 2569 3049 dimissa,
2636 2960 2811 3034 illuc
2865 2963 3184 3047 venerat,
3253 2963 3324 3030 et
3377 2958 3544 3028 Ale·

452 3079 797 3152 xandrum
850 3079 1323 3152 Withawdum
1379 3079 1805 3153 Lithuaniae
1862 3081 2123 3153 Ducem
2154 3081 2242 3169 ⁴),
2302 3079 2542 3152 habita
2595 3084 2724 3153 est.
2782 3081 2894 3152 Ad
2933 3099 3140 3171 quam
3197 3098 3354 3150 cum
3391 3081 3542 3150 tan-

451 3201 805 3271 tummodo
860 3198 1246 3272 consiliarii
1299 3200 1634 3273 Poloniae
1696 3200 2030 3292 privatim
2085 3199 2439 3288 accersiti,
2507 3205 2577 3271 et
2631 3199 2704 3272 iu
2760 3198 3144 3272 sententias
3201 3195 3420 3290 Regis
3475 3200 3545 3269 et

454 3317 671 3392 Ducis
726 3319 1067 3392 assentire
1132 3318 1358 3408 soliti,
1426 3320 1753 3408 caeteris,
1820 3320 1943 3410 qui
2004 3320 2077 3390 in
2132 3319 2446 3392 dicendis
2513 3318 2884 3392 sententiis
2959 3321 3314 3410 spectatae
3378 3315 3544 3388 fidei

456 3443 527 3512 et
580 3439 931 3512 libertatis
986 3439 1539 3526 noscitabantur,
1605 3461 1691 3512 ne
1744 3439 2244 3531 impedimento
2301 3439 2558 3526 forent,
2628 3439 2969 3526 exclusis,
3027 3437 3541 3523 convenissent,

454 3559 857 3632 Alexander
910 3557 1349 3630 Withawdus
1402 3559 1798 3651 proposuit:
1876 3580 1949 3634 se
2013 3579 2101 3631 ex
2156 3559 2366 3632 certis
2429 3556 2891 3631 relationibus
2957 3559 3028 3628 et
3091 3555 3542 3628 avisamentis

451 3700 577 3771 pro
632 3682 981 3770 comperto
1036 3657 1416 3771 accepisse,
1474 3678 1806 3769 Sophiam
1862 3679 2196 3751 Poloniae
2233 3678 2607 3770 Reginam,
2665 3675 3048 3768 pudicitiae
3103 3673 3364 3746 laxatis
3418 3675 3540 3744 ha-

451 3799 684 3888 benis,
740 3797 1103 3878 nonnullis
1156 3798 1491 3872 Poloniae
1522 3797 1584 3887 ⁵)
1648 3798 2031 3886 militibus,
2097 3819 2220 3889 per
2285 3819 2442 3870 eum
2495 3796 2774 3888 proprio
2828 3795 3105 3867 nomine
3161 3791 3538 3884 expressis,

453 3941 683 3994 amore
736 3918 1131 3992 inordinato
1196 3917 1513 3990 affectam
1578 3939 1763 4006 esse,
1830 3919 2227 4010 vererique,
2293 3918 2368 3990 ni
2422 3916 2743 3990 celeriter
2793 3915 3125 4008 gliscenti
3189 3913 3372 3984 malo
3429 3931 3538 3984 oc-

452 4061 731 4112 cursum
789 4039 1033 4126 fuerit,
1104 4059 1254 4110 eam
1318 4059 1443 4130 pro
1501 4058 1713 4146 sexus
1778 4039 1890 4110 sui
1954 4039 2341 4130 fragilitate
2404 4037 2478 4108 in
2531 4036 2802 4128 peiora,
2869 4034 3164 4125 Regem,
3222 4034 3540 4124 Regnum

453 4165 525 4233 et
576 4181 797 4252 genus
852 4181 1056 4231 suum
1112 4158 1633 4245 dedecorantia,
1690 4159 2099 4249 praesertim
2164 4179 2319 4230 cum
2377 4163 2601 4242 aetas,
2660 4157 2908 4242 forma,
2969 4173 3332 4225 successus
3387 4151 3539 4223 feli-

452 4301 597 4368 ces,
656 4279 907 4366 otium‚
964 4298 1195 4350 rerum
1262 4284 1331 4350 et
1384 4278 1697 4350 ciborum
1762 4277 2223 4365 abundantia,
2291 4277 2685 4349 occasiones
2753 4273 3318 4360 subministrent,
3383 4292 3539 4363 pro—

450 4401 840 4491 lapsuram;
897 4399 1487 4490 captivandosque
1543 4396 1841 4483 militeS‚
1900 4403 1971 4468 et
2005 4396 2291 4487 Sopiam
2329 4396 2670 4487 Reginam
2725 4394 3066 4467 strictiori
3097 4395 3158 4481 6)
3197 4391 3540 4478 custodia,

449 4540 659 4611 parco
712 4523 923 4610 atque
977 4517 1318 4610 castigato
1373 4517 1527 4589 cibo
1580 4537 1897 4604 usuram,
1956 4514 2366 4588 habendam.
2425 4515 2526 4587 Ea
2578 4537 2650 4586 re
2707 4515 2996 4586 affectus
3052 4513 3207 4586 Rex
3272 4518 3342 4585 et
3395 4511 3538 4582 siu-

450 4637 732 4711 ceritati
788 4639 1009 4708 famae
1060 4636 1292 4728 regiae
1366 4640 1435 4708 et
1489 4636 1715 4728 Regni
1782 4636 2226 4728 provisurus,
2285 4657 2372 4707 an
2431 4635 2762 4727 Sophiam
2827 4635 3168 4726 Reginam
3233 4631 3538 4704 ludibrio

452 4765 525 4830 et
578 4756 983 4830 confusione
1046 4755 1462 4846 vulgatiori,
1528 4756 1789 4828 dudum
1852 4756 1966 4828 illi
2030 4755 2288 4842 iratuS,
2355 4755 2814 4826 innodaturus
2881 4752 3321 4826 Withawdus
3375 4752 3539 4821 Dux

451 4877 835 4962 censuerit,
892 4895 1031 4946 non
1069 4875 1245 4946 satis
1300 4878 1574 4966 poterat
1612 4875 2055 4967 investigari:
2114 4895 2324 4966 quam
2380 4879 2451 4946 et
2487 4873 2691 4959 mihi,
2749 4874 2863 4946 cui
2919 4872 3188 4944 tardius
3245 4869 3541 4961 contigit

450 4997 841 5089 ingenium,
898 5016 1021 5086 pro
1088 5016 1250 5066 vero
1314 4996 1387 5067 iu
1441 5000 1709 5087 partem
1773 4997 2063 5068 alteram
2127 4996 2358 5067 locare
2419 5015 2557 5064 non
2623 4993 2912 5084 placuit.
2988 4993 3376 5064 Assensum
3433 4995 3542 5060 est

452 5120 525 5189 et
576 5136 700 5208 per
751 5114 1223 5188 Wladislaum
1260 5116 1521 5207 Regem
1576 5119 1647 5188 et
1683 5115 2122 5188 consiliarios
2178 5117 2610 5206 praesenteS,
2669 5110 3057 5184 Alexandri
3111 5109 3328 5181 Ducis
3383 5130 3538 5200 pro·

666 5388 711 5468 ¹)
756 5391 985 5466 regium
1034 5383 1184 5451 Cod.
1233 5385 1423 5450 Rozr.
1496 5386 1547 5466 Ω)
1594 5389 2033 5466 divulgatisque
2082 5383 2232 5449 Cod.
2281 5384 2473 5448 Rozr.
2537 5383 2588 5464 ³)
2635 5386 2824 5460 Regni
2874 5379 3024 5446 Cod.
3075 5378 3250 5444 Calv.
3317 5379 3369 5460 ⁸)
3416 5383 3543 5442 Ma-

448 5511 632 5574 gnum
659 5491 1015 5554 Lithuaniae
1057 5493 1284 5553 Ducem
1329 5488 1456 5554 Ed.
1488 5488 1670 5574 Lips.
1720 5489 1771 5572 ⁶)
1818 5493 2174 5552 Polonorum
2215 5487 2342 5552 Ed.
2387 5486 2568 5570 Lips.
2617 5485 2672 5566 ⁶)
2716 5489 2778 5548 in
2823 5487 3100 5550 strictiori
3149 5481 3301 5550 0001.
3348 5482 3541 5547 Rozr.
