4342 6384
359 571 493 675 (Α.
532 573 625 650 D.
664 569 917 673 1429.)
1513 591 1740 648 menn
1790 589 2254 649 UNDEchS.
2501 651 2508 658 ,
3303 569 3456 648 369

362 781 606 871 6111116,
666 785 734 856 61
769 787 1139 874 propterea
1192 781 1723 854 conventionem
1778 781 2003 872 ipsam
2040 782 2469 854 Luczensem
2525 780 2639 873 agi
2679 780 3017 867 obtinuit,
3075 781 3254 854 Duci
3290 782 3456 854 Ale·

361 903 626 974 xandro
679 902 1113 989 Withawdo,
1170 905 1251 972 ut
1290 923 1363 974 se
1419 901 1491 972 in
1528 900 1790 993 Regem
1830 900 2254 974 Lithuaniae
2309 901 2525 974 creari
2564 900 3034 992 permitteret,
3094 922 3456 990 suasuruS,

358 1043 709 1114 graveque
764 1025 835 1094 et
889 1021 1364 1112 periculosum
1419 1021 1714 1108 malum,
1783 1021 2043 1092 dudum
2108 1020 2224 1092 illi
2289 1025 2451 1092 ante
2517 1041 2733 1092 annos
2791 1019 3049 1112 viginti
3105 1020 3456 1112 ingestum

362 1146 433 1213 et
486 1163 527 1212 a
580 1141 991 1215 melioribus
1046 1140 1364 1214 consiliis
1430 1146 1599 1214 tunc
1666 1147 2072 1232 superatum
2112 1141 2190 1229 ¹),
2275 1162 2552 1212 rursum
2622 1139 2860 1212 efferre
2933 1144 3004 1211 et
3056 1141 3284 1232 Regni
3339 1162 3457 1212 cu-

360 1261 671 1353 pidinem
727 1261 840 1333 illi
896 1281 1267 1354 suggerere
1305 1261 1566 1352 coepit,
1624 1260 1752 1334 1116
1790 1281 2081 1334 coronae
2134 1281 2316 1333 novo
2371 1264 2444 1333 et
2482 1260 2876 1352 excogitato
2930 1260 3236 1333 ludibrio
3287 1261 3460 1333 duos

362 1382 645 1468 fratreS,
703 1380 1015 1472 duosque
1067 1383 1397 1472 populos,
1455 1380 1749 1454 dissidio
1804 1381 2180 1472 plusquam
2237 1380 2518 1453 mortali
2573 1379 2862 1469 iniecto,
2921 1385 3331 1468 vexaturuS,
3391 1385 3460 1452 et

361 1505 505 1574 tam
560 1502 855 1574 fratrum
929 1521 1137 1592 quam
1199 1501 1617 1593 populorum
1689 1499 2167 1573 dissoluturus
2230 1499 2645 1592 glutinium,
2721 1521 2858 1572 non
2923 1505 3004 1571 ut
3066 1501 3452 1591 perfectum

362 1621 647 1693 honoris
704 1621 814 1694 sui
871 1625 941 1692 et
976 1620 1248 1712 patriae
1286 1619 1799 1692 Lithuanorum
1836 1623 2101 1692 statum
2158 1619 2520 1693 clariorem
2557 1620 2906 1706 redderet,
2967 1620 3088 1691 sed
3125 1623 3207 1691 ut
3245 1639 3460 1690 suave

362 1759 703 1813 venenum
758 1740 903 1827 illi,
970 1744 1041 1812 et
1093 1739 1417 1832 pluribus
1482 1739 1644 1811 aliis
1700 1738 2167 1828 mortiferum,
2237 1739 2366 1812 sub
2421 1738 2693 1811 mellita
2724 1736 2787 1826 2)
2855 1737 3221 1811 dulcedine
3274 1758 3457 1810 com-

362 1859 715 1947 misceret,
774 1859 1133 1950 scissoque
1186 1861 1431 1952 Regno
1485 1858 1855 1946 Poloniae,
1922 1858 2258 1932 Russiam
2313 1863 2384 1932 et
2439 1857 2892 1931 Lithuaniam
2949 1858 3036 1928 ad
3089 1857 3332 1929 caedes
3389 1861 3458 1927 et

361 1978 551 2052 bella
599 1980 1059 2071 pertraheret.

728 2338 947 2412 Poloni
992 2357 1126 2412 non
1170 2338 1536 2412 concedunt
1579 2338 2012 2412 Withavdum
2054 2339 2124 2410 in
2170 2337 2554 2411 lithuaniac
2597 2336 2836 2428 negem
2880 2338 3104 2410 creari.

570 2576 901 2670 Suggerit
954 2577 1191 2669 itaque
1257 2576 1751 2669 sigismundus
1806 2577 2276 2650 Romanorum
2336 2579 2406 2648 et
2460 2574 2866 2667 Hungariae
2921 2576 3076 2648 Rex
3134 2579 3204 2646 et
3257 2575 3454 2647 blan·

360 2699 471 2773 dis
526 2719 605 2770 ac
660 2697 978 2771 facundis
1050 2696 1425 2788 persuadet
1496 2696 1869 2788 colloquiis
1902 2695 1964 2785 ³)
2029 2695 2428 2770 Withawdo
2495 2695 2673 2767 Duci
2729 2693 2979 2785 Magno
3035 2693 3458 2766 Lithuaniae

361 2823 601 2910 (quem
658 2821 727 2890 et
782 2837 1019 2890 omnes
1078 2837 1240 2888 suos
1296 2815 1657 2907 Principes
1714 2819 1783 2888 et
1819 2817 2161 2906 Boyaros,
2219 2814 2428 2888 etiam
2477 2813 2896 2887 conditionis
2953 2813 3186 2885 tenuis
3243 2816 3314 2885 et
3350 2813 3454 2884 in-

359 2939 596 3025 fimae,
654 2937 821 3009 altis
878 2941 950 3012 et
1002 2935 1333 3027 pretiosis
1389 2934 1795 3007 muneribus
1850 2934 1924 3007 in
1980 2955 2181 3022 aure,
2239 2938 2560 3026 argento,
2601 2933 2792 3004 vasis
2847 2932 3173 3020 caelatiS,
3231 2932 3456 3024 equis,

359 3058 613 3149 pannis
677 3077 843 3128 auro
911 3060 979 3128 et
1046 3055 1309 3128 murice
1374 3054 1729 3146 superbis,
1804 3075 2096 3144 quorum
2158 3053 2537 3145 portitores
2601 3051 2870 3142 duplici
2937 3053 3177 3124 ordine
3249 3053 3456 3144 longo

360 3177 590 3269 spatio
644 3180 845 3248 erant
898 3175 1207 3263 extensi,
1266 3178 1337 3247 et
1388 3195 1514 3266 per
1565 3174 1773 3245 horas
1828 3173 2099 3264 aliquot
2153 3172 2227 3244 in
2283 3172 2564 3264 publico
2618 3193 2743 3262 pro
2793 3172 3090 3263 quadam
3146 3175 3453 3245 ostenta-

358 3296 551 3368 tione
606 3296 917 3383 stabant,
972 3296 1437 3367 honoraverat
1500 3300 1569 3366 et
1632 3293 1707 3365 in
1773 3294 2075 3366 favorem
2143 3314 2348 3364 suum
2415 3293 2924 3380 contraxerat):
3001 3295 3081 3362 ut
3149 3312 3304 3363 cum
3361 3291 3457 3362 sit

360 3415 697 3506 Princeps
752 3414 1213 3488 excellentiae
1276 3418 1347 3486 et
1411 3415 1631 3485 famae
1694 3412 2101 3499 immensae,
2172 3417 2243 3483 et
2304 3413 2512 3502 plura
2575 3410 2940 3502 magnifice
3008 3411 3080 3483 in
3135 3411 3456 3501 partibus

360 3534 669 3608 Orientis
722 3535 1054 3627 gesserit,
1119 3534 1509 3625 habeatque
1572 3533 1883 3622 amplum
1948 3536 2018 3604 61
2072 3531 2296 3603 latum
2353 3529 2832 3602 Dominiorum
2900 3551 3177 3602 suorum
3237 3529 3453 3601 ambi-

359 3660 545 3741 tum,
600 3654 925 3745 pluribus
982 3653 1191 3728 etiam
1245 3653 1559 3746 Regibus
1616 3652 2104 3739 suffecturum,
2164 3654 2427 3722 statum
2483 3655 2553 3722 et
2589 3671 2838 3722 nomen
2893 3665 3096 3721 suum
3153 3648 3328 3740 erigi
3386 3653 3457 3720 et

359 3774 597 3847 attolli
650 3794 869 3864 aequo
926 3773 1157 3845 animo
1196 3774 1405 3860 ferat,
1461 3773 1913 3863 patiaturque
1970 3792 2043 3843 se
2079 3772 2350 3862 Regum
2406 3769 2766 3861 aggregari
2821 3790 3140 3856 numero,
3198 3769 3454 3858 quibus

360 3892 668 3980 divitiis,
728 3895 912 3965 fama
966 3897 1037 3964 et
1089 3893 1347 3965 honore
1404 3891 1691 3964 inferior
1744 3913 1881 3963 non
1939 3894 2119 3978 erat,
2179 3895 2249 3961 et
2285 3910 2466 3960 novo
2521 3888 2907 3962 diademate
2964 3891 3274 3978 sumpto,
3331 3887 3451 3958 Li—

359 4012 693 4086 thuaniae
745 4016 969 4084 terras
1034 4012 1109 4084 in
1162 4032 1418 4083 novum
1484 4011 1803 4102 Regnum
1866 4010 2117 4097 creari3
2193 4008 2622 4081 calidissimo
2687 4013 2760 4079 et
2828 4009 3201 4100 plusquam
3259 4009 3452 4079 vafro

358 4133 433 4205 id
486 4153 699 4224 agens
764 4130 1074 4222 ingenio,
1140 4131 1607 4203 distracturus
1672 4129 2147 4202 Withawdum
2214 4151 2254 4200 a
2317 4127 2652 4201 societate
2727 4132 2796 4200 et
2860 4127 3170 4200 amicitia
3235 4127 3453 4220 Regis

359 4255 431 4324 61
483 4250 711 4343 Regni
763 4250 1129 4338 Poloniae,
1186 4251 1370 4340 quod
1407 4250 1747 4322 hactenus
1803 4249 2336 4340 omnitempore
2393 4253 2462 4320 et
2499 4249 2650 4320 loco
2706 4247 3028 4320 munifice
3065 4246 3450 4320 adiuverat.

362 4370 680 4443 Facilem
754 4370 873 4442 dat
926 4370 1090 4442 Dux
1146 4369 1591 4442 Withawdus
1654 4369 1819 4442 huic
1871 4367 2312 4459 persuasioni
2377 4387 2824 4455 consensum,
2901 4370 3201 4454 attente,
3269 4367 3454 4456 quod

356 4511 471 4563 res
525 4489 681 4581 ipsa
734 4491 987 4561 famam
1052 4509 1250 4561 suam
1314 4488 1619 4579 amplius
1674 4487 2128 4576 diffunderet,
2197 4487 2398 4559 cuius
2461 4487 2614 4578 ipse
2677 4489 2876 4559 velut
2927 4487 3266 4577 Princeps
3321 4485 3452 4557 alti

356 4608 697 4701 pectoris,
766 4606 1219 4680 avidissimus
1292 4613 1464 4680 erat.
1541 4609 1777 4680 Unum
1840 4612 2073 4679 tamen
2139 4607 2278 4679 sibi
2343 4612 2414 4679 et
2467 4607 2632 4679 huic
2705 4627 2870 4678 suae
2937 4607 3212 4677 futurae
3287 4605 3448 4676 sub·

357 4727 709 4801 limationi
782 4727 1035 4800 asserit
1105 4726 1455 4818 interponi
1526 4727 1998 4814 obstaculum,
2078 4726 2407 4816 qnoniam
2481 4747 2617 4798 non
2681 4725 2891 4798 liceat
2920 4726 2984 4814 ⁴)
3041 4724 3210 4811 sibi,
3286 4744 3444 4795 con·

359 4869 576 4921 sensu
636 4847 1014 4921 Wladislai
1076 4847 1294 4937 Regis
1358 4847 1597 4918 fratris
1662 4845 1775 4918 sui
1846 4867 1982 4918 non
2045 4845 2270 4936 petito
2334 4850 2458 4917 aut
2522 4846 2835 4932 obtento,
2912 4867 2952 4914 a
3017 4864 3152 4934 (1116
3227 4847 3448 4914 terras

354 4965 783 5040 Lithnaniae
834 4965 1171 5058 regendas
1226 4970 1663 5058 susceperat,
1722 4969 1791 5039 et
1846 4986 2024 5057 quae
2077 4965 2321 5057 Regno
2374 4964 2739 5054 Poloniae,
2798 4963 3009 5036 etiam
3066 4983 3142 5035 66
3199 4982 3444 5052 appro-

356 5087 571 5159 bante
626 5090 695 5158 et
730 5084 1083 5174 laudante,
1140 5085 1381 5157 unitae
1420 5087 1719 5172 fuerant,
1777 5085 1850 5156 in
1886 5084 2402 5158 coronationem
2441 5089 2512 5155 et
2547 5083 2712 5155 novi
2748 5081 2979 5173 Regni
3033 5080 3454 5154 creationem

575 5357 621 5438 ¹)
666 5363 1003 5435 separatum
1050 5351 1203 5420 Cod.
1234 5353 1427 5418 Rozr.
1476 5353 1532 5435 ⁹)
1576 5357 1768 5416 mellis
1816 5349 1969 5418 Cod.
2000 5351 2193 5417 Rozr.
2243 5353 2296 5434 ³)
2338 5360 2398 5416 et
2439 5354 2760 5432 persuadet
2801 5353 3034 5414 blandis
3080 5357 3140 5412 et
3183 5351 3454 5413 facundis

362 5462 639 5538 alloquiis
682 5461 1021 5522 Alexandro
1069 5455 1220 5522 cod.
1268 5455 1459 5520 Rozr.
1516 5455 1572 5539 ⁴)
1616 5459 1911 5538 videlicet,
1954 5459 2115 5534 quod
2158 5477 2278 5519 non
2319 5459 2528 5520 liceret
2567 5453 2696 5520 Ed.
2745 5453 2926 5538 Lipe.

417 5612 464 5656 δ.
489 5611 680 5670 Dlugon.
708 5611 830 5652 Hm.
856 5610 1016 5652 Polou.
1045 5610 1096 5651 Τ.
1122 5610 1205 5650 IV.
3067 5587 3136 5646 47
