4342 6384
945 530 1095 607 660
2111 555 2337 607 numu
2390 555 2900 608 nuomzcmus.
3473 531 3611 631 (Α.
3647 530 3740 605 D.
3778 530 3988 631 mo.)

941 760 1340 830 supremum
1395 737 1848 829 capitaneum
1903 740 2249 827 nominat3
2304 740 2633 813 civitates
2685 738 3082 832 praedictae
3136 742 3433 810 conatus
3488 759 3653 810 suos
3706 738 3987 829 pluribus

941 858 1258 949 pecuniis
1314 857 1682 945 adiuvant,
1744 858 2060 951 singulos
2115 858 2449 933 introitus
2502 860 2731 952 regios
2786 858 2926 932 sibi
2980 860 3300 945 solvunt3
3356 858 3709 931 numisma
3742 880 3987 931 aureum

939 983 1008 1050 et
1061 981 1470 1069 argenteum
1525 978 1712 1069 apud
1767 978 2234 1069 Krempnicza
2270 980 2324 1069 ¹)
2379 980 2657 1052 nomine
2710 978 3025 1051 Ladislai
3076 978 3294 1070 Regis
3348 982 3701 1069 operatur.
3768 978 3989 1051 Deinde

939 1098 1213 1189 Regina
1265 1097 1622 1188 praedicta
1675 1097 2085 1170 Ladislaum
2140 1100 2415 1172 Banum
2470 1098 2716 1171 multis
2761 1098 3087 1191 precibus
3144 1103 3215 1171 et
3266 1097 3847 1189 promissionibus
3878 1098 3989 1168 sol·

941 1216 1203 1304 licitat,
1262 1220 1344 1288 nt
1401 1223 1471 1288 et
1521 1216 1788 1289 bellum
1843 1238 1884 1287 a
1935 1223 2134 1308 parte
2190 1219 2411 1291 altera
2464 1218 2859 1290 wladislao
2913 1216 3092 1310 Regi
3158 1216 3485 1305 suscitet,
3554 1217 3849 1305 inducit,
3896 1216 3991 1307 qui

942 1336 1300 1428 negotium
1357 1339 1537 1426 (erat
1593 1336 1778 1408 enim
1832 1356 1970 1408 non
2023 1341 2169 1409 tam
2222 1338 2528 1429 prudens
2584 1358 2793 1429 quam
2846 1338 3115 1430 gloriae
3170 1336 3499 1429 cupidus)
3554 1341 3879 1410 temerato
3909 1335 3989 1407 iu-

939 1459 1252 1527 ramento
1310 1454 1630 1545 suscipit.
1688 1456 1952 1528 Multos
2008 1462 2078 1528 et
2132 1458 2309 1529 alios
2364 1458 2665 1531 barones
2711 1477 3119 1549 magnarum
3174 1478 3384 1547 opum
3432 1461 3503 1528 et
3538 1456 3795 1528 virium
3818 1454 3895 1544 2),
3939 1470 3991 1527 et

943 1575 1302 1667 signanter
1340 1574 1695 1647 Bathosch
1727 1573 1788 1665 3)
1827 1576 2177 1648 Andream
2214 1576 2621 1649 bellatorem
2660 1580 3057 1668 expertum,
3114 1575 3327 1649 Czaki
3356 1576 3420 1665 4)
3474 1578 3811 1663 Ferencz,
3858 1574 3990 1647 Phi·

938 1694 1161 1785 lipum
1224 1694 1533 1767 Ianusch
1576 1694 1671 1782 5)‚
1741 1694 2273 1785 Woydeemrich
2312 1696 2375 1784 ⁶)
2441 1696 2602 1787 iugo
2665 1696 3086 1768 Polonorum
3128 1694 3223 1784 ⁷),
3290 1700 3360 1768 et
3420 1694 3663 1785 plures
3703 1693 3767 1783 8)
3826 1694 3991 1779 alios,

946 1813 1087 1884 imo
1145 1814 1287 1885 fere
1344 1834 1579 1887 omnes
1645 1814 1950 1904 partium
2017 1814 2393 1887 Slavoniae
2456 1816 2751 1888 barones
2804 1819 2875 1887 et
2928 1813 3205 1887 nobiles
3258 1814 3345 1886 ad
3398 1814 3691 1887 eandem
3760 1818 3990 1887 senten-

943 1932 1114 2005 tiam
1170 1932 1548 2021 pertrahit,
1605 1933 1782 2005 alios
1838 1937 2072 2005 autem
2129 1934 2281 2005 sola
2334 1933 2633 2023 invidia,
2699 1937 3069 2026 propterea
3134 1934 3319 2025 quod
3372 1932 3613 2005 Simon
3670 1930 3994 2025 Agriensis

945 2050 1316 2142 episcopus
1370 2051 1555 2141 apud
1609 2051 1870 2143 regiam
1924 2052 2363 2125 Maiestatem
2417 2054 2735 2141 valebat,
2801 2052 2877 2125 in
2928 2053 3383 2126 rebellionem
3436 2052 3727 2125 reduxit
3752 2052 3835 2140 ⁹).
3892 2052 3991 2122 Ea-

945 2171 1100 2243 dem
1156 2174 1262 2241 est
1317 2170 1589 2244 cunctis
1644 2170 1941 2243 intentio
1980 2176 2050 2244 et
2089 2173 2450 2259 volunta8‚
2507 2172 2769 2264 Regem
2822 2170 3297 2244 Wladislaum
3350 2172 3595 2263 Regno
3631 2169 3993 2263 Hungariae

942 2289 1237 2382 pellere,
1297 2294 1369 2361 et
1421 2310 1656 2362 omnes
1711 2310 1875 2362 suos
1931 2291 2172 2364 fideles
2227 2296 2297 2365 et
2348 2292 2804 2365 adhaerentes
2842 2291 3146 2383 spoliare
3181 2292 3335 2364 vita
3368 2295 3441 2363 et
3477 2291 3807 2363 fortunis.
3856 2290 3991 2361 Con-

941 2408 1128 2501 gerit
1163 2409 1401 2499 itaque
1437 2408 1812 2482 Ladislaus
1866 2411 2107 2481 Banus
2161 2410 2561 2501 praedictus
2618 2416 2859 2483 contra
2912 2414 3123 2501 caput
3159 2409 3375 2501 Regis
3414 2410 3529 2499 ¹⁰),
3590 2411 3779 2500 quod
3814 2428 3991 2500 quon-

942 2530 1100 2601 dam
1137 2550 1262 2620 pro
1301 2528 1528 2621 capite
1583 2549 1708 2601 suo
1763 2533 2210 2619 peroraverat
2247 2530 2337 2619 ¹¹)
2394 2533 2466 2602 et
2518 2529 2709 2603 vitae
2762 2531 3067 2622 primum
3121 2529 3360 2617 illum,
3410 2528 3664 2602 deinde
3729 2524 3994 2601 libertati

940 2649 1384 2737 restituerat,
1441 2670 1771 2741 magnum
1826 2669 1913 2721 ex
1966 2649 2349 2722 baronibus
2410 2650 2811 2742 praecipuis
2866 2655 2937 2722 et
2988 2647 3451 2723 bellatoribus
3512 2669 3655 2720 non
3712 2666 3993 2739 spernen-

942 2769 1053 2841 dis
1091 2766 1183 2857 12)
1239 2772 1310 2839 et
1356 2770 1606 2840 fortem
1647 2768 2069 2855 exercitum,
2127 2773 2198 2841 et
2250 2769 2575 2860 pluribus
2631 2769 2868 2857 illum,
2926 2788 3062 2859 quo
3102 2767 3358 2841 certior
3392 2766 3491 2839 sit
3523 2766 3855 2853 victoria,
3902 2784 3992 2834 no-

943 2888 1185 2961 bilitat
1237 2887 1516 2959 bellicis
1572 2888 2125 2978 apparamentiS,
2184 2888 2488 2980 concipit
2522 2888 2755 2961 animo
2792 2892 3054 2961 certam
3090 2886 3491 2974 victoriam,
3548 2888 3883 2977 quantum
3912 2902 3993 2953 ar·

946 3007 1080 3079 mis
1120 3010 1189 3079 et
1225 3008 1447 3079 Marte
1486 3003 1575 3095 ¹³)
1631 3006 1900 3093 valeat,
1965 3006 2333 3079 Elisabeth
2387 3006 2699 3099 Reginae
2752 3005 3152 3096 denuntiat,
3220 3004 3709 3097 experimenta
3764 3004 3995 3077 divinae

951 3104 1246 3198 ultionis
1301 3120 1385 3197 'et
1446 3125 1958 3217 providentiae,
2025 3125 2283 3217 quibus
2346 3126 2659 3199 innoxiis
2721 3125 3075 3199 libertatis
3139 3124 3388 3197 noxios
3450 3123 3707 3197 iisdem
3770 3122 3995 3217 poenis,

955 3265 1129 3337 quas
1167 3244 1317 3317 illis
1355 3244 1608 3317 inferre
1646 3244 2074 3333 destinabat,
2123 3246 2305 3317 solet
2350 3245 2751 3318 contradere
2787 3246 2903 3335 ¹4),
2959 3250 3245 3336 repente
3306 3246 3801 3334 suscepturus;
3860 3259 3999 3333 quae

948 3363 1187 3437 eadem
1242 3362 1663 3436 certitudine
1718 3362 1802 3434 de
1855 3362 2152 3435 victoria
2215 3367 2578 3454 concepta,
2647 3362 3082 3454 Strigonium
3146 3362 3381 3435 venit:
3438 3362 3579 3434 iam
3632 3363 3821 3435 enim
3868 3360 3997 3433 Dio-

948 3484 1194 3576 nysius
1253 3481 1758 3575 Strigoniensis
1797 3481 2189 3555 Cardinalis
2245 3486 2315 3554 et
2367 3482 2932 3573 archiepiscopus
2988 3502 3031 3553 a
3072 3480 3416 3553 fidelitate
3468 3481 3851 3554 Wladislai
3896 3480 3999 3552 Re·

945 3605 1090 3697 gis,
1150 3606 1484 3676 temerato
1533 3602 1957 3691 iuramento,
2022 3624 2182 3691 nec,
2250 3624 2453 3693 quem
2498 3602 2767 3693 pridem
2819 3600 2895 3673 in
2948 3601 3212 3693 Regem
3273 3600 3684 3693 Hungariae
3746 3601 4003 3673 unxerat

948 3729 1020 3796 et
1075 3726 1555 3811 coronaverat,
1613 3722 2013 3811 attendenS,
2070 3726 2307 3812 partes
2362 3721 2730 3793 Elisabeth
2783 3719 3095 3812 Reginae
3150 3719 3607 3810 sequebatur3
3662 3737 4002 3793 commora-

949 3848 1066 3915 tur
1120 3843 1192 3914 in
1251 3840 1606 3933 Strigonio
1663 3839 1910 3913 diebus
1965 3842 2290 3931 pluribus
2346 3846 2671 3913 eventum
2732 3838 2900 3912 belli
2956 3837 3209 3927 futuri,
3267 3839 3455 3929 quod
3490 3838 3864 3911 Ladislaus
3896 3838 4001 3907 Ba·

947 3983 1084 4033 nus
1121 3960 1400 4053 agebat,
1439 3959 1962 4051 praestoland0‚
2003 3980 2082 4033 ea
2119 3958 2510 4031 intentione
2548 3964 2618 4031 et
2653 3958 3043 4050 proposito,
3103 3962 3187 4029 ut
3236 3962 3441 4048 parta
3476 3978 3603 4049 per
3636 3958 4005 4031 Ladislaum

955 4082 1260 4167 Banum,
1328 4100 1535 4170 quam
1587 4083 1865 4171 gestare
1925 4100 2136 4150 manu
2202 4078 2556 4165 credebat,
2620 4078 2950 4165 victoria,
3020 4076 3493 4149 Wladislaum
3554 4077 3821 4170 Regem
3880 4092 4007 4148 cum

952 4197 1065 4271 his
1118 4197 1480 4290 gentibus,
1540 4219 1714 4289 quas
1768 4198 1842 4269 in
1896 4196 2179 4268 Iavrino
2236 4198 2545 4285 tenebat,
2604 4201 2674 4269 et
2710 4196 2908 4283 aliis,
2966 4218 3054 4269 ex
3111 4196 3311 4267 Buda
3354 4196 3684 4287 pelleret,
3744 4200 3865 4267 aut
3898 4194 4007 4265 Bu-

953 4319 1115 4406 dae,
1157 4316 1218 4389 si
1256 4317 1587 4390 excedere
1634 4318 1886 4403 nollet,
1937 4316 2402 4388 concluderet.
2473 4316 2573 4393 De
2639 4319 2745 4387 tot
2807 4321 2878 4388 et
2932 4316 3197 4388 talibus
3263 4314 3545 4387 insidiis
3608 4314 4009 4389 Wladislaus

952 4438 1108 4511 Rex
1163 4436 1418 4509 certior
1474 4436 1732 4522 factae,
1791 4436 1972 4507 facto
2009 4455 2147 4505 non
2186 4436 2537 4523 consulte,
2595 4435 2669 4507 in
2709 4433 2841 4506 tali
2875 4435 3187 4525 periculo
3226 4455 3401 4525 opus
3440 4456 3592 4508 esse
3627 4440 3859 4523 1111113,
3907 4430 4009 4505 Ni·

951 4558 1226 4629 colaum
1279 4554 1676 4627 Fristaczki
1730 4559 1801 4626 et
1855 4554 2238 4625 Iohannem
2294 4554 2377 4625 de
2432 4553 2719 4625 Huniad
2774 4558 3016 4625 contra
3068 4553 3479 4625 Ladislaum
3536 4554 3814 4626 Banum
3846 4570 4008 4644 prae-

951 4676 1219 4747 dictum
1275 4678 1344 4747 et
1397 4694 1595 4745 suam
1652 4672 2088 4759 societatem,
2155 4672 2317 4743 dato
2372 4671 2523 4743 illis
2589 4671 2937 4759 exercitu,
3003 4672 3459 4759 transmittit,
3518 4672 3779 4763 quibus
3832 4670 4007 4744 etiam

1170 4892 1217 4974 ¹)
1264 4892 1558 4970 Oropnica
1605 4886 1758 4953 0001.
1818 4887 2037 4951 Przez.
2085 4890 2441 4951 Kremnicza
2482 4887 2609 4951 Ed.
2655 4887 2839 4972 Lipe.
2888 4888 2939 4968 ²)
2984 4891 3197 4951 iurium
3240 4886 3369 4951 Ed.
3415 4887 3599 4972 IApe.
3664 4889 3719 4971 ³)
3762 4886 4013 4951 Bartosch

958 4993 1110 5059 Cod.
1155 4994 1373 5057 Przez.
1421 4995 1648 5073 (Botosi
1695 4994 1770 5054 de
1813 4992 2098 5070 Xaraph).
2161 4990 2213 5070 ⁴)
2279 4992 2481 5069 Ozeky
2530 4988 2682 5054 Cod.
2733 4988 2909 5054 Calv.
2976 4990 3030 5071 ⁶)
3074 4994 3281 5053 Ianum
3338 4990 3465 5055 Ed.
3530 4990 3714 5075 Lips.
3774 4992 4014 5071 (Ioannes

953 5098 1216 5173 Phylpes
1261 5097 1336 5156 de
1379 5095 1670 5174 Korogh).
1717 5092 1769 5169 ⁶)
1818 5094 2239 5171 Voydeemryk
2286 5090 2436 5156 Cocl.
2488 5090 2665 5156 Calv.
2719 5094 3048 5173 (Emericus
3106 5096 3237 5157 sive
3294 5096 3589 5156 Henricus
3648 5096 3807 5157 filius
3864 5094 4015 5166 Way·

829 5248 836 5253 .
955 5200 1162 5259 wodae
1205 5199 1281 5259 de
1323 5197 1675 5275 Thamasy).
1728 5194 1780 5277 ⁷)
1824 5214 2044 5273 genere
2086 5198 2373 5259 Polonum
2421 5192 2573 5258 Cod.
2618 5195 2757 5259 Lis.
2808 5196 2859 5273 ⁸)
2904 5200 3119 5257 multos
3154 5191 3309 5259 Cod.
3339 5195 3477 5259 Lis.
3526 5194 3579 5276 ¹’)
3610 5197 3857 5258 induxit.
3888 5186 4013 5255 God-

959 5297 1134 5359 Kost.
1190 5297 1266 5377 ¹⁰)
1311 5300 1492 5375 Regis
1537 5301 1629 5359 sui
1677 5296 1829 5360 (lod.
1877 5296 2050 5360 Kost.
2108 5297 2185 5377 ¹¹)
2230 5304 2603 5374 promoverat
2630 5297 2755 5360 Ed.
2789 5296 2970 5381 Lips.
3022 5295 3100 5378 ¹²)
3129 5318 3247 5360 non
3280 5299 3675 5375 spernendum
3704 5296 3835 5365 Ed.
3862 5294 4013 5378 Lips-

971 5397 1050 5485 ²³)
1096 5405 1220 5469 arte
1269 5395 1419 5461 Cod.
1464 5398 1642 5461 Kost.
1698 5396 1779 5483 ¹⁴)
1827 5401 2229 5477 destinabant,
2276 5402 2468 5465 solent
2510 5402 2833 5466 contradici
2880 5396 3033 5467 cod.
3078 5398 3257 5467 Kost.
