4342 6384
393 537 529 639 (Α.
569 538 660 613 D.
701 534 956 637 1432.)
1591 559 1820 612 mnan
1871 558 2333 615 nunnonms.
3336 538 3485 613 491

391 748 792 821 cracoviam
847 768 972 837 per
1027 746 1276 818 solitas
1333 746 1672 819 stationes
1726 745 2072 838 procedit,
2137 744 2379 818 missis
2434 744 2783 818 exercitui
2820 744 3093 819 victori
3146 749 3217 817 et
3272 745 3486 819 vesti-

387 869 520 941 bus
575 873 645 940 et
697 866 1184 959 pecunialibus
1240 866 1616 938 donativis,
1689 864 1852 952 Cui,
1919 886 2076 937 cum
2131 866 2533 939 cracoviam
2599 864 2915 937 venienti
2966 884 3206 939 omnes
3270 866 3487 939 eccle-

391 989 654 1060 siarum
708 985 1190 1078 processiones
1245 987 1320 1058 in
1377 985 1658 1058 obvium
1716 985 2059 1058 exiissent
2112 992 2185 1059 et
2220 986 2482 1079 Regem
2538 990 2611 1058 et
2645 984 2983 1057 victorem
3036 989 3481 1077 excepturus,

387 1109 539 1200 ipse
593 1129 680 1181 ex
736 1128 912 1198 equo
969 1107 1426 1195 descendens,
1494 1105 1788 1197 pedibus
1853 1107 2204 1197 sequendo
2269 1105 2785 1198 processioneS,
2850 1106 3094 1179 urbem
3148 1126 3307 1178 cum
3358 1126 3482 1177 no-

387 1229 594 1303 tabili
641 1247 1002 1320 procerum
1058 1230 1130 1297 et
1165 1226 1509 1298 nobilium
1546 1229 1827 1298 caterva
1881 1224 2241 1317 ingressus
2282 1231 2421 1311 est,
2482 1224 2705 1317 signis
2740 1224 3054 1298 hostium
3107 1224 3182 1299 in
3218 1224 3485 1317 praelio

385 1348 610 1440 captis
666 1368 824 1420 eum
879 1345 1490 1437 praecedentibus3
1545 1366 1673 1417 nec
1725 1344 1924 1435 prius
1976 1344 2239 1437 regiam
2294 1344 2623 1433 intravit,
2680 1345 2897 1418 donec
2951 1345 3333 1418 multarum
3372 1365 3481 1419 ec-

387 1468 757 1541 clesiarum
812 1466 1060 1538 limina
1115 1464 1386 1552 adiens,
1445 1464 1710 1557 gratias
1765 1463 2140 1537 Altissimo
2204 1485 2328 1557 pro
2382 1485 2711 1537 concessa
2763 1464 3093 1553 victoria,
3158 1465 3482 1557 precibus

385 1593 458 1661 et
521 1589 1114 1677 eleemosynarum
1179 1584 1586 1677 largitione,
1651 1584 2105 1676 persolveret.
2188 1583 2451 1658 Mansit
2515 1588 2745 1667 autem
2812 1584 3253 1658 Wladislaus
3323 1585 3481 1659 Rex

385 1707 752 1780 cracoviae
815 1704 1061 1779 diebus
1124 1704 1450 1796 pluribus
1515 1724 1672 1776 cum
1726 1703 2075 1777 Praelatis
2141 1708 2213 1777 et
2264 1704 2643 1777 baronibus
2698 1703 2882 1791 suis,
2948 1704 3071 1795 qui
3137 1705 3225 1777 ad
3280 1726 3481 1777 suam

387 1827 846 1901 serenitatem
903 1825 1414 1912 confluxerant,
1483 1827 1554 1895 et
1605 1822 1760 1896 illic
1812 1822 2094 1895 Natalis
2148 1823 2433 1896 Domini
2495 1822 2643 1896 dies
2701 1823 2879 1915 egit,
2949 1824 3034 1896 de
3088 1825 3296 1898 rebus
3350 1846 3477 1915 pu-

381 1946 590 2019 blicis
643 1947 882 2037 plures
937 1949 1008 2018 et
1060 1943 1488 2018 necessarias
1553 1943 1814 2016 faciens
1879 1942 2410 2035 dispositiones,
2478 1947 2549 2019 et
2611 1943 2699 2017 ad
2753 1942 3143 2041 legationes
3206 1944 3479 2038 Regum

383 2072 455 2141 et
508 2065 948 2157 Principum,
1009 2064 1219 2137 edens
1276 2084 1632 2155 responsa.

381 2430 706 2519 svitrigal
747 2430 818 2501 in
849 2428 1256 2500 Lithuanim
1302 2427 1728 2515 noningenti
1776 2428 2071 2499 exercitu
2114 2428 2494 2517 irrumpens,
2540 2444 2581 2497 a
2610 2426 3017 2517 sigismundo
3048 2428 3277 2517 lagno
3306 2426 3477 2499 Duce

379 2549 761 2621 Lithuaniae
791 2548 1095 2633 vincitur,
1141 2549 1250 2637 qui
1293 2548 1536 2619 inloto
1582 2548 1956 2619 conaminis
2003 2547 2343 2619 ecclesiam
2387 2548 2629 2619 Bootae
2660 2546 2937 2635 virginis
2981 2547 3214 2619 1811116
3260 2547 3475 2637 erigit.

585 2788 719 2861 Sed
773 2808 901 2859 nec
964 2785 1387 2859 Lithuaniae
1448 2808 1559 2859 res
1626 2791 1932 2878 tempore
1995 2786 2235 2861 eodem
2299 2784 2531 2859 minus
2606 2786 2949 2860 secundae
3015 2787 3229 2859 fuere.
3307 2787 3472 2858 Dux

376 2908 560 2981 enim
618 2906 1004 2999 Switrigal,
1063 2905 1228 2978 dum
1283 2907 1566 2979 ulturus
1621 2905 1954 2979 iniuriam
2010 2907 2249 2981 foedae
2306 2927 2473 2980 suae
2527 2926 2607 2979 ac
2662 2927 2945 2980 suorum
3000 2904 3466 2999 expulsioniS,

375 3029 761 3102 coadunato
826 3048 912 3100 ex
979 3026 1331 3100 Ruthenis
1395 3031 1466 3099 et
1519 3026 1880 3100 Thartaris
1947 3026 2261 3101 exercitu
2325 3025 2585 3119 viginti
2648 3026 2953 3100 millium
3018 3031 3465 3117 armatorum,

372 3150 451 3222 in
502 3146 956 3221 Lithuaniam
1015 3146 1356 3235 venisset,
1415 3151 1485 3219 et
1540 3146 1892 3221 exercitus
1948 3147 2457 3221 cruciferorum
2513 3146 2597 3219 de
2652 3145 2951 3219 Livonia
3010 3146 3125 3220 illi
3178 3146 3466 3220 coniun-

370 3272 558 3357 ctuS,
615 3288 943 3359 magnum
983 3266 1118 3340 sibi
1157 3265 1466 3339 animum
1520 3266 1888 3340 tribuisset
1925 3266 2349 3340 Lithuaniae
2386 3267 2927 3359 recuperandae:
2969 3268 3133 3339 Dux
3172 3268 3467 3359 Magnus

237 3390 260 3411 ⁰
370 3387 792 3460 Lithuaniae
850 3386 1378 3479 SigismunduS,
1444 3407 1534 3459 ex
1588 3386 1964 3460 Lithuanis
2029 3391 2100 3459 et
2156 3386 2572 3480 Samagittis
2638 3390 2707 3460 et
2759 3387 3079 3475 PoloniS,
3147 3386 3271 3480 qui
3326 3390 3464 3461 ter-

367 3529 518 3581 ram
554 3507 1091 3579 Drohiczensem
1129 3506 1560 3595 inhabitant,
1601 3507 1947 3595 exercitu,
2006 3509 2362 3601 utcunque
2397 3510 2703 3599 poterat,
2746 3508 3089 3595 confecto,
3129 3505 3242 3579 illi
3279 3506 3465 3580 circa

370 3627 743 3719 Oszmyani
781 3628 835 3716 ¹)
891 3626 1216 3698 occurrit.
1274 3628 1366 3698 Et
1419 3627 1588 3700 licet
1643 3626 2080 3699 Wladislaus
2134 3628 2291 3702 Rex
2356 3625 2748 3699 subsidium
2804 3625 3115 3701 notabile
3166 3626 3241 3699 in
3293 3647 3459 3718 gen-

367 3748 563 3821 tibus
619 3745 1069 3840 Sigismundo
1108 3746 1288 3820 Duci
1340 3746 1682 3835 misisset,
1739 3747 2144 3838 praeficiens
2202 3746 2352 3818 illis
2407 3747 2481 3819 in
2543 3745 2982 3837 capitaneum
3028 3745 3460 3839 Msczuginm

361 3870 454 3941 (16
510 3867 792 3954 Skrzin,
850 3865 1149 3939 militem
1213 3886 1350 3939 non
1406 3865 1638 3939 minus
1701 3866 2126 3955 animosum,
2193 3887 2400 3957 quam
2463 3866 2635 3939 belli
2697 3866 3032 3959 peritum:
3091 3871 3461 3957 expectare

360 3995 602 4061 tamen
667 3987 1044 4060 adventum
1110 3986 1344 4073 illius,
1404 3992 1474 4059 et
1528 3986 1886 4059 festinatio
1951 3987 2039 4057 ad
2103 4007 2549 4079 congressum
2574 4040 2591 4075 ‚
2649 3990 2721 4059 et
2784 3985 3089 4059 vastatio
3152 3985 3459 4061 crudelis

358 4114 592 4179 terrae
647 4105 1068 4179 Lithuaniae
1119 4106 1282 4197 igne
1337 4110 1404 4177 et
1460 4106 1637 4178 ferro
1691 4126 1814 4197 per
1842 4107 2106 4178 Ducem
2161 4105 2521 4197 Switrigal
2574 4110 2645 4178 et
2698 4105 2852 4179 eius
2908 4106 3295 4180 exercitum
3348 4106 3455 4178 in-

357 4226 587 4314 flicta,
643 4224 1079 4317 prohibebat.
1161 4224 1292 4297 Die
1355 4225 1592 4315 itaque
1647 4225 2135 4316 Conceptionis
2202 4225 2499 4298 Sanctae
2562 4226 2852 4315 Mariae,
2919 4226 3093 4299 feria
3157 4227 3459 4300 secunda

358 4346 442 4417 in
495 4344 838 4431 diluculo,
897 4344 1059 4414 Dux
1098 4344 1394 4434 Magnus
1450 4342 1977 4435 SigismunduS,
2037 4343 2351 4417 exercitu
2407 4365 2557 4432 suo,
2615 4344 2738 4436 qui
2790 4350 3112 4438 respectu
3147 4345 3457 4420 hostium

357 4463 599 4537 tenuis
656 4468 725 4535 et
779 4462 1100 4534 infirmus
1154 4467 1337 4550 erat,
1394 4462 1743 4550 ordinato,
1802 4483 2252 4556 congressum
2306 4464 2381 4536 in
2417 4464 2688 4537 hostem
2746 4470 2817 4538 et
2868 4465 3207 4557 impetum
3262 4464 3454 4538 facit.

355 4583 710 4656 Fervebat
763 4582 1125 4672 aliquanto
1193 4585 1500 4672 tempore
1565 4582 1830 4654 bellum
1896 4584 2078 4656 inter
2131 4588 2402 4675 partes,
2469 4587 2540 4655 et
2594 4584 2837 4657 caedes
2902 4589 3145 4657 mutua
3197 4588 3451 4657 morta-

351 4702 538 4774 lium
591 4699 1055 4793 plurimorum
1121 4700 1478 4789 edebatur,
1546 4707 1616 4773 et
1679 4703 1752 4774 in
1815 4703 2022 4775 horas
2087 4704 2358 4794 aliquot
2421 4703 2688 4777 bellum
2760 4704 3135 4778 obstinatis
3199 4703 3454 4777 animis

345 4824 670 4914 gestum,
726 4820 1210 4912 protelabatur
1239 4819 1324 4909 ²),
1383 4822 1583 4894 modo
1639 4842 1863 4912 spem,
1921 4823 2122 4895 modo
2178 4827 2473 4913 metum,
2530 4826 2829 4915 utraque
2880 4827 3079 4927 parte
3134 4822 3271 4895 sibi
3325 4843 3447 4894 au-

341 4944 676 5034 gurante.
759 4940 922 5011 Dux
986 4938 1138 5029 ipse
1203 4939 1696 5032 Sigismundus
1770 4963 1906 5013 non
1973 4946 2325 5034 spectator
2387 4943 2645 5030 solum,
2723 4942 2843 5015 sed
2914 4946 2985 5015 et
3046 4942 3454 5016 adhortator

344 5080 643 5133 suorum
698 5059 968 5145 aderat,
1025 5062 1096 5131 et
1148 5060 1365 5148 acies,
1425 5081 1598 5151 quas
1654 5060 1882 5153 frangi
1934 5062 2249 5153 potentia
2302 5061 2613 5135 hostium
2667 5062 2782 5136 vel
2834 5060 3192 5135 debilitari
3255 5061 3449 5136 vide-

335 5182 508 5269 bat,
565 5199 782 5251 novos
833 5176 1274 5251 immittendo
1337 5183 1794 5274 pugnatores,
1861 5181 2328 5254 sustentabat.
2404 5180 2716 5255 Rutheni
2773 5181 3051 5256 tandem
3106 5188 3179 5256 et
3232 5182 3447 5255 Thar-

573 5432 617 5513 ¹)
663 5433 968 5511 Hosmany
1016 5428 1168 5497 Cod.
1217 5429 1395 5505 Calv-
1443 5434 1492 5514 ²)
1537 5436 1944 5514 proferebatur
1998 5433 2150 5499 Ood.
2197 5434 2391 5499 Rozr.
