4342 6384
289 644 422 747 (Α.
461 645 552 722 D.
594 638 848 745 1429.)
1450 666 1678 733 mnan
1729 666 2191 721 uunnomus.
3233 644 3377 719 381

292 966 512 1039 Potoni
555 966 1026 1056 sigimundum
1070 966 1492 1039 Romanorum
1538 969 1608 1038 ot
1651 966 2014 1056 Hungariae
2057 966 2297 1056 Regem
2340 982 2459 1037 ceu
2504 964 2762 1037 houton
2806 964 3152 1049 urentes,
3212 980 3385 1034 coro·

288 1086 626 1159 nationem
669 1086 1020 1159 Witlmvdi
1065 1086 1324 1159 omnino
1366 1087 1838 1177 impediendam
1882 1087 2320 1159 constituunt.
2375 1086 2633 1159 1101101111
2678 1085 2814 1157 roro
2858 1086 3071 1157 totam
3114 1082 3387 1156 Blosian

1692 1209 1990 1279 tutent.

497 1454 607 1527 Ex
670 1456 874 1528 Nova
945 1454 1232 1529 civitate
1297 1453 1735 1527 Wladislaus
1797 1454 2133 1529 Poloniae
2198 1454 2355 1527 Rex
2420 1474 2544 1546 per
2598 1452 2999 1527 cracoviam
3066 1457 3139 1526 et
3194 1452 3383 1545 Mye-

293 1577 488 1648 011οπ
543 1574 617 1647 111
671 1579 896 1649 terras
951 1574 1236 1647 Maioris
1290 1574 1624 1649 Poloniae
1677 1575 2052 1666 processit,
2109 1573 2401 1665 illicque
2456 1574 2749 1647 aestatis
2788 1576 3063 1663 tempus
3100 1572 3380 1645 absum-

289 1695 465 1788 psit:
522 1694 760 1767 missis
815 1693 1271 1783 consiliariis,
1339 1694 1462 1785 qui
1515 1715 1672 1767 cum
1711 1694 2060 1767 Praelatis
2097 1699 2168 1767 et
2202 1693 2582 1767 baronibus
2620 1692 3027 1786 Hungariae
3064 1691 3137 1765 111
3175 1692 3381 1765 Srza-

291 1814 612 1887 mowicze
651 1815 704 1903 ¹)
757 1836 882 1904 pro
945 1814 1060 1887 die
1114 1815 1564 1887 Pentecostes
1631 1814 2115 1902 convenirent,
2186 1814 2272 1887 ad
2336 1813 2842 1886 reformandam
2908 1811 3092 1885 inter
3154 1814 3385 1903 Reges

292 1935 729 2008 vulneratam
784 1933 1220 2007 charitatem.
1275 1933 1344 2006 N
1347 1934 1820 2027 egligeutibus
1877 1941 2108 2007 tamen
2163 1932 2571 2025 Hungariae
2605 1932 2987 2006 baronibus
3024 1930 3261 2006 venire
3298 1930 3387 2003 ad

291 2053 769 2147 consignatam
825 2052 1041 2141 diem,
1097 2054 1236 2125 fuit
1289 2052 1432 2125 alia
1485 2054 1750 2139 diaeta,
1817 2054 2221 2147 petentibus
2278 2052 2415 2127 sibi
2471 2051 2817 2126 Praelatis
2882 2056 2953 2125 et
3004 2050 3385 2125 baronibus

295 2173 701 2267 Hungariae
755 2173 1062 2266 ignosci,
1118 2195 1243 2266 pro
1303 2174 1481 2247 festo
1538 2172 1780 2247 Sancti
1836 2173 2124 2247 Martini
2179 2172 2534 2247 instituta.
2592 2171 2704 2245 Ad
2761 2193 2964 2264 quam
3022 2193 3179 2245 cum
3226 2192 3387 2245 con-

295 2291 589 2365 siliariis
641 2293 977 2366 Poloniae
1031 2292 1510 2383 venientibus,
1569 2314 1804 2385 parem
1859 2292 2361 2386 negligentiam
2414 2292 2631 2385 priori
2688 2292 3095 2385 Hungariae
3158 2290 3385 2365 consi-

292 2412 482 2485 liarii
543 2413 1053 2504 patravissent,
1131 2412 1280 2487 sive
1346 2412 1418 2485 id
1483 2417 1954 2504 contemptae,
2031 2412 2181 2485 sive
2252 2412 2685 2505 negligentia
2756 2410 3135 2499 efficiebat,
3210 2410 3383 2497 sive,

293 2531 460 2623 quia
515 2532 828 2605 sciebant
879 2532 1144 2625 Regem
1199 2553 1404 2604 suum
1467 2532 1616 2619 his,
1683 2553 1860 2624 quae
1924 2532 2078 2605 illic
2141 2531 2328 2605 iuste
2382 2532 2947 2619 decernerentur,
3004 2551 3145 2603 non
3198 2529 3383 2622 pari·

294 2655 562 2725 turum:
621 2651 813 2724 iusta
865 2650 1346 2744 indignatione
1381 2651 1457 2723 in
1496 2651 2024 2745 sigismundum
2061 2652 2531 2725 Romanorum
2571 2656 2641 2723 et
2682 2650 3087 2743 Hungariae
3124 2651 3387 2741 Regem

289 2772 542 2844 Poloni
597 2772 926 2863 permoti,
981 2792 1120 2843 11011
1177 2792 1377 2845 secus
1441 2793 1650 2864 quam
1703 2774 1976 2845 hostem
2029 2775 2355 2865 reputare
2383 2770 2447 2862 2)
2501 2775 2907 2864 coeperunt,
2974 2774 3045 2845 et
3098 2790 3381 2843 corona·

287 2890 505 2965 tionis
543 2891 934 2984 negotium,
975 2896 1122 2963 tam
1157 2890 1308 2965 iure
1357 2912 1564 2983 quam
1603 2893 1819 2979 facto,
1859 2912 1946 2966 110
1981 2895 2617 2979 consummaretur,
2674 2890 3035 2983 impedire.
3093 2891 3385 2962 Aestate

293 3011 454 3100 illa,
513 3013 736 3085 omnis
792 3014 934 3085 fere
991 3012 1220 3085 Slesia
1258 3033 1299 3084 a
1335 3012 1668 3085 Bohemis
1730 3011 2136 3098 haereticis„
2202 3012 2391 3085 bello
2456 3011 2691 3098 illato,
2758 3010 3095 3101 populata
3156 3012 3267 3081 est
3295 3005 3383 3096 ³),

292 3130 774 3223 plurimaeque
839 3130 1188 3205 notabiles
1211 3114 1232 3131 ”
1253 3131 1578 3205 civitates
1641 3136 1765 3204 aut
1827 3131 2295 3223 conquisitae,
2362 3134 2486 3205 aut
2540 3135 2801 3204 terrore
2858 3130 3209 3214 desertae,
3264 3147 3389 3217 per

211 3226 224 3243 ⁸
294 3250 686 3323 haereticos
751 3255 1129 3343 occupatae
1193 3254 1362 3323 sunt
1423 3257 1494 3323 et
1557 3252 1764 3342 longo
1829 3254 2136 3341 tempore
2200 3270 2587 3341 possessae.
2664 3249 2751 3323 In
2806 3248 3143 3340 populum
3198 3246 3383 3319 chri-

295 3368 604 3441 stianum
661 3369 1039 3461 permiscui
1095 3390 1307 3443 sexus
1361 3390 1616 3463 magna
1667 3369 2052 3443 crudelitas
2106 3369 2515 3461 deprompta
2569 3373 2707 3456 est,
2766 3366 3223 3454 monasteria,
3282 3386 3389 3439 ec-

295 3488 556 3563 clesiae
609 3495 678 3562 et
731 3491 888 3563 loca
941 3491 1084 3563 Deo
1136 3489 1398 3579 dicata,
1456 3491 1854 3581 profanata,
1930 3492 2000 3564 et
2055 3488 2437 3580 spurcitiae
2498 3489 2863 3563 haereseos
2928 3486 3389 3560 introductae.

449 3841 678 3931 Legati
720 3842 1022 3916 roloniae
1076 3843 1161 3914 ad
1204 3842 1638 3914 witbawdum
1679 3843 2062 3929 mittuntur,
2107 3842 2325 3932 eiquo,
2368 3845 2448 3914 ut
2492 3858 2532 3912 a
2576 3840 2962 3912 Litbuaniao
3006 3856 3241 3913 corona

1147 3962 1512 4049 abstineat,
1556 3962 1860 4034 roloniae
1902 3962 2192 4052 Regnum
2236 3961 2537 4034 offerunt.

506 4208 616 4279 Ex
671 4206 878 4280 terris
933 4206 1217 4279 Maioris
1272 4206 1604 4281 Poloniae
1659 4208 2098 4281 Wladislaus
2151 4207 2487 4281 Poloniae
2540 4208 2697 4283 Rex
2752 4208 2827 4281 iu
2884 4212 3107 4281 terras
3146 4208 3389 4280 Craco-

297 4326 580 4399 vienses
635 4326 943 4414 rediens,
1003 4327 1258 4399 festum
1299 4326 1828 4419 Assumptionis
1873 4328 2172 4399 Sanctae
2226 4326 2488 4399 Mariae
2516 4328 2581 4416 4)
2636 4326 2822 4417 apud
2876 4326 3243 4399 Visliciam
3291 4332 3391 4398 te-

297 4445 480 4517 nuit.
539 4443 812 4518 Exinde
865 4444 1260 4531 discedens,
1321 4445 1574 4517 festum
1612 4444 1680 4516 N
1685 4444 2035 4518 ativitatis
2085 4446 2382 4519 Sanctae
2417 4444 2711 4533 Mariae,
2770 4444 3249 4517 Saudomiriae
3284 4465 3393 4517 ce-

298 4562 634 4637 lebravit:
693 4562 932 4654 ibique
983 4585 1107 4654 pro
1163 4563 1276 4636 die
1321 4563 1450 4635 illa
1503 4564 1828 4655 frequens
1875 4563 1964 4636 ad
2001 4586 2158 4637 eum
2196 4563 2759 4639 consiliariorum
2806 4564 3001 4639 venit
3036 4584 3393 4646 numerus,

296 4686 584 4774 propter
636 4703 980 4771 rumores,
1040 4682 1160 4774 qui
1215 4682 1530 4774 quotidie
1581 4682 1666 4756 de
1720 4702 1972 4757 corona
2025 4684 2207 4757 Duci
2258 4684 2656 4757 Withawdo
2704 4704 2829 4776 per
2867 4682 3394 4776 Sigismundum

300 4802 773 4875 Romanorum
827 4805 898 4875 et
950 4801 1358 4894 Hungariae
1423 4802 1688 4894 Regem
1751 4802 2126 4890 mittenda,
2184 4802 2673 4877 afferebantur.
2732 4800 3017 4875 Habitis
3072 4822 3234 4894 ergo
3270 4822 3395 4893 per

299 4919 450 4992 dies
505 4919 779 5012 aliquot
831 4920 1488 5009 deliberationibus,
1546 4922 1954 4994 conclusum
2007 4928 2146 5009 est,
2206 4926 2287 4993 ut
2343 4921 2690 5015 Sbigneus
2744 4920 3113 5013 episcopus
3148 4921 3393 4994 Graco-

299 5037 568 5111 viensis
623 5043 696 5111 et
747 5040 1095 5111 Iohannes
1159 5040 1245 5113 de
1299 5040 1586 5113 Tarnow
1651 5041 2010 5132 palatinus
2076 5039 2557 5113 Cracoviensis
2622 5040 3109 5129 Lithuaniam,
3178 5062 3395 5113 novas

301 5161 374 5230 et
428 5156 784 5248 legitimas
838 5158 1218 5249 potiundae
1281 5178 1570 5231 coronae
1637 5161 1937 5232 ferentes
2003 5159 2469 5247 conditionem,
2536 5160 3016 5248 mitterentur,
3074 5159 3195 5252 qui
3249 5161 3394 5232 Du-

522 5424 572 5513 ¹)
619 5430 1082 5493 Schramowiczc
1128 5425 1282 5495 cod.
1325 5426 1519 5492 Rozr.
1581 5430 1968 5493 Sramowicze
2029 5427 2183 5494 eod.
2246 5430 2422 5494 Kost.
2487 5426 2541 5507 ²)
2600 5436 2876 5509 reputare
2936 5432 3185 5495 eundem
3242 5426 3396 5497 Coa.

301 5528 499 5595 Rozr.
548 5528 598 5611 ³)
643 5531 1004 5609 depopulata
1046 5538 1140 5595 est
1185 5526 1339 5595 God.
1390 5529 1584 5594 Rozr.
1635 5530 1694 5612 ⁴)
1740 5534 1810 5595 B.
1855 5534 2080 5597 Mariae
2123 5535 2390 5613 Virgiriis
2432 5532 2560 5597 Ed.
2604 5531 2787 5619 Lips.
