4342 6384
408 647 544 751 (Α.
579 650 674 725 D.
711 645 946 749 mo.)
1579 672 1802 726 amna
1853 672 2313 725 nunncnmsa
3462 656 3508 728 3

407 858 640 932 nuntii
691 857 964 949 regales
1015 860 1090 929 et
1140 856 1456 944 ducales,
1515 876 1726 948 quam
1788 855 2328 944 Cruciferorum,
2386 876 2551 929 suas
2614 856 3168 949 propositioneS,
3247 860 3506 933 articu-

408 980 516 1053 los
571 982 642 1053 et
691 974 1195 1051 instructiones
1249 997 1480 1049 coram
1527 976 1764 1049 eodem
1801 975 2217 1049 Wenceslao
2254 977 2725 1050 Romanorum
2764 981 2835 1050 et
2876 978 3254 1053 Bohemiae
3291 981 3506 1073 Rege,

407 1102 742 1191 tanquam
803 1118 1036 1171 coram
1099 1095 1363 1169 arbitro
1427 1095 1778 1169 communi
1831 1098 1902 1169 et
1955 1095 2187 1169 iudice
2248 1096 2469 1170 electo
2531 1096 3067 1188 produxissent,
3136 1105 3507 1190 sperantes

405 1220 670 1312 ipsum,
725 1222 880 1291 tum
931 1238 1058 1309 pro
1103 1238 1266 1304 sua,
1323 1220 1478 1289 tum
1511 1236 1636 1307 pro
1673 1236 1924 1289 causae
1959 1216 2341 1309 gravitate,
2398 1237 2681 1290 causam
2721 1220 2993 1291 mature
3031 1217 3505 1311 digestarum:

406 1340 560 1431 ipse
612 1359 778 1411 vero
831 1338 988 1411 Rex
1026 1337 1080 1426 ¹)
1135 1335 1366 1409 taedio
1421 1335 1715 1409 affectus
1771 1340 1843 1408 et
1895 1356 2049 1407 raro
2105 1336 2416 1425 sobrius,
2474 1338 2763 1429 suisque
2808 1338 3341 1413 oblectamentis
3398 1340 3505 1412 in-

405 1464 681 1547 tentus,
738 1457 826 1530 ad
863 1477 1146 1530 causam
1183 1476 1350 1529 suae
1385 1453 1550 1529 fidei
1585 1454 1951 1543 creditam,
2010 1454 2199 1528 iusto
2238 1456 2689 1529 decidendam
2725 1457 2987 1531 iudicio
3009 1514 3025 1546 ,
3084 1459 3266 1531 nihil
3304 1458 3506 1551 pensi

404 1578 704 1665 habens,
761 1575 1162 1649 examinare
1214 1575 1416 1647 illius
1469 1574 1722 1647 merita
1785 1573 2215 1647 fastidiebat.
2290 1574 2399 1648 Ne
2452 1580 2689 1649 tamen
2744 1578 2901 1650 Rex
2954 1578 3105 1671 ipse
3159 1580 3505 1651 Romano·

403 1720 562 1771 rum
615 1696 867 1769 fuisset
919 1695 1006 1769 de
1059 1695 1370 1769 evidenti
1434 1694 1724 1769 levitate
1786 1694 1861 1768 in
1912 1694 2313 1786 praesentia
2374 1697 2481 1768 tot
2542 1696 2955 1770 nuntiorum
3018 1700 3341 1787 notatus,
3418 1719 3507 1772 ne

403 1819 694 1909 insuper
765 1814 1003 1887 nuntii
1071 1815 1344 1908 regales
1361 1870 1378 1904 ,
1453 1814 1735 1888 ducales
1789 1818 1861 1887 et
1915 1813 2419 1889 Cruciferorum
2484 1815 2991 1893 abscessissent
3044 1816 3195 1891 sine
3224 1816 3287 1908 2)
3341 1819 3502 1907 fine,

404 1936 914 2011 cruciferorum
987 1934 1259 2007 nuntiis
1339 1938 1486 2007 tam
1556 1954 1762 2025 prece
1823 1954 2032 2025 quam
2101 1934 2328 2026 pretio
2399 1934 2631 2026 ipsum
2699 1940 2771 2009 et
2823 1936 3267 2011 consiliarios
3338 1960 3504 2013 suos

405 2054 962 2143 solicitantibus,
1019 2054 1322 2127 Iodocus
1375 2053 1684 2127 Marchio
1739 2053 2122 2142 Moraviae,
2180 2053 2360 2146 Regi
2413 2055 2747 2129 Poloniae
2790 2055 3186 2130 Wladislao
3224 2060 3297 2130 et
3334 2078 3505 2131 suae

403 2176 592 2269 parti
643 2173 990 2268 graviter,
1047 2175 1232 2265 quod
1285 2172 1763 2247 adversarium
1799 2194 2006 2247 suum
2023 2230 2041 2262 ,
2097 2172 2399 2246 alterum
2436 2174 2908 2249 Marchionem
2944 2175 3297 2249 Moraviae
3333 2178 3501 2249 Pro·

404 2295 714 2389 copiam,
771 2296 1172 2385 frequenter
1223 2291 1438 2365 armis
1491 2297 1562 2366 et
1615 2292 2046 2366 exercitibus
2101 2292 2499 2381 adjuverat,
2558 2292 2891 2382 infestus,
2948 2315 3105 2367 cum
3144 2293 3503 2386 aliquibus

405 2413 736 2489 Bohemis
789 2418 862 2487 et
914 2412 1286 2485 Almannis
1341 2410 1682 2487 decisioni
1733 2432 1987 2485 causae
2039 2411 2445 2485 huiusmodi
2500 2433 2575 2485 se
2628 2413 2959 2506 ingessit,
3018 2419 3093 2486 et
3126 2418 3354 2487 certos
3392 2436 3501 2487 ar-

399 2536 661 2611 ticulos
674 2590 694 2623 ,
751 2532 1001 2607 crudos
1055 2531 1336 2623 quidem
1389 2536 1461 2605 et
1513 2535 1962 2623 apparentem
2013 2531 2469 2625 iniquitatem
2520 2532 2917 2607 redolentes
2932 2589 2949 2622 ,
3007 2533 3095 2606 ad
3149 2534 3505 2633 ferendam

401 2655 808 2731 arbitralem
863 2650 1284 2726 sententiam
1337 2650 1762 2742 composuit,
1818 2652 2351 2742 praefatumque
2389 2651 2885 2725 Wenceslaum
2924 2655 3395 2727 Romanorum
3432 2660 3505 2729 et

397 2774 780 2851 Bohemiae
831 2773 1097 2865 Regem
1152 2770 1240 2842 ad
1293 2770 1934 2861 pronuntiationem
2011 2770 2403 2844 sententiae
2467 2770 2673 2843 iuxta
2742 2772 3201 2846 articulorum
3254 2774 3499 2847 huius-

393 2895 590 2969 modi
639 2890 1150 2967 continentiam
1212 2888 1520 2963 induxit.
1579 2890 1684 2962 De
1737 2909 1874 2980 quo
1927 2888 2429 2963 ambasiatores
2482 2889 2862 2965 Wladislai
2908 2891 3245 2967 Poloniae
3282 2893 3501 2986 Regis

395 3020 474 3090 et
525 3012 952 3087 Lithuaniae
1005 3031 1086 3083 ac
1138 3009 1495 3083 Masoviae
1549 3010 1823 3082 Ducum
1875 3007 2167 3097 avisati,
2228 3009 2803 3100 compromissum
2857 3009 3245 3084 limitatum
3282 3016 3355 3084 et
3391 3033 3498 3085 se-

395 3134 820 3226 miplenum,
875 3131 1082 3223 pleno
1135 3130 1323 3221 apud
1377 3150 1452 3203 se
1505 3131 1890 3216 reservato,
1946 3129 2462 3220 produxerunt:
2529 3150 2617 3202 ne
2670 3130 3151 3223 pronuntiatio
3218 3135 3497 3205 senten·

396 3255 545 3328 tiae
605 3251 888 3343 iniquae
951 3252 1216 3342 Regem
1270 3253 1342 3321 et
1392 3247 1756 3342 Principes
1821 3250 2096 3323 afficere
2150 3253 2223 3323 et
2276 3248 2620 3343 stringere
2686 3250 2759 3322 in
2823 3251 3061 3342 aliquo
3122 3250 3497 3342 potuisset.

395 3376 576 3448 Post
628 3371 888 3444 multos
951 3368 1190 3460 itaque
1252 3368 1402 3442 dies
1463 3368 1871 3460 assignatur
1934 3367 2275 3441 terminus
2337 3369 2527 3461 parti
2590 3370 2873 3461 utrique
2936 3369 3025 3442 ad
3078 3369 3500 3443 audiendum

395 3493 566 3567 ferri
619 3489 1041 3565 sententiam
1093 3487 1521 3561 arbitralem.
1579 3488 1728 3579 Quo
1784 3487 2231 3576 adveniente,
2289 3488 2619 3561 convenit
2670 3510 2833 3581 pars
2890 3493 3187 3581 utraque
3254 3488 3328 3561 in
3389 3511 3495 3563 re·

394 3613 618 3706 giam,
677 3608 1098 3684 sententiam
1161 3606 1563 3681 huiusmodi
1626 3606 1976 3681 auditura.
2045 3606 2346 3681 Silentio
2410 3607 2649 3699 itaque
2713 3608 3011 3696 indicto,
3078 3607 3494 3682 Wenceslao

394 3733 592 3824 Rege
647 3732 882 3802 stante
947 3733 1016 3801 et
1073 3728 1438 3802 cuiusdam
1492 3726 1672 3819 ligni
1743 3726 2014 3801 cisurae
2077 3726 2514 3815 intendente,
2590 3727 2907 3800 notarius
2979 3748 3289 3801 mensam
3348 3726 3492 3801 edi-

395 3852 648 3924 tiorem
701 3848 1118 3937 ascendens,
1175 3847 1596 3923 sententiam
1651 3847 1726 3919 in
1779 3847 2195 3921 Almannico
2248 3847 2701 3939 pronuntiare
2748 3846 2977 3939 coepit
3006 3846 3092 3936 ³).
3150 3847 3298 3938 Quo
3334 3868 3493 3939 pro-

391 3968 910 4071 nuntiationem
963 3967 1366 4056 inchoante,
1433 3966 1934 4039 ambasiatores
1970 3965 2350 4039 Wladislai
2386 3966 2719 4039 Poloniae
2773 3965 2991 4059 Regis
3056 3971 3127 4039 et
3194 3966 3492 4039 Lithua·

397 4089 560 4164 niae
595 4109 676 4161 ac
712 4088 1067 4161 Masoviae
1121 4088 1426 4175 Ducum,
1481 4087 1683 4158 nulla
1717 4085 1942 4178 petita
1989 4085 2307 4175 licentia,
2366 4084 2687 4177 quamvis
2724 4106 2963 4159 eorum
3000 4085 3226 4178 aliqui
3264 4087 3492 4159 Theu-

393 4210 710 4282 tonicum
781 4210 926 4279 tam
989 4206 1419 4299 intelligere,
1497 4226 1710 4297 quam
1761 4225 2007 4278 sonare
2061 4206 2267 4295 plene
2320 4205 2719 4293 novissent,
2780 4226 2867 4278 ex
2924 4207 3087 4278 aula
3122 4210 3499 4297 coeperunt

395 4328 778 4403 discedere.
833 4328 900 4399 A
954 4326 1214 4418 quibus
1267 4326 1726 4399 Wenceslaus
1780 4325 2253 4397 Romanorum
2307 4328 2377 4398 et
2432 4324 2808 4398 Bohemiae
2873 4327 3062 4413 Rex,
3130 4346 3254 4399 cur
3304 4346 3493 4399 rece-

393 4450 674 4536 derent,
731 4447 1206 4539 interrogans,
1260 4465 1674 4537 responsum
1711 4444 2007 4535 accepit:
2067 4444 2440 4536 Quoniam,
2496 4443 2862 4535 inquiunt,
2918 4447 3001 4517 fit
3053 4444 3169 4517 hic
3217 4445 3491 4537 praedi-

392 4568 582 4643 catio
635 4567 710 4639 in
765 4564 1225 4638 Theutonico:
1281 4585 1443 4653 noa,
1501 4564 1624 4656 qui
1678 4563 1929 4637 Poloni
1983 4584 2227 4636 sumus
2282 4568 2354 4637 et
2406 4562 2699 4655 vulgare
2753 4564 3255 4637 Almannicum
3292 4565 3490 4657 igno-

390 4708 662 4775 ramus,
717 4685 1102 4759 transimus
1157 4684 1322 4757 hinc
1375 4685 1450 4756 in
1503 4684 1645 4757 alia
1700 4684 1886 4771 loca,
1942 4680 2531 4775 praedicationem
2596 4683 2917 4757 Polonici
2971 4684 3329 4756 idiomatis
3382 4706 3489 4757 re·

390 4806 690 4898 perturi.
765 4806 912 4896 Quo
975 4803 1360 4895 replicante
1383 4860 1400 4891 ,
1475 4806 1735 4878 ferrent
1795 4804 2156 4895 paulisper
2218 4824 2514 4890 moram,
2588 4824 2809 4895 aequo
2880 4804 3111 4875 animo
3185 4802 3490 4875 similem

391 4924 1038 5018 pronuntiationem
1101 4922 1175 4995 in
1238 4923 1611 4996 Bohemico
1676 4922 2018 4995 audituri:
2077 4923 2170 4995 Et
2204 4943 2366 5011 nos,
2422 4922 2786 5015 inquiunt,
2844 4944 2969 4995 nec
3024 4920 3483 4995 Bohemicum

393 5044 740 5118 novimus.
777 5044 1002 5139 ‘Tunc
1065 5063 1225 5115 vero
1291 5043 1750 5116 Wenceslaus
1813 5046 2006 5118 Rex:
2081 5042 2383 5130 Ambae,
2450 5041 2742 5133 iniquit,
2809 5040 3093 5135 linguae
3146 5061 3491 5114 consonae

394 5168 594 5253 sunt,
653 5167 723 5236 et
775 5182 918 5233 una
969 5161 1261 5234 alteram
1307 5160 1614 5234 sonando
1653 5159 2016 5253 intelligit.
2074 5160 2235 5233 Non
2274 5166 2470 5250 suut,
2530 5161 2893 5253 inquiunt,
2952 5160 3109 5232 Rex
3148 5158 3486 5232 illustris-

608 5416 654 5497 ¹)
698 5417 872 5478 homo
921 5410 1072 5479 cod.
1119 5412 1294 5477 Kost.
1345 5413 1400 5496 ς3)
1443 5416 1670 5492 absque
1718 5409 1869 5477 Cod.
1916 5412 2105 5477 Rozr.
2155 5414 2209 5495 ³)
2256 5415 2531 5493 incoepit.
2580 5410 2731 5478 Cod.
2782 5408 2959 5479 Calv.
