4342 6384
881 528 1027 611 724
2043 556 2270 610 menn
2322 546 2832 610 nuonncnms,
3407 530 3541 631 (Α.
3577 530 3673 606 D.
3715 528 3986 629 1444.)

872 743 1269 832 hominum,
1328 742 1794 835 militiamque
1850 741 2368 835 spectantibus:
2425 738 2609 814 inter
2661 754 2834 833 quos
2889 739 3172 833 quidam
3223 738 3364 812 visi
3419 744 3604 828 sunt,
3668 739 3799 832 qui
3859 760 3986 811 au-

872 884 991 936 rea
1046 869 1116 936 et
1170 868 1501 956 argentea
1562 868 1841 935 moneta
1900 884 2151 955 graves
2219 866 2446 950 erant,
2515 882 2722 953 quam
2791 882 2878 934 ex
2933 860 3282 933 industria
3343 860 3546 933 iuxta
3605 860 3986 952 antiquam

872 986 1381 1057 Thartarorum·
1434 982 2005 1057 consuetudinem
2024 1037 2041 1071 ‚
2108 1002 2265 1055 cum
2323 1002 2397 1055 80
2451 980 2802 1073 prosterni
2863 984 2934 1055 et
2972 980 3024 1071 ¹)
3078 980 3404 1073 persequi
3457 980 3982 1072 conspexerint,

872 1104 1193 1195 abruptis
1234 1103 1296 1194 2)
1355 1102 1577 1176 saccis
1652 1102 1985 1175 fuderunt
2048 1101 2123 1174 in
2187 1104 2477 1189 terram,
2552 1106 2632 1173 ut
2693 1100 2856 1173 inde
2919 1100 3182 1174 milites
3245 1100 3474 1193 regios
3535 1122 3578 1172 a
3629 1120 3858 1173 cursu
3919 1106 3990 1171 et

873 1223 1357 1316 persecutione
1410 1222 1871 1295 retardarent.
1956 1220 2346 1294 Obfuerunt
2399 1221 2614 1295 etiam
2668 1221 3013 1294 exercitui
3065 1220 3255 1313 regio
3310 1220 3556 1294 cameli
3609 1218 3792 1312 ipsi,
3854 1220 3984 1291 ali-

876 1366 1171 1435 quorum
1224 1354 1438 1435 equos
1494 1364 1623 1415 sua
1653 1341 1714 1431 ³)
1771 1342 2348 1415 monstruositate
2403 1342 2736 1415 vertendo
2793 1342 2869 1415 in
2915 1343 3184 1434 fugam,
3240 1341 3344 1413 ita
3395 1346 3475 1412 ut
3509 1361 3630 1414 eos
3689 1340 3822 1412 vix
3861 1362 3984 1431 po·

876 1469 1191 1559 tuerunt
1220 1484 1529 1536 sessores
1585 1462 1673 1533 ad
1710 1484 1916 1553 quam
1974 1462 2349 1535 voluerunt
2401 1466 2672 1553 partem
2725 1462 3092 1563 divertere,
3149 1461 3223 1533 in
3262 1460 3515 1554 quibus
3573 1459 3984 1533 occidendis

874 1583 1201 1657 Walachi
1256 1586 1325 1657 et
1362 1582 1488 1655 alii
1526 1582 1842 1674 quidam,
1900 1582 2083 1655 aeris
2122 1580 2516 1675 cupidiores
2573 1603 2780 1673 quam
2816 1582 3100 1655 honoris
3121 1581 3209 1671 ⁴),
3267 1583 3480 1654 fortes
3535 1586 3608 1653 et
3645 1584 3982 1653 strenuos

876 1725 951 1777 se
1002 1704 1502 1795 praebuerunt.

1654 2064 2011 2138 Gonssictus
2054 2064 2390 2137 wladislai
2435 2054 2632 2155 nogia
2676 2080 2817 2136 cun
2859 2065 3204 2137 laneum.

1080 2299 1365 2377 Invadit
1421 2304 1689 2377 interea
1718 2304 1780 2393 5)
1819 2308 1974 2380 Rex
2031 2308 2101 2377 et
2137 2303 2522 2396 prosternit
2557 2303 2744 2376 acies
2789 2302 3120 2391 hostiles,
3177 2302 3361 2375 inter
3417 2322 3590 2393 quas
3630 2302 3985 2393 quaedam

874 2425 1113 2516 copiae
1166 2426 1697 2513 Thartarorum,
1756 2424 2340 2497 electissimorum
2397 2429 2586 2497 certe
2621 2422 2960 2510 militum,
3020 2442 3228 2494 manu
3265 2421 3481 2514 Regis
3535 2430 3984 2513 corruerunt,

874 2545 1076 2618 cuius
1113 2549 1275 2618 ante
1320 2544 1563 2617 faciem
1600 2563 1739 2616 non
1778 2566 1979 2617 secus
2009 2546 2074 2633 θ)
2114 2544 2364 2618 Teucri
2401 2544 2795 2637 fugiebant,
2835 2540 3040 2635 quasi
3077 2544 3603 2634 conspexissent
3641 2544 3886 2617 subito
3921 2545 3986 2631 ⁷)

876 2666 1115 2757 fulgur
1169 2664 1585 2737 descendere
1640 2684 1677 2737 0
1730 2664 1945 2738 00010.
2022 2664 2291 2737 Deinde
2343 2669 2702 2738 revertens
2765 2663 2852 2735 ad
2906 2663 3323 2735 Teucrorum
3379 2662 3802 2755 sagittarios
3859 2686 3983 2758 pe-

874 2786 1177 2872 destres,
1236 2804 1409 2875 quos
1447 2785 1815 2857 Ianczaros
1852 2790 2290 2877 nuncupant,
2348 2784 2689 2877 plurimos
2744 2803 2833 2855 ex
2889 2782 2991 2856 eis
3047 2786 3268 2855 morte
3319 2781 3581 2871 affecit,
3639 2806 3784 2857 non
3825 2786 3982 2859 sine

874 2909 1107 2977 tamen
1164 2903 1415 2975 damno
1469 2903 1740 2996 ingenti
1794 2924 1875 2977 ac
1930 2904 2239 2977 laesione
2295 2922 2581 2976 suorum
2635 2902 2945 2976 militum
3001 2908 3070 2977 et
3107 2922 3461 2994 equorum.
3517 2903 3701 2975 Nam
3759 2910 3834 2978 et
3867 2928 3980 2979 sa-

878 3024 1103 3117 gittas
1142 3024 1389 3096 Teucri
1426 3024 1884 3097 Ianczarones
1922 3024 1997 3097 in
2034 3037 2174 3097 11110
2211 3026 2364 3097 loco
2401 3024 2663 3097 firmati
2699 3028 2772 3097 et
2807 3022 3038 3117 longis
3075 3022 3328 3111 scutis,
3383 3044 3472 3096 ne
3505 3024 3980 3115 laederentur,

877 3144 954 3216 in
1009 3147 1267 3216 terram
1322 3142 1574 3216 defixis
1628 3144 1959 3235 protecti,
2016 3144 2187 3217 adeo
2244 3145 2640 3235 frequentes
2695 3144 2770 3215 in
2823 3142 3207 3217 exercitum
3259 3142 3476 3235 Regis
3529 3144 3976 3234 emittebant,

878 3269 959 3337 ut
1013 3267 1082 3337 et
1136 3282 1255 3335 aer
1309 3262 1591 3355 sagittis
1646 3262 1824 3355 ipsis
1880 3283 2019 3336 non
2056 3263 2266 3335 aliter
2319 3263 2758 3355 opplebatur,
2816 3282 3024 3353 quam
3060 3262 3348 3336 cadente
3400 3262 3486 3335 de
3537 3264 3730 3337 coelo
3767 3286 3974 3358 gran-

876 3382 1035 3457 dine
1090 3402 1299 3473 super
1336 3386 1625 3455 terram:
1684 3380 1867 3455 unde
1906 3387 1975 3455 et
2010 3383 2251 3474 plures
2291 3384 2620 3455 mortales
2659 3382 2743 3455 de
2781 3381 3096 3456 exercitu
3132 3380 3390 3455 ictibus
3428 3402 3666 3455 earum
3713 3387 3976 3459 mortui

878 3506 1076 3590 sunt,
1132 3507 1203 3575 et
1258 3523 1589 3594 equorum
1648 3523 1736 3575 ex
1792 3503 2279 3575 vulneratione
2331 3502 2808 3575 deficientium
2863 3502 3246 3575 immensus
3301 3502 3593 3592 clamor3
3649 3505 3888 3597 aliqua
3905 3506 3974 3595 8)

878 3644 1042 3696 vero
1097 3623 1253 3695 loca
1306 3622 1475 3695 adeo
1532 3621 1815 3715 sagittis
1879 3626 2238 3695 constrata
2293 3624 2520 3711 fuere,
2589 3626 2673 3697 ut
2724 3622 2967 3693 nullus
3029 3640 3155 3713 per
3207 3621 3336 3694 illa
3389 3622 3614 3715 equiti
3677 3629 3803 3697 aut
3851 3646 3970 3717 pe-

877 3742 1094 3816 destri
1122 3742 1186 3830 ⁰)
1239 3746 1512 3833 pateret
1566 3741 1931 3815 transitus,
2006 3743 2093 3815 In
2146 3744 2278 3815 hac
2331 3742 2758 3834 pedestrium
2813 3758 3048 3834 pugna
3097 3740 3319 3815 maior
3371 3742 3602 3816 clades
3657 3745 3736 3817 in
3771 3766 3966 3818 exer·

880 3861 1029 3934 citu
1080 3860 1273 3952 regio
1330 3865 1613 3953 accepta
1667 3866 1807 3950 est,
1866 3864 1935 3934 et
1988 3863 2250 3934 multos
2305 3862 2618 3954 insignes
2673 3861 2938 3935 milites
3003 3882 3091 3933 ex
3144 3861 3432 3934 Polonis
3485 3864 3645 3936 Rex
3699 3864 3965 3938 deside-

880 3979 1088 4053 ravit.
1146 3981 1327 4051 Dum
1384 3981 1567 4054 enim
1621 3980 1963 4055 terribilis
2018 3986 2206 4055 esset
2260 3985 2409 4053 tum
2448 3981 2926 4070 multitudine,
2983 3984 3132 4053 tum
3188 3982 3604 4075 sagittarum
3640 3984 3968 4059 missione

880 4097 1312 4191 pedestrium
1366 4100 1857 4173 Ianczarorum
1910 4101 2127 4191 acies,
2187 4102 2506 4173 omnibus
2563 4101 3176 4175 dissimulantibus
3227 4102 3422 4195 regio
3458 4101 3784 4178 mandato
3837 4106 3964 4177 Po-

879 4223 1199 4292 lonorum
1253 4218 1517 4293 milites
1573 4220 1931 4293 irruerunt
1985 4221 2060 4294 in
2114 4222 2346 4309 illam3
2403 4221 2650 4293 deinde
2705 4222 2860 4294 Rex
2913 4221 3066 4313 ipse
3119 4222 3430 4295 desertor
3481 4244 3636 4297 esse
3689 4244 3968 4299 snorum

884 4338 1195 4411 militum
1247 4339 1527 4428 11010118,
1584 4362 1859 4434 pugnae
1914 4341 2180 4416 mediae
2245 4362 2318 4414 se
2369 4340 2670 4434 ingessit
2707 4342 2796 4429 ¹⁰)
2869 4347 2939 4414 et
2993 4360 3314 4435 magnam
3367 4348 3672 4435 stragem
3727 4344 3804 4417 in
3853 4366 3967 4437 pe-

884 4458 1109 4532 destri
1164 4459 1292 4532 illo
1358 4460 1673 4533 exercitu
1728 4460 1872 4553 egit
1908 4462 2023 4550 ¹¹),
2082 4462 2251 4533 adeo
2307 4466 2388 4533 nt
2442 4463 2898 4535 Ianczarones
2953 4462 3092 4553 ipsi
3145 4461 3674 4537 deliberabundi
3735 4486 3968 4557 presso

880 4579 1101 4671 gradu
1158 4579 1520 4669 sisterent,
1578 4585 1647 4653 et
1685 4585 1827 4653 tam
1883 4602 1988 4669 se,
2028 4582 2554 4674 exercitumque
2608 4602 2878 4655 omnem
2933 4602 3170 4670 suum,
3229 4581 3352 4674 qui
3405 4586 3596 4657 totus
3652 4604 3742 4659 ex
3777 4608 3966 4660 rene·

882 4696 1069 4790 gatis
1124 4700 1519 4788 constabat,
1577 4717 1784 4792 quam
1822 4700 2217 4790 Caesarem,
2277 4702 2398 4795 qui
2451 4702 2526 4774 in
2563 4702 2786 4775 medio
2823 4720 3062 4774 eorum
3101 4700 3190 4791 12)
3229 4703 3661 4792 versabatur,
3701 4707 3968 4779 tradere

882 4815 958 4889 in
1013 4824 1434 4908 potestatem
1487 4820 1703 4912 Regis
1760 4821 2301 4911 conclusissent,
2361 4822 2425 4895 si
2475 4821 2656 4914 regii
2711 4822 3064 4895 exercitus
3123 4822 3387 4915 fugam,
3443 4822 3964 4899 discessionem·

1101 5120 1149 5203 ¹)
1194 5130 1299 5186 aut
1352 5124 1504 5188 c‘od.
1550 5125 1727 5191 Kost.
1800 5126 1849 5209 ²)
1898 5131 2121 5191 obrutis
2187 5086 2340 5191 God.
2393 5127 2570 5192 Kost.
2633 5127 2686 5207 ³)
2731 5148 2970 5191 suorum
3021 5128 3149 5191 Ed.
3195 5126 3376 5213 Lips.
3439 5124 3495 5212 ⁴)
3540 5132 3769 5206 gloriae
3823 5128 3965 5195 oba.

883 5224 1059 5289 Koat.
1108 5224 1157 5307 ⁵)
1196 5234 1505 5304 praeterea
1547 5227 1673 5292 Ed.
1718 5229 1899 5315 Lipe.
1962 5228 2017 5314 ⁸)
2063 5252 2182 5293 non
2228 5238 2452 5294 stantes
2502 5229 2654 5296 Cod.
2703 5224 2878 5295 Kos'e.
2943 5230 2994 5310 ⁷)
3042 5224 3298 5293 subitum
3351 5228 3502 5294 cod.
3547 5229 3726 5294 Kost.
3775 5232 3826 5312 ⁸)
3869 5252 3962 5295 an·

883 5331 1052 5407 tiqua
1108 5327 1232 5392 Ed.
1280 5328 1461 5414 Lips.
1540 5332 1591 5411 ¹¹)
1636 5334 1821 5411 pediti
1884 5330 2035 5398 Cod.
2098 5324 2275 5399 Kost.
2359 5332 2440 5418 ¹⁰)
2489 5337 2691 5397 iniecit
2754 5330 2906 5397 cod.
2969 5332 3144 5395 Kost.
3231 5332 3306 5415 ¹¹)
3349 5334 3536 5396 edidit
3597 5329 3751 5399 cod.
3799 5334 3964 5399 Kosa

896 5428 975 5511 ¹¹)
1018 5434 1249 5493 illorum
1306 5432 1457 5496 aad.
1503 5433 1680 5499 Kost.
