4342 6384
363 544 495 645 (Α.
535 545 626 618 D.
668 541 923 641 1433.)
1518 560 1745 615 Luam
1797 562 2258 616 annuemus.
3305 542 3458 615 495

1232 862 1469 934 contra
1518 860 1875 933 ornatiores
1916 861 2155 933 bellun
2200 860 2590 933 decernitur.

560 1112 661 1183 De
725 1110 911 1183 bello
986 1129 1147 1181 vero
1212 1109 1585 1182 cruciferis
1658 1109 2028 1196 movendo,
2105 1109 2268 1182 dum
2336 1107 2710 1180 consilium
2784 1107 3038 1179 fuisset
3113 1106 3456 1199 agitatum

354 1231 679 1323 pluribus
736 1229 1014 1319 diebus,
1064 1216 1273 1303 'nemo
1312 1234 1495 1318 erat,
1554 1229 1676 1321 qui
1732 1230 1913 1301 illud
1969 1229 2295 1321 prosequi
2352 1228 2594 1301 ardore
2631 1248 2905 1320 magno,
2965 1225 3459 1319 expirantibus

356 1352 624 1444 treugis
663 1353 741 1441 ¹),
798 1372 943 1433 non,
975 1350 1386 1423 censuisset.
1446 1350 1845 1422 Difficultas
1900 1354 2132 1423 tamen
2189 1371 2326 1421 non
2363 1370 2580 1440 parva
2617 1347 3214 1439 interponebatur,
3272 1346 3459 1439 quod

355 1471 793 1545 Wladislaus
848 1472 1036 1559 ReX,
1094 1472 1292 1543 velut
1345 1472 1550 1542 homo
1580 1468 1644 1559 2)
1699 1470 1935 1543 labore
1974 1476 2044 1541 et
2082 1469 2274 1542 senio
2331 1471 2721 1556 confectu8‚
2785 1466 3254 1559 caligantibus
3294 1487 3454 1538 ocu-

354 1592 477 1679 lis,
537 1591 649 1664 illi
705 1591 1049 1664 interesse
1102 1612 1241 1662 non
1296 1594 1599 1683 poterat:
1670 1611 1758 1662 ex
1814 1590 2015 1661 cuius
2079 1589 2398 1663 absentia
2464 1588 2746 1681 singula
2810 1587 3090 1680 negotia
3153 1585 3453 1658 admini-

359 1712 629 1784 strandi
683 1711 856 1784 belli
912 1711 1332 1784 videbantur
1384 1710 1805 1783 difficiliora.
1865 1709 2288 1797 Accedebat,
2359 1708 2543 1801 quod
2598 1728 2726 1780 nec
2780 1706 3120 1779 Lithuani
3175 1705 3456 1797 proprio

355 1832 543 1904 bello
600 1830 963 1922 occupati,
1008 1852 1135 1903 nec
1191 1836 1415 1903 terrae
1470 1830 1805 1919 Russiae,
1866 1850 1953 1901 ne
2009 1850 2132 1921 per
2167 1830 2408 1901 hostes
2448 1827 3062 1919 interciperentur,
3121 1824 3459 1917 suffragia

355 1955 708 2042 praestare
761 1956 1109 2042 poterant.
1169 1951 1304 2024 Sed
1357 1971 1483 2023 nec
1536 1950 1947 2039 Thartaros,
2005 1970 2129 2023 nec
2166 1949 2548 2037 ValachoS,
2607 1948 2690 2020 ad
2730 1946 3134 2019 huiusmodi
3189 1945 3456 2018 bellum

357 2070 728 2159 accersire,
786 2072 1025 2161 plures
1082 2070 1515 2143 conditiones
1580 2069 2067 2142 admittebant.
2137 2069 2472 2160 Quamvis
2540 2068 2762 2160 igitur
2825 2071 2931 2139 tot
2983 2066 3059 2138 in
3089 2063 3150 2155 ³)
3207 2086 3454 2137 consu-

357 2192 653 2265 lentium
712 2192 1247 2265 obversarentur
1304 2190 1557 2263 animis
1611 2210 1860 2283 graves
1916 2190 2382 2279 conditioneS,
2441 2188 2590 2281 geri
2645 2192 2878 2260 tamen
2915 2187 3180 2259 bellum
3217 2190 3460 2261 contra

358 2311 747 2384 cruciferos
802 2310 1102 2401 placuit,
1159 2310 1399 2383 divino
1454 2315 1815 2402 assumpto
1870 2310 2171 2399 auxilio,
2231 2309 2414 2401 quod
2467 2328 2825 2400 nunquam
2872 2306 3068 2380 deest
3131 2306 3276 2393 his,
3334 2305 3457 2399 qui

359 2431 620 2503 iustius
677 2452 869 2503 arma
922 2430 1325 2518 induerant,
1387 2433 1457 2502 et
1484 2429 1549 2519 ⁴)
1606 2430 1886 2521 proprio
1943 2430 2291 2502 duntaxat
2345 2428 2574 2501 milite
2617 2429 2882 2501 bellum
2919 2426 3296 2520 gerendum
3335 2426 3456 2498 ad·

358 2551 770 2623 ministrari.
828 2550 1110 2623 Placuit
1164 2556 1234 2624 et
1285 2549 1613 2641 pluribus
1670 2550 2146 2623 saecularibus
2193 2548 2617 2622 consiliariis
2667 2546 3076 2641 suffragium
3116 2548 3454 2619 Bohemo-

356 2693 545 2761 rum,
602 2672 922 2763 quamvis
976 2670 1319 2744 haeresim
1373 2669 1969 2762 Viclephistarum
2028 2668 2417 2743 tenentium
2449 2667 2535 2757 5),
2595 2689 2733 2740 non
2785 2666 3117 2755 abiicere,
3159 2666 3344 2758 quod
3379 2686 3455 2737 se

358 2790 753 2864 Wladislao
811 2792 991 2884 Regi
1047 2790 1487 2863 exhibituros
1542 2795 1785 2863 contra
1841 2789 2208 2863 Prussiam
2247 2795 2316 2861 et
2355 2787 2709 2880 quoslibet
2740 2788 2982 2859 hostes
3021 2808 3217 2875 suos,
3275 2808 3454 2859 nuu-

358 2910 485 2983 tiis
539 2916 609 2984 et
662 2910 893 2983 literis
945 2911 1482 3004 pollicebantur.
1542 2909 1821 2982 Placuit
1876 2914 1946 2983 et
1998 2931 2123 3001 pro
2181 2911 2358 2982 festo
2417 2908 2657 2983 Sancti
2705 2906 3043 2980 Iohannis
3088 2906 3458 2998 Baptistae

358 3030 435 3103 in
492 3031 745 3123 oppido
802 3032 987 3104 Kolo
1043 3029 1573 3104 conventionem
1627 3032 2021 3121 generalem
2080 3029 2194 3122 agi
2251 3033 2321 3102 et
2357 3028 2666 3101 omnium
2704 3032 3045 3101 terrarum
3085 3048 3274 3101 more
3307 3028 3454 3100 bel-

356 3150 497 3223 lico
553 3151 903 3224 exercitus
959 3150 1131 3223 illuc
1185 3150 1543 3238 advenire,
1602 3149 1675 3221 in
1731 3154 1952 3223 terras
2009 3149 2304 3221 hostiles
2362 3148 2612 3222 exinde
2650 3169 3120 3240 processuros
3177 3147 3460 3222 Placuit

359 3276 433 3343 et
488 3270 939 3359 sententiam,
998 3292 1085 3342 au
1140 3271 1296 3341 Rex
1351 3270 1633 3362 propria
1686 3290 1981 3361 persona
2036 3268 2381 3341 exercitui
2418 3267 2683 3360 praesit
2710 3268 2800 3357 θ),
2859 3289 2949 3340 an
2987 3267 3204 3339 alium
3241 3266 3318 3339 in
3354 3268 3456 3341 lo·

356 3412 519 3463 cum
559 3413 763 3462 suum
804 3390 1191 3463 substituat
1222 3391 1306 3478 ⁷),
1364 3389 1439 3460 in
1493 3390 2023 3463 conventionem
2061 3389 2444 3461 Kolensem
2489 3388 2762 3461 deferri.
2823 3387 2977 3460 Tali
3014 3386 3460 3460 conclusione

356 3514 676 3603 accepta,
734 3510 1059 3582 mandato
1114 3509 1330 3602 Regis
1387 3512 1455 3581 et
1508 3508 1909 3600 provisione
1966 3508 2281 3602 singula,
2342 3529 2520 3600 quae
2571 3529 2696 3599 pro
2750 3508 2936 3581 bello
2993 3508 3230 3580 futuro
3283 3506 3460 3580 bene

363 3629 943 3729 administrando,
976 3635 1175 3701 erant
1239 3629 1665 3717 necessaria,
1736 3651 2005 3701 summa
2069 3628 2444 3721 diligentia
2506 3627 2967 3719 parabantur,
3027 3631 3097 3700 et
3149 3625 3463 3700 universi

366 3749 775 3840 regnicolae
858 3749 945 3819 ad
1018 3770 1209 3820 arma
1285 3754 1353 3821 et
1426 3749 1691 3821 bellum
1766 3750 2080 3821 futurum
2157 3748 2536 3840 gerendum
2619 3767 2693 3819 se
2769 3746 3186 3839 tempestive
3257 3768 3451 3838 prae-

356 3869 730 3961 parabant.

591 4222 894 4294 flussitao
938 4222 1100 4293 duee
1144 4221 1497 4311 Byodrzioh
1542 4220 1924 4312 presbytero
1970 4224 2280 4312 apostata
2326 4221 2697 4312 seopusium
2742 4222 3238 4313 depopulantur.

573 4470 681 4541 Ex
740 4468 1178 4541 Sandomiria
1234 4468 1669 4541 Wladislaus
1724 4470 1881 4542 Rex
1936 4468 2009 4541 in
2064 4474 2288 4543 terras
2345 4469 2630 4542 Maioris
2684 4468 3020 4542 Poloniae
3071 4489 3197 4562 per
3249 4468 3464 4541 solita

352 4591 521 4661 loca
572 4588 943 4679 processit,
1011 4593 1080 4660 et
1134 4587 1206 4659 in
1260 4589 1558 4660 Kalisch
1621 4590 1896 4661 Pascha
1960 4589 2241 4662 Domini
2306 4590 2709 4663 celebravit.
2777 4590 2974 4662 Circa
3029 4588 3463 4661 Conductum

356 4712 600 4781 autem
655 4709 966 4780 Paschae
1022 4708 1373 4780 exercitus
1430 4710 1895 4781 Bohemorum
1962 4710 2532 4799 Thaboritarum,
2599 4709 2800 4781 cuius
2857 4710 3018 4781 Dux
3074 4712 3225 4781 erat
3277 4708 3460 4798 Bye-

354 4825 607 4900 drzich
666 4827 1031 4919 presbyter
1092 4830 1445 4918 apostata,
1512 4849 1599 4902 ex
1656 4828 1883 4903 Slesia
1948 4829 2448 4921 superveniens
2511 4828 2586 4902 iu
2641 4829 2963 4921 Regnum
3025 4826 3460 4920 Hungariae‚

357 4948 599 5020 animo
646 4946 996 5039 spoliandi
1033 4952 1103 5019 et
1139 4948 1517 5039 praedandi
1554 4948 1769 5039 illud,
1828 4950 1994 5020 dum
2032 4953 2218 5024 esset
2254 4950 2448 5041 Rege
2503 4970 2629 5021 suo
2679 4947 3130 5040 Sigismundo
3167 4968 3463 5020 vacuum

591 5236 638 5316 ¹)
684 5238 936 5299 induciis
986 5234 1138 5301 Cod.
1184 5236 1377 5299 Rozr.
1428 5235 1477 5317 ²)
1526 5240 1689 5299 velut
1736 5258 1808 5299 ex
1863 5236 2016 5300 C'ocl.
2065 5236 2259 5301 Rozr.
2308 5236 2363 5317 ³)
2409 5238 2592 5315 igitur
2635 5240 2822 5300 oculis
2871 5233 3024 5301 Cod.
3058 5234 3250 5301 Rozr.
3300 5237 3352 5318 ⁴)
3383 5239 3469 5300 id-

352 5360 487 5419 que
536 5336 686 5402 cod.
734 5337 925 5403 Rozr.
991 5339 1045 5421 ⁵)
1092 5341 1360 5417 quamvis
1405 5340 1831 5403 haereticorum
1882 5337 2033 5403 0001.
2081 5340 2274 5403 Rozr.
2340 5339 2392 5421 ⁸)
2440 5360 2720 5419 praeesse
2769 5336 2921 5404 Cod.
2969 5338 3164 5403 Rozr.
3232 5338 3283 5421 ⁷)
3333 5344 3469 5403 eub-

356 5447 617 5509 stituere
662 5444 877 5505 debeat
924 5438 1076 5506 cod.
1124 5442 1316 5506 Rozr.
