4342 6384
382 605 514 706 (Α.
555 605 648 680 D.
690 603 920 704 1412.)
1557 627 1784 681 mmm
1835 627 2295 680 UNDECIMUS.
3335 614 3481 686 139

391 815 702 904 „hannes
753 813 947 885 filius
1003 811 1321 906 Gregorii
1357 812 1892 900 Pincernarum,
1949 813 2202 886 Petrus
2258 813 2489 886 Choch
2528 815 2582 904 1)
2621 815 3061 906 Agazonum,
3120 815 3481 909 Magistri3

394 934 775 1024 „Nicolaus
829 934 914 1006 (16
969 934 1150 1006 Czak
1211 933 1480 1026 pridem
1543 934 1922 1026 Waywoda
1976 934 2531 1025 Transylvanus,
2597 935 2854 1006 Petrus
2910 935 2994 1008 (16
3046 935 3271 1010 Peren
3336 937 3478 1029 pri-

393 1056 592 1144 „dem
648 1055 890 1128 Comes
947 1054 1376 1142 Siculorum,
1434 1053 1776 1126 Zuborius
1832 1054 2363 1142 Thesaurarius,
2418 1055 2686 1126 Paulus
2725 1055 3063 1128 Bissenus
3095 1054 3159 1147 1)
3216 1058 3479 1144 Banus,

392 1175 776 1266 „Nicolaus
831 1175 1166 1247 Treuthel
1220 1173 1303 1247 de
1357 1173 1652 1262 Newna,
1709 1173 2086 1266 Philippus
2119 1172 2181 1264 ³)
2237 1174 2321 1246 (16
2377 1173 2648 1247 Goroch
2678 1175 2765 1263 4),
2822 1174 3161 1248 Nicolaus
3217 1177 3301 1249 de
3338 1178 3480 1251 He·

393 1296 688 1386 „dervar
739 1295 1128 1367 Ianitorum
1159 1293 1246 1383 5),
1303 1293 1680 1387 Gregorius
1735 1295 1819 1367 (16
1871 1294 2084 1367 Ilswa
2137 1293 2329 1366 filius
2363 1294 2696 1383 Palatini,
2754 1294 3288 1388 Pincernarum,
3346 1297 3480 1370 De-

392 1437 559 1504 „seu
617 1415 800 1489 Gara
827 1415 890 1506 ⁶)
945 1415 1354 1506 Agazonum
1417 1413 1837 1506 reginalium
1891 1414 2245 1507 Magistri3
2320 1415 2549 1488 David
2604 1416 2834 1487 Laczk
2886 1415 2971 1486 (16
3027 1416 3365 1488 Zankowo
3393 1417 3479 1506 ⁷),

392 1537 692 1624 „Petrus
763 1535 957 1608 filius
1019 1533 1311 1607 Henrici
1384 1534 1623 1607 Comes
1689 1533 2207 1626 ScepusiensiS,
2284 1535 2631 1608 Iohannes
2704 1536 2787 1607 de
2862 1536 3261 1624 Homonna,
3331 1536 3476 1608 Ma-

393 1655 688 1746 „thaeus
742 1655 826 1727 de
878 1655 1179 1726 Paloucz
1208 1652 1274 1743 8)
1338 1654 1779 1727 castellanus
1843 1655 1927 1726 de
1985 1654 2444 1746 Grozghowcz
2476 1655 2538 1744 ⁹)
2605 1655 2845 1727 Comes
2910 1655 3321 1728 Vivarensis
3361 1655 3478 1745 ¹⁰),

395 1776 837 1867 „Stephanus
912 1774 1310 1864 Compolth,
1383 1772 1732 1845 Iohannes
1805 1774 2090 1866 Rozgon
2170 1773 2411 1846 Comes
2483 1774 2568 1846 de
2644 1774 2864 1847 Garas
2902 1775 3026 1864 ¹¹),
3100 1775 3477 1847 Ladislaus

394 1897 678 1984 „Frank
730 1894 1140 1986 Waywoda,
1181 1893 1434 1966 Petrus
1470 1893 1744 1965 Frehek
1781 1891 1872 1982 ¹²)
1926 1894 2120 1966 filius
2165 1893 2436 1966 Detrici
2471 1894 2817 1984 Palatini,
2858 1894 3200 1988 Georgius
3238 1895 3480 1969 Comes

396 2016 522 2105 „de
579 2015 848 2104 Bozen,
907 2015 1486 2087 Bartholomaeus
1523 2013 1787 2087 Fanthi
1816 2011 1930 2103 ¹³),
1983 2013 2232 2087 Gallus
2268 2014 2354 2087 (16
2390 2015 2613 2087 Ζ66611
2649 2015 2825 2087 alias
2863 2015 3103 2088 Comes
3139 2015 3479 2102 ZolensiS,

396 2133 862 2225 „Benedictus
926 2134 1177 2221 Zudar,
1251 2133 1589 2207 Nicolaus
1654 2134 1847 2206 filius
1912 2119 2102 2207 Beke
2165 2134 2250 2207 (16
2303 2133 2586 2221 Velike,
2661 2135 2915 2208 Petrus
2978 2135 3173 2207 filius
3235 2136 3479 2222 Porze,

396 2255 739 2345 „Michael
801 2254 994 2327 filius
1057 2255 1266 2327 Pauli
1329 2255 1414 2326 de
1469 2255 1874 2347 Kerzeghas
1914 2255 2027 2344 ¹⁴),
2103 2255 2453 2328 Iohannes
2518 2255 2728 2342 Iank,
2797 2252 3237 2326 Wladislaus
3301 2255 3477 2327 The-

397 2380 596 2466 „teus
635 2373 750 2466 ¹⁵),
807 2374 1188 2466 Dionysius
1239 2374 1434 2447 filius
1489 2374 1670 2446 Bani
1734 2375 1818 2447 (16
1871 2375 2191 2447 11661111611
2230 2373 2344 2461 ¹⁶),
2412 2373 2784 2462 Nicolau8‚
2854 2373 3347 2466 Sigismundus
3413 2378 3485 2447 et

329 2519 338 2526 ·
397 2496 788 2586 „Iohannes
861 2495 947 2567 de
1011 2495 1353 2583 Chetnek,
1429 2494 1777 2566 Iohannes
1850 2493 2043 2567 filius
2117 2494 2357 2566 Iacobi
2428 2495 2514 2567 (16
2577 2493 2955 2586 Nagmihal
2994 2494 3108 2585 ¹⁷),
3184 2493 3485 2567 Michael

397 2617 711 2706 „Zakech
751 2613 840 2704 18)
895 2616 980 2688 (16
1035 2615 1299 2702 Kuzal,
1377 2615 1776 2705 Stephanus
1842 2614 2036 2687 filius
2089 2614 2298 2686 Pauli
2362 2613 2446 2686 de
2503 2614 2788 2702 SomuS,
2864 2613 3225 2687 Emericus
3289 2613 3481 2686 filius

397 2736 777 2825 „Iohannis
842 2735 924 2807 (16
987 2735 1352 2807 Derenhen
1390 2734 1503 2824 ¹⁹),
1569 2735 1916 2806 Iohannes
1990 2733 2183 2806 filius
2246 2734 2497 2807 Rikalf
2520 2731 2616 2823 ²⁰)
2680 2734 2766 2807 de
2829 2735 3145 2823 Tharku,
3222 2737 3293 2806 et
3345 2735 3479 2806 La-

397 2857 712 2948 „dislaus
784 2854 978 2927 filius
1049 2852 1355 2927 Mathiae
1385 2852 1507 2945 ²¹),
1579 2854 1764 2925 bona
1825 2853 1958 2926 fide
2023 2859 2091 2926 et
2154 2852 2633 2942 christianiae,
2708 2854 2969 2927 nostris
3038 2858 3109 2927 et
3163 2855 3479 2943 fratrum,

397 2976 1087 3069 „regnicolarumque
1156 2973 1641 3046 universorum
1705 2972 1859 3047 vice
1939 2978 2009 3046 et
2070 2973 2471 3047 nominibus
2548 2974 3003 3063 assumimuS,
3068 2973 3483 3066 pollicemur

397 3075 509 3188 „et
564 3098 700 3169 fide
755 3095 1105 3184 iubemuS,
1164 3095 1348 3186 quod
1387 3095 1617 3167 omnia
1671 3099 1741 3168 et
1778 3093 2060 3186 singula
2114 3093 2439 3186 superius
2486 3094 2749 3187 scripta
2804 3098 2874 3167 et
2910 3114 3244 3186 expressa
3280 3115 3479 3185 prae—

395 3219 630 3308 „fatus
685 3215 1024 3288 Dominus
1080 3219 1320 3287 noster
1373 3213 1866 3307 Sigismundus
1919 3213 2074 3286 Rex
2143 3215 2461 3287 attendet
2526 3218 2595 3287 et
2650 3214 2992 3304 servabit,
3059 3235 3323 3306 nosque
3377 3218 3481 3286 at-

394 3337 809 3427 „tendemus
864 3339 934 3407 et
987 3334 1463 3422 servabimus3
1521 3355 1720 3406 suam
1775 3354 2049 3426 quoque
2103 3333 2568 3406 serenitatem
2624 3338 2771 3406 toto
2826 3334 3184 3407 conamine
3240 3333 3479 3406 incon-

394 3477 645 3547 „cusse
701 3453 1130 3530 observanda
1182 3475 1309 3546 pro
1345 3475 1551 3546 posse
1590 3454 2032 3543 inducemus,
2090 3454 2247 3526 (1616
2287 3457 2359 3526 et
2395 3454 2635 3526 fraude
2690 3455 2762 3526 in
2800 3453 3205 3544 praemissis
3262 3452 3480 3524 omni-

393 3577 572 3666 „bus
646 3579 717 3648 et
787 3575 1089 3666 singulis
1161 3574 1404 3665 procul
1473 3573 1710 3646 motis,
1801 3574 2060 3645 Datum
2130 3573 2397 3662 Liblio,
2472 3574 2677 3644 Anno
2752 3573 3034 3645 Domini
3106 3571 3481 3645 Millesimo

395 3694 1130 3788 „quadringentesimo
1185 3693 1612 3784 duodecimo,
1671 3693 2108 3785 quindecimo
2148 3693 2260 3765 die
2316 3693 2586 3781 Martii3
2644 3693 3042 3784 Regnorum
3086 3696 3481 3764 nostrorum

394 3836 622 3905 „anno
678 3813 1084 3906 Hungariae
1139 3812 1471 3886 vicesimo
1527 3813 1806 3905 quinto,
1862 3813 2333 3886 Romanorum
2388 3833 2549 3885 vero
2606 3813 2972 3884 secundo.“

609 4086 658 4167 1)
703 4087 897 4148 Czoch
957 4082 1106 4149 Cod.
1166 4085 1356 4148 Rozr.
1426 4086 1693 4166 (Chech).
1763 4085 1814 4164 ²)
1859 4087 2130 4146 Bisemus
2195 4081 2347 4149 Cod.
2416 4083 2593 4146 Kost.
2664 4082 2716 4163 ³)
2762 4085 3005 4160 Philpes
3070 4077 3223 4145 Cod.
3289 4080 3481 4144 Rozr.

387 4189 443 4267 ⁴¹)
490 4190 738 4267 Goroph
787 4185 938 4252 Cod.
966 4185 1141 4252 Calv.
1167 4189 1464 4269 (Coroch).
1513 4186 1565 4269 ⁶)
1593 4190 1868 4250 Ianitoris
1913 4185 2038 4250 Ed.
2073 4185 2253 4270 Lips.
2302 4185 2357 4266 ⁶)
2404 4189 2477 4248 (16
2509 4189 2773 4264 Seugara
2809 4183 2960 4248 Cod.
2991 4183 3185 4248 Rozr.
3236 4183 3285 4265 ⁷)
3320 4187 3485 4247 Lach

389 4296 466 4355 (16
498 4294 799 4353 Zankowo
837 4287 988 4354 Cod.
1020 4289 1197 4353 Koat.
1243 4291 1468 4370 (Laczk
1513 4294 1587 4352 (16
1617 4291 1945 4371 Zanthow).
1994 4289 2046 4371 8)
2093 4292 2349 4351 Palancz
2399 4286 2549 4352 Cod.
2586 4286 2761 4352 Calv.
2809 4287 2862 4368 ⁹)
2912 4289 3297 4350 Grzozczhws
3332 4283 3483 4350 Cod.

390 4391 569 4458 Calv.
617 4395 951 4472 Gorzghwo
995 4391 1120 4455 Ed.
1151 4391 1330 4476 Lips.
1375 4389 1760 4477 (Diosgewr).
1816 4391 1894 4474 ¹⁰)
1942 4395 2357 4454 Vinarczensis
2392 4388 2550 4454 Cod.
2570 4389 2747 4454 Calv.
2805 4390 2877 4472 ¹⁶)
2910 4392 3275 4452 Vmariensis
3324 4387 3479 4452 Cod.

391 4495 583 4560 Rozr.
630 4496 1025 4577 (Uivarensis)
1081 4495 1100 4532 ¹
1115 4494 1159 4576 1)
1209 4498 1284 4557 (16
1329 4497 1554 4558 Garasz
1598 4494 1724 4558 Ed.
1764 4493 1944 4579 Lips.
1991 4495 2093 4577 (de
2139 4495 2363 4574 Sarna).
2421 4492 2496 4574 1’1)
2544 4495 2750 4556 Bebek
2793 4493 3046 4557 rectius.
3112 4492 3190 4574 ¹³)
3234 4493 3483 4554 Franthi

397 4595 548 4663 Cod.
583 4595 760 4662 Calv.
785 4600 1002 4660 Fauthi
1030 4594 1182 4662 Cod.
1214 4595 1404 4660 Rozr.
1448 4596 1524 4678 11)
1549 4599 1978 4676 Korzkephavs
2007 4594 2157 4661 Cod.
2196 4593 2371 4660 Calv.
2397 4598 2785 4674 Kerzkeghas
2817 4592 2967 4658 Cod.
2999 4593 3192 4657 Rozr.
3249 4593 3327 4673 ¹⁵)
3356 4597 3477 4655 Τ6-

396 4708 527 4763 tens
584 4697 738 4764 cod.
799 4699 974 4764 Kost.
1045 4700 1122 4780 ¹⁶)
1179 4703 1253 4762 de
1309 4703 1609 4762 Lossoncz
1668 4701 1920 4763 rectius.
1977 4699 2054 4780 1'⁴')
2109 4702 2427 4777 Nagwihal
2489 4695 2639 4761 Cod.
2698 4698 2889 4761 Rozr.
2949 4697 3483 4777 (Nagy-Michaly).

405 4803 484 4884 111)
538 4805 829 4881 Zakyeph
891 4799 1040 4866 Cod.
1101 4799 1277 4866 Calv.
1334 4802 1410 4882 ¹⁹)
1456 4804 1774 4864 Harenhen
1823 4799 1973 4866 Cod.
2031 4801 2207 4867 Calv.
2270 4805 2343 4864 de
2386 4803 2666 4864 Renchen
2722 4799 2873 4868 cod.
2918 4799 3093 4863 Koat.
3164 4797 3241 4877 ²⁰)
3286 4799 3492 4860 Ribalf

401 4901 550 4969 Cod.
601 4903 782 4969 Calv.
831 4904 913 4985 ²¹)
959 4907 1219 4967 Mathaei
1267 4901 1418 4968 Cod.
1463 4903 1640 4967 Kost.
