4342 6384
932 582 1088 659 360
2132 608 2360 661 mana
2410 602 2868 663 nunncmus.
3164 602 3167 605 ’
3476 580 3606 689 (Α.
3648 588 3739 666 D.
3782 578 4038 689 1428.)

929 791 1248 881 advenit,
1308 794 1878 885 frequentemque
1943 794 2425 867 Praelatorum
2482 799 2553 867 et
2605 796 2942 867 baronum
3007 796 3236 887 Regni
3302 802 3719 870 conventum
3776 798 4033 871 tenuit.

930 909 1186 982 Missae
1243 916 1313 983 et
1365 916 1534 985 tunc
1591 914 1864 984 fuerant
1919 914 2157 1005 plures
2223 914 2470 987 literae
2536 914 2677 987 fere
2744 914 3067 987 omnibus
3124 915 3471 988 Praelatis
3528 925 3599 989 et
3651 918 4034 990 baronibus

928 1029 1160 1123 Regni
1217 1030 1721 1123 insignioribus
1776 1053 1899 1123 per
1955 1032 2485 1125 Sigismundum
2542 1035 3011 1107 Romanorum
3051 1040 3120 1105 et
3160 1035 3565 1127 Hungariae
3603 1036 3913 1129 Regem,
3972 1038 4035 1107 in

925 1148 1462 1241 Nyepolomicze
1525 1152 1816 1223 allatae:
1886 1152 1957 1223 in
2017 1154 2275 1244 quibus
2342 1152 2541 1243 queri
2605 1154 2689 1225 de
2754 1154 3149 1226 Wladislao
3214 1155 3405 1247 Rege
3470 1156 3778 1245 graviter
3838 1156 4035 1228 visus

926 1272 1068 1355 est,
1128 1269 1312 1360 quod
1367 1270 1506 1342 sibi
1542 1270 1617 1342 in
1657 1270 2100 1362 expeditione
2156 1277 2400 1357 eontra
2446 1274 2707 1344 ancos
2746 1272 3133 1345 constituto
3170 1274 3592 1365 promissum
3634 1274 4035 1347 subsidium

925 1410 1062 1460 non
1120 1388 1388 1461 tulerit.
1449 1388 1586 1463 Sed
1641 1391 1870 1464 facilis
1927 1392 2062 1463 fuit
2101 1392 2187 1463 ad
2228 1393 2406 1464 hanc
2444 1394 2798 1484 querelam
2836 1392 3231 1483 responsio,
3294 1416 3471 1486 quae
3511 1394 3721 1466 etiam
3760 1396 4033 1467 dudum

918 1508 1055 1580 fuit
1109 1507 1562 1601 Sigismundo
1619 1510 1797 1601 Regi
1837 1511 2185 1585 intimata.
2246 1512 2533 1585 Miserat
2570 1514 2757 1584 enim
2798 1513 3233 1585 Wladislaus
3272 1514 3606 1588 Poloniae
3647 1516 3803 1587 Rex
3850 1536 4030 1587 anno

914 1632 1267 1700 transacto
1322 1628 1740 1719 promissum
1797 1631 2224 1720 subsidium,
2283 1632 2464 1722 quod
2504 1652 2725 1723 nsque
2781 1632 2947 1721 in1)
3004 1634 3403 1706 Danubium
3439 1642 3897 1725 pervenerat,
3962 1644 4026 1707 et

917 1752 1228 1839 tempore
1283 1746 1581 1820 notabili
1637 1749 1787 1821 eius
1843 1750 2221 1823 adventum
2278 1757 2689 1842 expectans,
2753 1751 3153 1845 fatigatum,
3214 1775 3573 1827 reversum
3612 1760 3743 1827 est.
3802 1756 4026 1847 Sigis-

921 1867 1222 1939 mundus
1278 1872 1512 1940 tamen
1543 1866 1605 1956 2)
1663 1869 1817 1941 Rex
1873 1870 1958 1941 de
2012 1871 2144 1943 hac
2200 1870 2390 1943 iusta
2425 1872 2877 1963 responsione
2916 1893 3159 1963 parum
3200 1880 3609 1963 contentae,
3668 1875 4027 1947 continuis

922 1986 1378 2079 querimoniis
1417 1994 1488 2060 et
1525 1987 1754 2060 literis
1813 1989 2283 2062 Wladislaum
2323 1992 2583 2084 Regem
2626 1992 3043 2077 incusando,
3095 1992 3444 2085 carpebat.
3503 1996 3803 2086 Propter
3842 1996 4025 2087 qued

921 2106 1362 2178 Withawdus
1418 2108 1713 2199 Magnus
1769 2110 1931 2180 Dux
1987 2110 2441 2198 Lithuaniae‚
2500 2110 2614 2183 cui
2671 2111 2883 2183 etiam
2939 2118 3230 2203 questus
3286 2114 3371 2185 de
3425 2134 3499 2187 re
3554 2114 3712 2206 ipsa
3769 2117 4022 2201 fuerat,

923 2225 1454 2299 conventionem
1511 2232 1824 2299 mutuam
1879 2250 2082 2321 agere
2139 2236 2209 2303 et
2262 2230 2617 2303 irritatum
2654 2232 2964 2304 animum
3005 2233 3443 2324 Sigismundi
3482 2234 3704 2326 Regis
3741 2234 4019 2325 placida

927 2345 1278 2419 oblatione
1335 2346 1595 2437 sopire,
1654 2369 1739 2420 ne
1792 2348 1982 2421 bella
2037 2349 2223 2422 inter
2259 2351 2504 2443 Regna
2541 2357 3072 2444 consurgerent,
3132 2353 3627 2444 multipliciter
3663 2356 4025 2426 consuluit

921 2471 994 2539 et
1036 2466 1414 2558 persuasit.
1472 2466 1931 2559 Paritumque
1985 2469 2122 2541 fuit
2178 2491 2345 2543 suae
2400 2473 2873 2562 persuasioni,
2930 2472 3207 2545 nemine
3263 2473 3439 2545 satis
3496 2473 3845 2567 suspicari
3904 2494 4019 2546 au·

923 2586 1165 2674 dente,
1223 2587 1746 2678 persuasionem
1801 2587 2028 2679 ipsam
2083 2589 2387 2663 alicuius
2442 2612 2699 2681 pravae
2755 2592 3170 2665 intentionis
3218 2593 3573 2666 continere
3612 2574 4015 2666 mixturam.

920 2706 1060 2780 Sed
1099 2712 1168 2780 et
1208 2705 1702 2799 Sigismundus
1758 2708 2231 2781 Romanorum
2270 2716 2339 2782 et
2378 2711 2783 2801 Hunga-riae
2824 2712 2979 2785 Rex
3018 2713 3387 2786 convenire
3426 2734 3584 2785 cum
3622 2712 4017 2786 Withawde

922 2827 1114 2899 varie
1171 2806 1581 2917 exoptabat,
1639 2848 1717 2899 eo
1772 2833 2126 2919 respectu,
2188 2828 2371 2919 quod
2428 2851 2767 2901 summam
2823 2852 3053 2903 rerum
3092 2830 3165 2901 in
3204 2853 3363 2904 eum
3411 2854 3683 2905 versam
3724 2834 4015 2919 viderat,

917 2952 1311 3036 permotus:
1379 2946 1467 3017 ad
1523 2967 1761 3020 omnes
1828 2948 2174 3040 siquidem
2232 2950 2373 3022 fere
2428 2950 2851 3041 legationes,
2912 2950 3032 3022 sed
3086 2952 3506 3042 praesertim
3562 2954 3648 3024 ad
3706 2974 3889 3040 eam,
3951 2954 4019 3025 in

923 3086 1061 3156 qua
1114 3065 1199 3137 de
1251 3065 1595 3157 promisso
1653 3067 1966 3140 subsidio
2024 3068 2521 3161 Sigismundus
2576 3071 2731 3142 Rex
2789 3070 3238 3161 querebatur,
3296 3070 3769 3144 Wladislaum
3810 3073 4015 3144 Pole-

915 3184 1073 3257 niae
1126 3186 1390 3277 Regem
1445 3188 1874 3278 respondere
1929 3188 2249 3277 solitum,
2308 3211 2443 3260 non
2500 3210 2705 3281 posse
2754 3189 3039 3281 aliquod
3078 3196 3343 3262 certum
3380 3192 3547 3263 dare
3582 3213 4013 3283 responsum,

917 3305 1131 3378 fratre
1187 3325 1313 3376 sno
1370 3304 1768 3377 Withawdo
1825 3329 1961 3379 non
2017 3310 2373 3397 consulto,
2432 3309 2816 3399 plurimum
2872 3308 2985 3382 illi
3040 3310 3553 3383 aestimationis
3593 3310 4013 3399 diminuens

920 3423 1314 3496 Withawdo
1371 3423 1651 3497 adiecit.
1721 3426 1981 3499 Fertur
2043 3427 2227 3500 enim
2280 3428 2355 3499 iu
2411 3449 2537 3500 suo
2595 3434 2862 3501 secreto
2917 3428 3211 3501 consilio
3281 3429 3777 3521 Sigismundus
3834 3432 4015 3518 Rex,

913 3548 996 3615 ut
1052 3548 1202 3616 erat
1255 3544 1366 3615 vir
1421 3544 1770 3617 industria
1827 3551 1897 3619 et
1939 3546 2315 3638 prudentia
2366 3548 2650 3639 plenuS,
2710 3547 3007 3620 dixisse:
3067 3548 3317 3633 Video,
3377 3548 3644 3641 inquit,
3703 3552 4014 3623 Wladis·

917 3664 1108 3735 laum
1148 3663 1480 3737 Poloniae
1518 3666 1815 3757 Regem,
1874 3667 2101 3739 virum
2140 3688 2393 3758 purum
2432 3672 2501 3741 et
2540 3668 2931 3759 simplicem
2979 3689 3162 3755 esse,
3224 3674 3294 3741 et
3332 3690 3570 3741 omnes
3609 3670 3761 3743 eius
3798 3670 4013 3743 actio-

913 3804 1036 3857 nes
1093 3804 1179 3857 ex
1233 3783 1525 3857 arbitrio
1582 3784 1966 3857 Withawdi
2024 3786 2240 3858 Ducis
2294 3787 2628 3878 pendere;
2690 3788 3129 3860 Withawdus
3168 3786 3390 3879 igitur
3426 3788 3599 3861 mihi
3638 3788 4011 3861 concilian-

914 3903 1045 3975 dus
1101 3908 1238 3991 est,
1305 3909 1387 3975 ut
1439 3903 1640 3976 illius
1705 3905 2136 3979 authoritate
2190 3909 2260 3979 et
2313 3906 2500 3979 hunc
2564 3910 2947 3993 conteram,
3016 3912 3085 3979 et
3140 3907 3269 3979 sub
3336 3908 3580 4000 iugum
3646 3909 3893 3981 ducam
3926 3908 4011 3996 ³),

915 4027 986 4093 et
1039 4042 1216 4112 quae
1271 4022 1518 4111 velim,
1585 4024 1962 4115 perficiam.
2028 4025 2369 4116 Neglecta
2432 4026 2670 4117 itaque
2734 4026 3113 4098 Wladislai
3181 4026 3514 4101 Poloniae
3568 4028 3785 4119 Regis
3838 4028 4010 4099 ami·

915 4140 1084 4213 citia
1137 4145 1209 4213 et
1261 4139 1438 4233 liga,
1497 4143 1584 4213 ad
1639 4144 1902 4217 Ducem
1959 4144 2430 4217 Withawdum
2490 4166 2563 4218 se
2620 4150 2811 4217 totus
2849 4146 3229 4233 convertit,
3288 4152 3361 4219 et
3397 4168 3520 4237 per
3555 4147 3796 4237 plures
3833 4168 4009 4217 nun-

913 4259 1084 4348 tioS,
1142 4260 1452 4333 crebrius
1506 4262 1580 4335 in
1635 4262 1705 4335 id
1764 4267 2038 4355 tempus
2103 4265 2391 4351 misso8,
2460 4263 2718 4352 effecit,
2796 4271 2876 4336 ut
2942 4267 3131 4337 Duce
3196 4266 3597 4338 Withawdo
3671 4274 4007 4357 operante

915 4385 986 4453 et
1037 4380 1503 4473 practicante,
1561 4384 1929 4457 conventio
1976 4383 2050 4456 in
2089 4384 2403 4456 Luczsko
2454 4406 2576 4475 pro
2624 4384 2735 4456 die
2782 4384 3218 4476 Epiphaniae
3283 4386 3865 4475 constitueretur,
3923 4386 4010 4457 ad

917 4522 1122 4592 quam
1178 4500 1377 4573 ambo
1433 4502 1662 4593 Reges
1718 4509 1788 4575 et
1841 4504 2004 4575 Dux
2065 4502 2504 4575 Withawdus
2552 4503 3027 4577 convenirent.
3086 4504 3198 4577 Ex
3234 4504 3774 4597 Nyepolomicze
3812 4505 4007 4579 Wla-

915 4621 1186 4693 dislaus
1241 4621 1396 4694 Rex
1452 4642 1577 4712 per
1631 4621 1844 4693 solita
1897 4622 2049 4694 loca
2102 4622 2175 4694 in
2234 4622 2685 4694 Lithnaniam
2750 4622 3076 4710 divertit,
3134 4630 3205 4697 et
3260 4621 3411 4695 illic
3474 4644 3677 4697 omne
3734 4629 4007 4715 tempus

913 4746 1077 4828 ante
1147 4742 1402 4812 festum
1481 4739 1764 4813 Natalis
1839 4741 2099 4813 Christ-i
2171 4743 2581 4831 absumenS,
2654 4743 3183 4817 conventionem
3238 4746 3664 4816 Luczensem
3720 4766 3845 4837 pro
3896 4744 4011 4818 die

914 4860 1380 4952 Epiphaniae,
1439 4860 1656 4933 Ducis
1713 4862 2192 4934 tantummodo
2230 4862 2611 4935 Withawdi
2651 4862 2947 4935 consilia
2996 4867 3313 4951 secutuS,
3369 4884 3619 4956 parum
3658 4869 3860 4937 caute
3894 4862 4009 4957 agi

913 4980 1296 5066 consensit,
1355 4986 1424 5053 et
1477 4979 1824 5053 Praelatis
1879 4986 1950 5053 et
2003 4981 2380 5055 baronibus
2436 4982 2584 5054 suis
2641 4982 2975 5056 Poloniae
3030 5002 3445 5055 consensum
3499 4990 3571 5056 et
3608 4984 3996 5057 conclusio-

911 5120 1068 5173 nem
1126 5101 1478 5191 praefatae
1532 5100 2015 5173 conventionis
2071 5100 2449 5174 Luczensis
2506 5100 2942 5194 significans,
3009 5101 3401 5189 mandavit,
3460 5107 3541 5173 nt
3594 5104 3684 5175 ad
3738 5103 4002 5195 praefa-

915 5226 1062 5298 tam
1117 5219 1646 5292 conventionem
1699 5220 1938 5293 venire
1994 5221 2407 5312 tempestive
2462 5241 2536 5292 se
2591 5219 3063 5311 disponerent.

1133 5474 1181 5563 ¹)
1227 5476 1306 5539 ad
1347 5473 1474 5540 Ed.
1521 5473 1701 5563 Lapa.
1751 5476 1799 5559 ²)
1845 5482 2040 5538 autem
2095 5474 2248 5560 0901.
2294 5475 2485 5538 Rozr.
2534 5476 2585 5559 ³)
2632 5496 2703 5539 ac
2746 5479 2856 5538 sub
2900 5479 3101 5555 iugum
3144 5477 3373 5539 mittam
3420 5469 3574 5539 0ὸᾶ.
3610 5474 3800 5539 Rozr.
