4342 6384
392 521 517 622 (Α.
556 524 650 602 D.
692 524 921 624 1417.)
1544 551 1772 606 LIBER
1822 552 2284 608 uxnncnms.
3333 535 3487 610 203

391 733 568 824 quod
623 738 696 806 et
766 733 917 806 sine
980 755 1141 822 sua,
1172 738 1242 807 et
1306 736 1867 810 consiliariorum
1941 760 2226 812 suorum
2292 741 2662 814 voluntate
2721 742 3031 832 perfecta
3103 742 3352 834 fuerit,
3419 747 3492 818 61

387 854 606 946 magis
664 855 887 928 nobili
942 855 1285 928 connubio
1350 861 1623 947 poterat
1686 857 1825 931 sibi
1888 863 1958 932 61
2022 859 2548 950 Principatibus
2617 860 2766 936 suis
2832 860 3272 935 Wladislaus
3327 861 3492 936 Rex

386 976 727 1048 maximos
780 979 1135 1068 profectus
1198 980 1269 1048 61
1334 977 1589 1050 solatia
1627 980 1681 1069 ¹)
1748 979 2215 1070 quaesivisse,
2291 1001 2544 1072 passus
2610 985 2842 1054 tamen
2907 985 3018 1054 661
3070 983 3332 1075 Regem
3397 983 3486 1056 ad

383 1097 749 1184 ultimum,
809 1096 1244 1188 propositum
1309 1119 1514 1170 suum
1578 1099 1857 1191 exequi.
1934 1101 2043 1172 Ex
2108 1100 2404 1192 Leopoli
2466 1100 2640 1174 feria
2694 1100 2944 1192 quinta
3004 1106 3170 1193 post
3224 1104 3485 1175 festum

384 1217 695 1290 Paschae
747 1218 905 1290 Rex
944 1217 1371 1310 disgressus,
1428 1238 1551 1309 per
1588 1218 1954 1310 Glinyani,
2007 1220 2390 1310 Bobrkam,
2431 1217 2819 1294 Fulschten
2848 1218 2945 1311 2);
3002 1220 3255 1295 exinde
3319 1243 3486 1296 vero

384 1337 687 1428 Alpibus
739 1336 815 1410 in
872 1335 1146 1427 Sobyen
1210 1336 1592 1410 transitum
1658 1337 1953 1426 facienS,
2022 1340 2328 1413 Sabbato
2393 1340 2467 1413 in
2522 1339 2636 1414 (116
2692 1341 3108 1414 Sanctorum
3161 1342 3483 1434 Philippi

382 1461 451 1530 ot
503 1455 742 1529 Iacobi
798 1456 872 1527 in
928 1457 1165 1529 Sanok
1218 1457 1563 1548 pervenit.
1622 1458 1767 1534 Ubi
1820 1459 2021 1536 iussu
2076 1460 2294 1552 Regis
2349 1461 2698 1534 Iohannes
2737 1462 3250 1554 Rzeschowsky
3306 1464 3482 1538 Leo·

382 1578 719 1669 poliensis
796 1578 1363 1670 archiepiscopus
1388 1635 1406 1667 ,
1484 1579 1823 1656 Albertus
1896 1580 2452 1671 Iastrzambyecz
2527 1581 3047 1671 cracoviensis,
3132 1583 3484 1658 Iohannes

382 1697 846 1786 ChelmensiS,
925 1698 1267 1790 episcopi3
1343 1698 1693 1772 cristinus
1756 1701 1841 1772 (16
1904 1700 2171 1772 Ostrow
2237 1701 2700 1790 castellanuS,
2768 1702 3118 1775 Iohannes
3175 1704 3260 1775 (16
3313 1703 3479 1778 Tar-

382 1840 527 1890 now
580 1819 975 1910 palatinu3‚
1033 1819 1558 1907 cracovienses3
1618 1819 1966 1912 Sbigncus
2020 1821 2105 1894 (16
2160 1822 2466 1913 Brzezye
2519 1821 2748 1914 Regni
2803 1822 3135 1896 Poloniae
3189 1823 3481 1899 marsal-

357 1959 531 2025 ·cus,
590 1940 846 2012 Petrus
886 1939 1413 2031 Schaffranyecz
1462 1941 2010 2016 succamerarius
2050 1940 2559 2030 cracoviensis,
2616 1948 3114 2030 convenerant,
3174 1942 3484 2018 omnium

383 2081 553 2151 quae
617 2059 771 2132 illic
842 2058 959 2152 agi
1021 2060 1365 2134 debebant
1395 2059 1491 2151 3),
1565 2061 1844 2153 pauci3‚
1917 2082 2041 2153 per
2107 2082 2282 2153 quos
2352 2082 2466 2135 res
2532 2061 3079 2153 decoquebatur,
3155 2062 3482 2154 consciis,

381 2179 626 2272 ignari.
701 2180 1003 2253 Venerat
1058 2179 1345 2271 insuper
1398 2185 1470 2254 61
1523 2181 1931 2255 Alexandra
1986 2180 2326 2255 Semoviti
2379 2181 2734 2255 Masoviae
2789 2183 3005 2258 Ducis
3071 2204 3353 2258 consors
3411 2187 3482 2258 61

382 2299 706 2374 connubii
736 2301 799 2389 4)
857 2300 1349 2392 subsequentis
1388 2301 1857 2378 conciliatrix.
1917 2302 2224 2376 Venerat
2261 2308 2331 2374 et
2367 2301 2738 2376 Elisabeth
2777 2303 3234 2392 Granowska‚
3274 2303 3480 2396 longe

382 2419 615 2511 dispar
676 2420 1133 2509 connubium,
1203 2442 1411 2512 quam
1474 2422 1815 2510 conditiO,
1892 2422 1967 2495 in
2032 2444 2171 2514 qua
2234 2425 2401 2496 nata
2473 2424 2732 2511 fuerat,
2805 2423 3292 2514 permittebat,
3368 2423 3482 2498 die

381 2541 597 2612 altera
650 2541 1011 2614 sortitura.
1084 2540 1215 2613 Die
1272 2546 1505 2614 autem
1560 2541 1924 2616 Dominico
1991 2541 2237 2616 Sancti
2293 2542 2761 2635 sigismundi,
2828 2542 3268 2616 Wladislaus
3322 2544 3480 2620 Rex

382 2660 723 2734 Praelatis
780 2667 849 2732 61
901 2659 1281 2734 baronibus
1348 2661 1421 2735 in
1477 2661 1851 2736 consilium
1906 2662 2302 2752 advocatis,
2368 2664 2453 2735 de
2509 2663 2979 2738 contrahendo
3033 2662 3478 2740 matrimonio

381 2802 529 2854 cum
584 2782 951 2855 Elisabeth
990 2780 1417 2854 Granowska
1471 2803 1669 2856 suam
1703 2782 1857 2855 ‘illis
1915 2783 2182 2876 detegit
2218 2785 2679 2860 voluntatem.
2738 2782 2935 2874 Quod
2988 2783 3158 2858 licet
3211 2782 3479 2876 singuli

382 2901 875 2993 improbarent,
936 2902 1335 2976 deducendo
1391 2903 1625 2995 regiae
1664 2901 2129 2976 excellentiae
2195 2904 2506 2976 vetulam
2562 2907 2633 2976 61
2671 2902 3022 2977 subditam
3061 2907 3471 2994 matronam,

380 3022 661 3094 tertium
714 3021 1037 3114 perprius
1104 3023 1627 3096 matrimonium
1692 3022 2047 3112 sortitam,
2115 3021 2316 3115 iungi
2379 3044 2518 3100 non
2581 3022 2950 3099 convenire
2983 3023 3075 3114 5):
3153 3025 3474 3098 videntes

382 3145 606 3216 tamen
660 3141 931 3234 regium
996 3141 1305 3214 animum
1370 3145 1588 3214 fixum
1657 3163 1841 3231 6666,
1910 3147 1979 3214 61
2032 3164 2181 3215 16111
2236 3143 2497 3218 variari
2560 3164 2699 3215 non
2752 3163 2993 3235 posse,
3049 3144 3310 3236 partim
3365 3165 3474 3222 06·

382 3261 579 3349 (111111,
638 3262 897 3353 partim
953 3267 1294 3334 annuunt.
1372 3262 1730 3336 celebrata
1783 3262 2005 3354 igitur
2059 3263 2278 3336 missa
2342 3264 2472 3336 sub
2528 3267 2740 3336 cantu
2795 3262 2870 3336 in
2924 3263 3220 3342 ecclesia
3270 3285 3473 3355 paro-

382 3382 587 3454 chiali
641 3382 716 3452 in
774 3382 1003 3453 Sanok
1068 3402 1192 3471 per
1245 3382 1629 3455 Iohannem
1685 3382 2194 3475 Rzeschowsky
2261 3382 2861 3474 archiepiscopum
2915 3383 3472 3475 Leopoliensem,

384 3500 813 3574 Wladislaus
866 3502 1023 3574 Rex
1088 3523 1244 3574 cum
1300 3502 1665 3575 Elisabeth
1704 3501 2159 3592 Granowska,
2223 3503 2480 3576 femina
2536 3505 2892 3576 senectute
2947 3502 3276 3590 marcida,
3335 3503 3468 3578 ali-

384 3627 543 3711 quot
598 3622 909 3694 virorum
964 3621 1309 3694 connubia
1365 3621 1503 3694 iam
1559 3626 1881 3713 experta,
1939 3622 2174 3712 prolis.
2218 3623 2508 3714 insuper
2544 3622 3046 3697 numerositate
3100 3622 3471 3710 exhausta,

380 3741 894 3815 matrimonium
963 3762 1089 3832 per
1151 3741 1362 3813 verba
1433 3743 1547 3815 (16.
1590 3743 1945 3833 praesenti
2016 3742 2090 3814 in
2153 3743 2476 3816 manibus
2551 3741 2888 3818 Iohannis
2963 3740 3472 3832 archiepiscopi

380 3861 853 3953 Leopoliensis
908 3867 1365 3934 consummat.
1424 3863 1516 3934 Et
1570 3861 1739 3938 licet
1793 3861 1941 3934 (1166
1980 3862 2346 3936 Dominica
2393 3861 2634 3934 Sancti
2674 3861 3146 3954 Sigismundi,
3199 3860 3278 3960 in
3334 3882 3474 3952 qua

382 3980 541 4053 haec
594 3981 1005 4073 agebantur,
1072 3981 1144 4052 in
1201 3986 1397 4052 ortus
1454 3980 1567 4052 sui
1628 3980 1974 4072 principio
2031 3985 2101 4052 et
2154 4002 2378 4072 usque
2442 3981 2528 4056 ad
2582 3981 2866 4054 tertiam
2920 3982 3161 4054 horam
3218 3981 3472 4057 fuisset

379 4099 605 4172 lucida
658 4107 871 4192 atque
925 4101 1144 4188 clara,
1203 4101 1393 4193 regio
1449 4106 1681 4174 tamen
1736 4104 2100 4174 contractu
2155 4100 2655 4175 matrimoniali
2707 4102 3048 4192 perfecto,
3108 4100 3344 4173 subito
3400 4103 3472 4172 et

378 4219 445 4292 in
498 4221 884 4294 continenti
940 4220 1113 4292 solis
1171 4221 1540 4293 obscurata
1594 4219 1947 4308 claritate,
2004 4220 2393 4314 caliginosa
2456 4220 2849 4312 frigidaque
2897 4221 3049 4295 (1166
3105 4242 3258 4294 6666
3313 4241 3464 4298 606-

378 4340 507 4428 pit,
563 4340 983 4432 turbatoque
1047 4341 1337 4413 densato
1402 4361 1589 4428 aere,
1658 4340 1816 4428 nix,
1890 4341 2135 4432 pluvia
2203 4343 2524 4416 concreta
2595 4361 2752 4413 cum
2825 4341 3047 4416 imbre
3119 4345 3191 4414 61
3256 4344 3468 4417 vento

381 4459 760 4548 descendit,
838 4465 909 4533 61
960 4465 1227 4533 mentes
1294 4461 1653 4534 hominum
1718 4482 1807 4534 ex
1861 4465 2220 4534 contractu
2277 4460 2706 4538 matrimonii
2771 4461 3072 4552 praefati
3126 4464 3376 4552 suapte
3405 4461 3467 4549 6)

380 4582 705 4653 molestas
778 4586 849 4655 61
920 4602 1227 4668 amaras,
1286 4580 1611 4671 ampliori
1683 4580 2146 4656 amaritudine
2201 4580 2478 4654 addixit
2511 4581 2594 4670 ⁷).
2679 4581 3109 4654 Transeunte
3179 4579 3468 4674 insuper

378 4701 679 4788 praefata
732 4700 1104 4774 Elisabeth
1160 4701 1585 4774 Granowska
1637 4702 1722 4773 (16
1778 4700 2073 4773 ecclesia
2125 4700 2202 4775 in
2256 4699 2629 4794 quadriga,
2687 4700 3064 4774 contractis
3119 4697 3462 4790 sponsali·

378 4819 532 4908 bus,
586 4821 661 4892 in
715 4825 1059 4908 castrum,
1117 4825 1271 4894 rota
1326 4842 1604 4910 currus,
1665 4843 1801 4913 quo
1858 4822 2266 4911 vehebatur,
2325 4822 2678 4894 confracta
2733 4825 2842 4893 661
2903 4820 2978 4894 111
3033 4820 3184 4893 1060
3236 4817 3460 4912 pluri·

579 5129 623 5208 ¹)
669 5131 892 5190 auxilia
941 5125 1091 5191 Cod.
1135 5127 1325 5216 Rozr.
1375 5129 1423 5208 ²)
1471 5130 1739 5191 Tusthen
1790 5125 1939 5192 Cod.
1993 5124 2169 5191 Calv.
2217 5129 2451 5189 Fulstin
2501 5123 2652 5190 cod.
2698 5124 2875 5190 Kost.
2935 5125 2988 5206 ³)
3032 5127 3241 5204 peragi
3286 5127 3464 5188 debe·

376 5231 576 5292 bantur
616 5231 745 5294 Ed.
792 5229 975 5314 Lips.
1026 5230 1077 5312 ⁴)
1126 5234 1385 5308 coniugii
1434 5229 1585 5294 Cocl.
1618 5231 1809 5296 Rozr.
1862 5231 1915 5311 ⁵)
1960 5235 2077 5292 iam
2121 5251 2475 5309 progressae
2519 5233 2732 5293 aetatis
2777 5236 3133 5310 matronam,
3181 5249 3464 5307 suamquc

376 5337 689 5416 subditam,
736 5337 911 5396 etiam
958 5338 1174 5412 triplici
1220 5337 1591 5398 matrimonio
1635 5337 2001 5412 perfunctam
2018 5379 2035 5414 ,
2094 5337 2261 5411 regio
2307 5335 2599 5398 connubio
2643 5354 2762 5399 non
2809 5353 2942 5399 6666
2986 5335 3260 5401 idoneam
3311 5330 3461 5396 Cod.

378 5433 552 5501 Rozr.
601 5437 652 5520 ὅ)
704 5445 913 5517 suapte
957 5444 1167 5516 sponte
1216 5435 1369 5502 Cod.
1416 5435 1611 5502 Rozr.
1662 5435 1709 5518 ⁷)
1759 5439 2019 5502 adauxit.
2072 5434 2223 5501 Cod.
2270 5435 2464 5500 Rozr.
