4342 6384
848 557 949 631 46
2036 578 2262 634 mann
2315 578 2777 631 nunnonms.
3400 553 3538 652 (D.
3571 553 3666 628 Α.
3701 548 3928 651 1410.)

846 762 1012 851 wik‚
1088 762 1272 854 quod
1334 761 1408 835 in
1472 783 1712 854 campo
1766 762 2145 836 coelestino
2209 762 2510 844 habebat
2563 763 2831 834 leonem
2885 761 3210 848 rubeum,
3277 761 3352 834 in
3416 759 3643 833 tribus
3699 763 3938 832 tamen

843 883 1051 972 locis,
1108 881 1441 957 videlicet
1492 881 1567 954 in
1618 887 1927 974 pectore,
1993 882 2069 954 in
2134 885 2378 956 ventre
2443 886 2514 954 et
2565 880 2639 954 in
2693 902 2832 955 uno
2885 882 3058 972 pede
3119 880 3552 969 dealbatum,
3609 881 3928 972 glaucam

844 1023 1165 1075 coronam
1217 1001 1293 1073 in
1346 1001 1576 1093 capite
1628 1005 2053 1095 gestantem,
2110 1001 2411 1078 habebat
2445 1023 2570 1094 pro
2609 1001 2898 1094 insigni.
2956 1002 3136 1073 Item
3177 1000 3785 1094 quadragesimum
3823 1020 3924 1072 se·

844 1121 1148 1195 cundum
1210 1121 1620 1194 banderium
1682 1121 2244 1195 Commendariae
2309 1122 2760 1214 civitatisque
2825 1121 3142 1209 Gdansk,
3210 1122 3394 1212 quod
3457 1121 3532 1191 in
3587 1117 3928 1210 superiori

844 1245 1042 1332 parte
1095 1260 1367 1314 crucem
1429 1241 1716 1314 rubeam
1778 1240 1853 1312 in
1908 1242 2066 1314 albo
2132 1261 2374 1333 campo
2391 1297 2408 1330 ,
2463 1242 2538 1313 in
2591 1241 2908 1314 inferiori
2969 1261 3240 1314 crucem
3304 1240 3534 1313 albam
3588 1238 3664 1312 in
3716 1239 3928 1312 rubeo

844 1381 1116 1451 campo,
1175 1359 1475 1432 habebat
1527 1382 1651 1451 pro
1706 1359 2003 1453 insigni3
2058 1360 2308 1434 ductor
2361 1360 2513 1434 eius
2569 1365 2718 1433 erat
2772 1361 3459 1434 Vicecommendator
3512 1357 3925 1432 Gdanensis.

844 1479 1024 1554 Item
1077 1478 1487 1552 banderium
1542 1479 2152 1571 quadrageSImum
2207 1479 2494 1552 tertium
2515 1535 2532 1568 ,
2599 1479 2783 1571 quod
2837 1501 2924 1552 ex
2969 1479 3320 1552 militibus
3364 1477 3838 1552 Misnensibus
3875 1477 3927 1566 ¹)

844 1578 1242 1687 constabat,
1308 1602 1379 1671 et
1442 1599 1623 1690 quod
1688 1598 1765 1671 in
1828 1598 2172 1694 superiori
2234 1605 2434 1691 parte
2497 1620 2767 1673 crucem
2833 1599 3065 1672 albam
3128 1599 3204 1670 in
3255 1598 3470 1670 rubeo
3525 1618 3799 1688 campo,
3856 1595 3930 1668 in

843 1716 1159 1792 inferiori
1229 1739 1395 1793 vero
1466 1739 1735 1792 crucem
1808 1718 2095 1791 rubeam
2166 1718 2244 1790 in
2315 1719 2475 1790 albo
2529 1739 2804 1810 campo,
2869 1718 3172 1792 habebat
3223 1739 3348 1809 pro
3403 1716 3691 1809 insigni.
3748 1716 3928 1789 Item

844 1836 1456 1938 quadragesimum
1510 1842 1836 1929 quartum
1882 1837 2290 1912 banderium
2329 1838 2888 1912 Commendariae
2927 1842 3000 1910 et
3036 1837 3352 1910 civitatis
3389 1835 3754 1923 Sczithno,
3813 1855 3928 1907 cu-

842 1956 957 2028 ius
1010 1956 1215 2028 albus
1270 1959 1341 2030 et
1390 1957 1649 2029 rubeus
1704 1977 1988 2048 campus
2005 2013 2022 2046 ,
2080 1957 2586 2030 diametraliter
2641 1979 2716 2031 se
2767 1957 3066 2030 invicem
3123 1956 3564 2048 contingenS,
3621 1959 3772 2030 erat
3825 1954 3929 2026 in-

846 2073 1069 2166 signe.
1126 2075 1213 2146 Id
1266 2075 1562 2149 ducebat
1614 2074 1951 2150 Albertus
2004 2077 2087 2152 de
2125 2077 2392 2150 Eczbor
2419 2075 2482 2167 2)
2537 2076 3064 2150 Commendator
3099 2077 3186 2148 de
3221 2074 3552 2148 Sczithno
3589 2074 3768 2146 alias
3807 2074 3928 2148 Or-

843 2194 1201 2286 telszburg
1232 2191 1318 2283 3).
1374 2194 1557 2266 Item
1594 2195 2200 2288 quadragesimum
2239 2195 2566 2286 quintum
2621 2195 3029 2268 banderium
3093 2194 3653 2268 Commendariae
3707 2197 3780 2266 et
3833 2192 3928 2266 61-

845 2311 1093 2385 vitatis
1157 2314 1525 2406 Ragnetha
1556 2313 1640 2403 ⁴),
1696 2314 1959 2387 habens
2022 2319 2167 2387 tres
2222 2314 2446 2405 pileos
2507 2315 2760 2388 rubeos
2815 2315 2890 2386 in
2945 2315 3104 2386 albo
3159 2334 3400 2404 campo
3453 2334 3578 2404 pro
3629 2312 3928 2406 insigni3

845 2431 1142 2505 ducebat
1176 2432 1359 2504 illud
1394 2432 1634 2506 Comes
1670 2432 2071 2506 Fridericus
2109 2434 2195 2506 de
2232 2434 2480 2506 Czolrn
2509 2433 2571 2524 5)
2619 2434 3144 2507 commendator
3180 2434 3264 2506 de
3301 2433 3691 2524 Ragnetha.
3747 2432 3929 2504 Item

845 2551 1453 2644 quadragesimum
1508 2555 1785 2624 sextum
1838 2551 2250 2629 banderium
2313 2553 2626 2626 civitatis
2691 2554 3042 2645 Knippow
3070 2553 3158 2642 θ),
3217 2553 3400 2644 quod
3455 2552 3531 2624 in
3585 2550 3926 2642 superiori

841 2674 1041 2763 parte
1093 2671 1394 2745 habebat
1447 2691 1767 2744 coronam
1820 2672 2105 2746 rubeam
2158 2672 2234 2744 in
2287 2673 2445 2745 albo
2500 2693 2742 2764 campo
2759 2729 2775 2761 ,
2832 2673 2907 2745 in
2962 2672 3276 2745 inferiori
3313 2692 3476 2746 vero
3514 2691 3788 2744 crucem
3825 2670 3924 2741 al·

842 2790 1003 2862 bam
1054 2790 1129 2862 in
1182 2791 1395 2864 rubeo
1450 2811 1715 2882 campo.
1773 2791 1957 2865 Item
2007 2791 2420 2865 banderium
2474 2791 3078 2885 quadragesimum
3133 2791 3506 2882 septimum
3525 2846 3542 2879 ‚
3599 2789 3785 2881 quod
3837 2809 3924 2862 ex

843 2909 1195 2982 Livonitis
1248 2910 1645 2999 constabat,
1712 2915 1785 2984 et
1837 2912 2021 3002 quod
2075 2912 2374 2984 habebat
2427 2933 2551 3004 pro
2606 2911 2869 3004 insigni
2921 2915 3066 2983 tres
3119 2931 3434 3002 campOS,
3501 2909 3928 3001 superiorem

843 3029 1203 3120 glaucum,
1260 3028 1565 3101 medium
1620 3031 1853 3102 album
1911 3036 1983 3106 et
2035 3031 2432 3104 inferiorem
2483 3032 2797 3103 rubeum.
2855 3031 3040 3103 Item
3094 3028 3701 3122 quadragesimum
3737 3033 3924 3101 octa-

846 3168 1013 3218 vum
1075 3146 1483 3220 banderium
1546 3147 1950 3223 advocatiae
2004 3155 2073 3223 et
2127 3149 2441 3222 civitatis
2504 3151 2782 3223 Tsczow
2813 3151 2898 3239 ⁷),
2953 3149 3220 3222 habens
3286 3154 3585 3239 quatuor
3645 3169 3928 3238 campos

846 3265 1043 3339 albos
1097 3270 1167 3339 et
1218 3267 1456 3359 nigros
1491 3287 1617 3358 per
1654 3268 1929 3340 modum
1967 3268 2327 3341 barrarum
2363 3290 2488 3361 pro
2526 3269 2822 3362 insigni3
2879 3269 3064 3360 quod
3117 3267 3422 3341 Mathias
3477 3268 3833 3340 Beberach
3863 3265 3927 3355 8)

844 3384 1225 3457 advocatus
1278 3385 1765 3459 Tsczoviensis
1818 3387 2134 3459 ducebat.
2193 3388 2376 3461 Item
2429 3388 3038 3480 quadragesimum
3093 3409 3350 3459 nonum
3385 3385 3792 3459 banderium
3831 3385 3925 3458 ci-

844 3503 1093 3576 vitatis
1154 3504 1458 3578 Holsten
1518 3505 1836 3594 maioriS,
1904 3506 2081 3578 alias
2145 3508 2416 3580 Melsak
2445 3508 2530 3597 ⁹),
2597 3508 2864 3580 habens
2927 3511 3070 3579 tres
3125 3526 3436 3598 campoS,
3503 3505 3927 3596 superiorem

842 3622 1153 3716 nigrum,
1212 3623 1515 3697 medium
1552 3624 1789 3697 album
1825 3629 1897 3700 et
1930 3625 2329 3698 inferiorem
2381 3626 2704 3715 rubeum,
2760 3647 2884 3717 pro
2940 3625 3228 3717 insigni.
3284 3625 3466 3697 Item
3519 3623 3928 3697 banderium

845 3742 1501 3835 quinquagesimum
1554 3743 1864 3817 militum
1920 3744 2530 3834 mercenariorum,
2585 3746 2850 3819 habens
2898 3750 3196 3836 quatuor
3232 3765 3542 3835 campoS,
3599 3744 3774 3816 duos
3811 3765 3924 3815 ru·

843 3862 1010 3934 beos
1050 3867 1121 3934 et
1155 3863 1331 3934 duos
1387 3864 1834 3952 coelestinos,
1900 3885 2024 3955 per
2086 3865 2428 3956 quadrum
2491 3865 2900 3954 distinctos,
2958 3885 3082 3957 pro
3137 3864 3423 3956 insigni.
3488 3864 3670 3936 Item
3726 3864 3928 3956 quin·

846 3983 1328 4074 quagesimum
1381 3981 1685 4075 primum
1748 3983 2156 4056 banderium
2220 3985 2781 4058 Commendariae
2836 3989 2906 4058 et
2941 3983 3256 4057 civitatis
3319 3983 3777 4076 Brandeburg
3813 3983 3926 4072 ¹⁰),

843 4101 1108 4174 habens
1162 4101 1471 4192 aquilam
1524 4103 1809 4175 rubeam
1861 4101 1939 4174 in
1984 4123 2226 4195 campo
2263 4125 2388 4195 pro
2425 4103 2722 4196 insigni3
2778 4104 2850 4176 id
2887 4104 3259 4195 Marquard
3297 4103 3381 4176 de
3419 4103 3803 4176 Salczbach
3838 4103 3928 4192 ¹¹)

846 4220 1371 4293 Commendator
1424 4221 2067 4315 Brandeburgensis
2122 4224 2441 4298 ducebat.
2497 4223 2922 4296 Banderium
2975 4227 3208 4296 autem
3264 4223 3826 4296 Commendariae
3863 4229 3932 4296 et

847 4338 1161 4411 civitatis
1201 4338 1546 4431 Swyeczie
1584 4339 1699 4431 ¹2),
1757 4342 1941 4432 quod
1979 4343 2283 4415 scacales
2331 4363 2610 4434 campos
2657 4343 2854 4415 albos
2892 4340 2982 4431 13)
3037 4343 3518 4414 tantummodo
3567 4346 3636 4414 et
3671 4337 3931 4414 ¹rubeos

845 4458 1147 4531 habebat
1182 4479 1305 4548 pro
1359 4459 1659 4551 insigni,
1718 4482 1757 4531 a
1810 4462 2163 4551 praesenti
2215 4483 2452 4554 pugna
2503 4462 2770 4534 aberat:
2830 4461 3300 4552 Swyeczensis
3355 4462 3540 4533 enim
3579 4461 3930 4534 Commen-

844 4575 1047 4648 dator
1098 4576 1446 4649 Henricus
1502 4577 1585 4649 de
1638 4579 1953 4666 Plawen,
2010 4601 2167 4652 cum
2225 4580 2544 4652 omnibus
2600 4580 3160 4652 Commendariae
3215 4579 3688 4670 Swyeczensis
3727 4579 3928 4652 terri-

842 4695 1043 4787 genis
1100 4700 1171 4768 et
1224 4695 1571 4768 militibus
1635 4698 1722 4769 ad
1784 4698 2292 4788 prohibendum
2354 4698 2786 4772 invasionem
2851 4703 2921 4772 et
2983 4699 3450 4771 vastationem
3514 4702 3740 4772 terrae
3793 4700 3927 4771 Po-

1058 4896 1106 4979 ¹)
1149 4900 1641 4977 Myschnensibns
1701 4895 1853 4962 Cod.
1918 4894 2092 4962 Calv.
2156 4899 2206 4981 ²)
2260 4903 2511 4962 Elczbor
2569 4895 2720 4963 cod.
2780 4899 2972 4963 Rozr.
3038 4900 3091 4980 ³)
3140 4901 3460 4978 Orzsbnrg.
3521 4897 3672 4964 cod.
3733 4899 3928 4964 Rozr.

844 4999 899 5076 4)
941 5003 1252 5078 Rangneta
1298 4998 1451 5066 cod.
1496 5002 1687 5067 Rozr.
1738 4999 1789 5082 ⁵)
1839 5003 2069 5064 Czorlin
2119 4998 2271 5064 Cod.
2317 5001 2494 5066 Kost.
2546 5003 2907 5082 (Fridericus
2938 5005 3012 5064 de
3044 5003 3301 5082 Zollern)
3347 5001 3404 5082 ⁶)
3431 5005 3744 5080 Kwippow
3777 4999 3928 5066 Cod.

843 5103 1019 5166 Kost.
1080 5105 1412 5184 (Kneiphof
1462 5107 1593 5168 sive
1651 5106 1915 5180 Antiqua
1968 5106 2408 5185 Koenigsberg)
2471 5103 2521 5184 ⁷)
2572 5107 2814 5166 Czczow
2869 5101 3021 5168 Ood.
3074 5101 3251 5166 Calv.
3315 5104 3367 5184 ⁸)
3421 5106 3730 5167 Beberuch
3779 5103 3934 5168 God-

844 5206 1037 5270 Rozr.
1081 5207 1358 5285 (Mathias
1413 5209 1488 5269 de
1538 5207 1796 5286 Bebern)
1858 5204 1910 5284 ⁹)
1959 5207 2193 5267 Molzak
2251 5203 2402 5269 Cod.
2463 5204 2647 5268 Rozr.
2719 5204 2796 5286 ¹⁰)
2851 5209 3398 5283 Brandeburgensis
3443 5205 3570 5268 Ed.
3614 5205 3798 5290 Lips.
3853 5207 3930 5287 ¹¹)

847 5310 1242 5371 Schalczbach
1305 5304 1454 5372 Cod.
1518 5305 1692 5372 Galv.
1762 5306 1837 5388 ¹²)
1886 5309 2200 5369 Szwieczie
2242 5306 2368 5371 Ed.
2414 5306 2596 5390 Lips.
2665 5307 2743 5389 ¹⁸)
2791 5311 2994 5370 ambos
3049 5307 3200 5374 Cod.
3245 5306 3421 5372 Kost.
