4342 6384
906 520 1003 593 66
2079 550 2306 603 Lmen
2358 550 2815 604 unnecnms.
3462 518 3595 618 (Α·
3638 519 3727 593 D·
3772 512 4008 615 ¹4¹0·)

903 727 1161 815 dendo,
1232 728 1294 800 si
1347 730 1504 803 Rex
1561 732 1783 805 altero
1849 738 1971 805 aut
2037 735 2247 807 tertio
2310 744 2472 827 post
2536 735 2897 808 victoriam
2952 732 3065 806 die
3128 729 3508 804 exercitum
3575 726 4010 800 admovisset

905 857 1167 935 castro,
1225 848 1438 935 inita,
1507 850 1568 921 si
1624 852 2062 924 Wladislaus
2126 854 2462 926 Poloniae
2528 857 2682 926 Rex
2755 860 2825 926 et
2887 850 3271 927 consiliarii
3334 848 3446 920 sui
3518 843 4012 937 scrupulosius

907 966 1086 1037 illud
1142 967 1631 1059 digessissent.
1690 972 1999 1044 Laetitia
2052 977 2286 1045 tamen
2344 974 2543 1045 illius
2595 974 2734 1045 diei
2790 970 3141 1064 occupati,
3208 968 3777 1056 debellatumque
3841 962 4009 1046 rati,

903 1085 1332 1157 destinatum
1391 1090 1578 1161 omni
1632 1092 1903 1164 ratione
1959 1092 2495 1164 saluberrimum
2534 1092 2935 1178 consilium,
2992 1092 3289 1181 negante
3325 1092 3578 1159 natura
3631 1083 4011 1171 utriusque

902 1202 1098 1292 boni,
1174 1208 1504 1280 solertiae
1580 1209 1911 1282 videlicet
1984 1216 2052 1283 et
2107 1211 2472 1284 felicita-tis
2543 1210 3023 1303 largitionem,
3082 1229 3220 1280 non
3258 1208 3311 1296 ¹)
3371 1207 3560 1277 fuere
3625 1200 4011 1294 prosecuti,

902 1325 1366 1415 apparuitque
1424 1328 1684 1418 Regem
1742 1334 1812 1399 et
1867 1330 2308 1401 consiliarios
2364 1330 2632 1403 nescire
2686 1329 2793 1401 uti
2846 1333 3048 1419 parta
3100 1324 3428 1411 victoria,
3498 1342 3721 1413 neque
3785 1322 4011 1391 fortu-

903 1463 1031 1513 nae
1087 1449 1155 1515 et
1209 1446 1545 1536 temporis
1602 1451 1744 1517 tam
1803 1450 2326 1540 opportunitate
2383 1472 2587 1542 quam
2644 1450 2899 1521 favore.
2976 1444 3311 1519 Contritis
3368 1442 3715 1534 siquidem
3771 1437 4011 1510 Cruci-

904 1562 1200 1633 ferorum
1260 1563 1563 1650 viribus,
1624 1566 1684 1636 si
1741 1568 2107 1639 confestim
2166 1574 2236 1639 et
2290 1574 2559 1640 mature
2614 1568 2838 1639 victor
2873 1568 3028 1638 Rex
3087 1565 3421 1635 victorem
3478 1559 3871 1633 exercitum
3922 1556 4015 1626 ad

905 1680 1370 1769 obsidionem,
1430 1685 2160 1776 oppugnationemque
2225 1686 2438 1758 castri
2495 1686 2987 1777 Marienburgk
3041 1682 3501 1767 admovisset,
3570 1698 3771 1749 nemo
3828 1675 4012 1745 satis

903 1798 1212 1887 dubitat,
1270 1802 1480 1873 rebus
1547 1802 1696 1873 suis
1761 1804 2182 1876 conduxisse
2248 1805 2627 1898 plurimum
2702 1810 2772 1876 et
2836 1803 3018 1876 finiti
3082 1801 3257 1875 belli
3317 1799 3615 1891 gloriam
3683 1794 3821 1867 sibi
3890 1792 4015 1863 uni

905 1917 1226 1988 cessisse.
1284 1919 1358 1990 Is
1417 1940 1692 2010 quoque
1747 1943 1936 1994 error
1988 1924 2462 2014 permaximus
2518 1923 2734 2014 Regis
2788 1923 2972 1994 inter
3023 1919 3442 2010 disciplinae
3499 1914 3837 1988 militaris
3894 1933 4015 2003 pc·

906 2036 1080 2106 11108
1137 2038 1693 2126 computabatur,
1771 2041 1954 2130 quod
2019 2042 2285 2112 milites
2349 2042 2628 2113 mittere
2691 2040 2775 2112 ad
2841 2039 3316 2129 occupandum
3380 2037 3465 2109 de
3520 2034 3716 2106 facili
3786 2051 4016 2103 arcem

907 2153 1433 2246 Marienburgk,
1495 2157 1659 2227 dum
1715 2177 1890 2247 pene
1955 2161 2230 2232 deserta
2295 2166 2363 2230 et
2426 2181 2646 2231 vacua
2712 2164 2897 2230 esset
2951 2154 3621 2248 propugnatoribuS‚
3691 2156 3763 2223 et
3819 2156 4017 2221 ante-

909 2292 1115 2359 quam
1174 2272 1246 2343 in
1302 2273 1499 2344 illam
1573 2274 1922 2348 Henricus
1977 2279 2061 2350 de
2115 2279 2394 2349 Plawen
2450 2277 2971 2349 Commendator
3035 2277 3119 2347 (16
3176 2273 3527 2364 Swyeczie
3592 2292 3750 2342 cum
3818 2288 4017 2358 prae-

911 2389 1095 2460 sidio
1152 2390 1520 2480 intrasset,
1595 2395 1948 2465 recusavit
2012 2399 2082 2466 et
2136 2395 2481 2486 neglexit:
2556 2394 2963 2485 praesertim
3028 2394 3192 2464 dum
3250 2391 3561 2462 omnium
3635 2392 3707 2461 et
3761 2406 4019 2478 pauco-

913 2530 1066 2579 rum
1125 2509 1440 2599 quidem,
1500 2512 1621 2601 qui
1678 2533 1901 2584 arcem
1962 2513 2455 2600 observabant,
2514 2513 2929 2584 abalienatis
2986 2513 3070 2584 ob
3126 2515 3469 2583 recentem
3529 2514 3601 2579 et
3655 2506 4018 2596 ingentem

909 2628 1175 2699 cladem
1232 2629 1519 2715 animiS,
1579 2630 1954 2720 trepidatio
1994 2632 2229 2702 valida
2285 2637 2353 2704 et
2390 2633 2671 2704 morbus
2717 2632 3095 2723 letargicus
3150 2632 3591 2720 pervaserat3
3650 2626 3804 2696 sive
3854 2622 4023 2712 quia

907 2748 1260 2835 praesenti
1325 2749 1601 2819 laetitia
1674 2753 1743 2819 et
1808 2750 2202 2840 voluptate,
2279 2751 2626 2822 manubiis
2691 2752 2925 2842 potius
2997 2749 3312 2841 legendis
3378 2752 3451 2818 et
3504 2745 3837 2817 hostibus
3907 2761 4019 2811 ca-

911 2865 1218 2953 piendiS,
1295 2887 1502 2955 quam
1571 2867 2061 2955 conquirendis
2133 2869 2410 2941 arcibus
2475 2870 2722 2940 Poloni
2796 2890 3039 2940 vacare
3102 2869 3535 2950 maluerunt;
3613 2863 3768 2934 sive
3834 2857 4020 2949 quod

913 2983 1147 3053 triduo
1202 2983 1621 3053 manendum
1679 2984 1750 3054 in
1790 2984 1940 3056 loco
1997 2986 2333 3078 triumphi
2388 2988 2652 3058 iustum
2708 2991 2778 3058 et
2831 2986 3223 3078 legit-imum
3267 2982 3562 3074 plurimi
3600 2978 4020 3060 censebant;

919 3100 1071 3170 sive
1126 3099 1310 3190 quod
1368 3101 1718 3171 fortunam
1775 3104 1957 3174 nulli
2012 3107 2096 3175 ad
2150 3106 2435 3195 plenum
2489 3106 2868 3197 gratificari
2923 3105 3401 3191 consuevisse,
3460 3124 3597 3172 11811
3655 3104 3728 3171 61
3767 3102 4022 3167 natura

919 3221 1228 3303 constat3
1299 3218 1470 3303 sive,
1554 3220 1737 3308 quod
1803 3242 1926 3311 ego
1982 3222 2201 3312 magis
2265 3244 2441 3307 reor,
2508 3244 2806 3314 superna
2860 3223 3195 3313 quaedam
3264 3223 3543 3292 fortuna
3599 3214 4025 3289 Cruciferico

920 3336 1164 3406 Ordini
1239 3341 1408 3406 tunc
1480 3357 1804 3426 parcens,
1893 3339 1963 3408 in
2036 3340 2461 3410 destinatum
2535 3342 3039 3430 conquirendae
3111 3340 3292 3410 arcis
3368 3332 4024 3425 Maricnburgensis

920 3459 1196 3543 tempus
1253 3454 1492 3544 aptius
1560 3462 1885 3527 eventum
1941 3456 2141 3526 illum
2202 3458 2531 3528 servavit.

921 3810 1211 3896 magistri
1241 3810 1559 3896 Pmssiae,
1608 3812 2135 3898 caeterorumque
2165 3814 2302 3880 tam
2332 3829 2615 3897 suorum,
2647 3830 2835 3901 quam
2865 3814 3179 3897 hostium,
3210 3813 3417 3902 quiin
3452 3812 3590 3882 acie
3624 3809 4029 3891 ceciderant,
4105 3863 4116 3872 .

1237 3944 1506 4015 corpora
1548 3930 1736 3997 curat
1779 3928 1918 3998 Rex
1965 3928 2359 4015 sepelienda.
2406 3930 2742 4000 wernerus
2786 3932 3145 4019 notingum
3193 3949 3276 4001 cx
3321 3930 3462 4000 acie
3507 3930 3706 4017 rugit.

1138 4160 1346 4230 Feria
1402 4166 1685 4250 quart-a,
1743 4160 1814 4231 in
1854 4160 2156 4231 crastino
2214 4162 2595 4234 Divisionis
2636 4167 3162 4256 Apostolorum,
3222 4166 3569 4238 sedecima
3624 4166 3844 4253 Iulii,
3886 4164 4035 4234 dies

930 4298 1275 4362 serenus,-
1310 4279 1555 4367 pluvia
1610 4284 1925 4348 cessante
1981 4278 2255 4363 illuxit,
2314 4285 2383 4349 et
2437 4301 2472 4350 e
2528 4283 2825 4372 vestigio
2891 4285 2962 4354 111
3018 4285 3328 4356 (1111161116
3387 4284 3845 4355 wladislaus
3902 4283 4033 4352 Po-

935 4395 1167 4465 loniae
1207 4396 1386 4479 Rex,
1426 4396 1757 4465 Prussiae
1796 4395 2118 4484 Magistri
2157 4396 2412 4483 Ulrici,
2454 4398 2796 4486 Marsalci,
2836 4402 3513 4487 Commendatorum,
3556 4408 4035 4472 caeterarum-

929 4534 1066 4602 que
1122 4512 1512 4582 illustrium
1568 4532 2018 4600 persouarum
2083 4512 2268 4582 bello
2322 4522 2829 4605 peremptarum
2878 4540 3162 4609 corpora
3214 4520 3531 4610 perquiri
3579 4520 3776 4591 inter
3834 4518 4034 4591 cada-

931 4651 1095 4699 vera
1150 4629 1394 4713 iussit,
1454 4628 1966 4698 ecclesiasticae
2022 4631 2418 4717 sepulturae
2473 4633 2704 4703 debita
2756 4636 3117 4708 honestate
3174 4660 3253 4709 ea
3306 4638 3746 4709 traditurus:
3817 4655 4037 4726 aeque

930 4747 1316 4834 gloriosum
1372 4745 1821 4828 existimaus,
1880 4749 1950 4813 61
1986 4746 2256 4815 116816111
2312 4748 2616 4835 vincere,
2674 4756 2743 4821 et
2780 4752 3044 4824 infelici
3098 4776 3178 4826 ac
3216 4756 3402 4827 victo
3460 4756 3645 4827 scire
3685 4754 4035 4826 misereri.

930 4863 1090 4931 Rex
1144 4861 1268 4932 ubi
1324 4860 1647 4949 Magistri
1701 4860 2030 4931 Prussiae
2088 4862 2309 4934 Ulrici
2365 4885 2485 4952 per
2523 4868 2968 4959 Beleminsky
2999 4870 3061 4957 2)
3116 4874 3536 4963 terrigenam
3594 4878 3836 4945 terrae
3876 4872 4036 4943 Cul-

936 4977 1232 5061 111611818,
1292 4997 1505 5044 unum
1565 4995 1652 5045 ex
1711 4977 2043 5064 captivis,
2110 4980 2223 5048 cui
2278 5000 2357 5051 ea
2411 5003 2575 5053 cura
2627 4987 2959 5072 (familior
3013 4990 3270 5079 quippe
3336 4991 3521 5061 inter
3579 5012 3834 5063 omnes
3892 4991 4035 5060 Ma-

936 5092 1162 5180 gistro
1228 5091 1559 5160 Prussiae
1625 5090 1998 5177 extiterat)
2070 5095 2391 5164 mandata
2422 5096 2481 5182 ³)
2557 5101 2721 5185 fuit,
2796 5104 3124 5175 cadavere
3197 5106 3333 5176 duo
3398 5109 3736 5190 vulnera,
3819 5128 4035 5178 unum

1163 5337 1206 5415 ¹)
1252 5355 1326 5393 ne
1381 5335 1533 5395 Cod.
1582 5335 1771 5395 Rozr.
1821 5336 1866 5413 ἰ)
1912 5339 2323 5415 Bolemiensky
2373 5339 2521 5402 Cod.
2572 5344 2754 5406 Rozr.
2805 5347 2856 5426 ³)
2903 5350 3254 5411 demandata
3303 5350 3453 5414 Cod.
3502 5353 3708 5418 Rozr.
