4342 6384
472 573 607 678 (Α.
646 575 736 652 D.
776 569 1029 674 1420.)
1648 593 1875 653 menn
1926 589 2382 654 nsnscmus.
3399 573 3544 650 ao?

472 785 713 858 visura
768 788 909 873 est,
982 786 1229 876 utpote
1300 784 1423 877 qui
1490 784 1621 858 illa
1690 788 2107 876 tempestate
2162 803 2402 858 omnes
2455 782 2686 876 Reges
2749 786 2818 858 et
2873 778 3236 874 Principes
3289 783 3555 872 mundi,

472 906 687 993 fama,
744 902 1051 992 divitiis,
1106 925 1388 995 pompa,
1444 903 1669 995 gloria
1719 904 1895 977 belli
1946 903 2308 976 anteibant
2345 902 2428 991 ¹).
2483 902 2650 976 Non
2698 903 2992 976 arduum
3045 907 3278 976 tamen
3333 913 3558 994 neque

472 1023 761 1097 difficile
816 1027 963 1095 erat
1016 1022 1406 1110 dinoscere,
1464 1022 1623 1114 quis
1660 1043 1899 1096 eorum
1950 1021 2284 1114 gentibus
2339 1027 2408 1094 et
2443 1021 2670 1112 gloria
2721 1021 2944 1096 maior
2993 1024 3200 1094 esset.
3259 1020 3338 1094 Si
3377 1022 3560 1096 enim

471 1163 713 1216 verum
768 1143 1069 1235 ingenue
1098 1140 1481 1224 *fatendum
1536 1145 1677 1229 est,
1741 1140 2290 1230 circumscriptis
2320 1137 2382 1227 ²)
2439 1138 2624 1212 omni
2678 1139 2960 1228 livore,
2997 1139 3266 1214 invidia
3319 1145 3390 1214 et
3443 1161 3556 1214 as-

472 1261 898 1351 =entatione,
952 1261 1393 1334 wladislaus
1448 1261 1602 1334 Rex
1655 1260 1990 1333 Poloniae
2042 1263 2193 1332 tum
2247 1259 2730 1334 Praelatorum
2785 1265 2855 1332 et
2908 1259 3346 1350 Principum,
3407 1266 3556 1334 tum

470 1382 780 1456 militum
835 1379 1401 1472 splendidissimo
1456 1385 1829 1471 apparatu,
1886 1383 2037 1451 tum
2068 1376 2129 1466 ³)
2184 1378 2642 1450 multitudine
2693 1377 3068 1467 nobilium,
3135 1383 3278 1452 tam
3334 1379 3557 1471 Sigis-

472 1501 803 1574 mundum
858 1501 1328 1572 Romanorum
1382 1497 1675 1590 Regem,
1734 1517 1945 1589 quam
1995 1498 2260 1570 Ducem
2312 1496 2790 1570 Withawdum
2844 1497 3012 1569 adeo
3069 1497 3418 1584 vincebat,
3475 1502 3556 1570 ut

470 1619 545 1693 in
598 1618 1143 1710 comparatione,
1210 1617 1621 1706 praesertim
1685 1616 1851 1690 dum
1903 1616 2135 1707 Reges
2189 1616 2558 1688 convenire
2611 1614 3092 1708 eontingebat‚
3158 1620 3301 1690 tam
3355 1616 3556 1689 Hun-

468 1737 653 1828 gari‚
712 1759 921 1829 quam
956 1735 1330 1822 Lithuani,
1386 1755 1427 1806 a
1462 1734 1916 1808 multitudine
1954 1735 2376 1808 Polonorum
2431 1734 2986 1807 absorberentur.
3041 1735 3372 1808 Flumine
3411 1733 3560 1810 Stir

470 1863 939 1948 transgresso,
994 1855 1473 1946 processiones
1510 1853 1823 1928 civitatis
1864 1859 2344 1942 occurrerunt,
2403 1858 2473 1926 et
2507 1853 2807 1944 primum
2847 1854 3236 1926 catholicus
3291 1853 3555 1946 episco-

465 1996 598 2066 pus
650 1975 971 2048 Andreas
1026 1995 1183 2046 cum
1240 1974 1421 2061 suis,
1462 1972 1711 2046 deinde
1746 1973 2120 2046 Ruthenus
2156 1993 2312 2044 cum
2351 1971 2541 2060 suis,
2595 1973 2946 2045 Armenes
2983 1993 3138 2046 curn
3177 1972 3360 2061 suiS,
3411 1973 3555 2046 He·

468 2094 719 2166 braeus
774 2113 931 2164 cum
970 2093 1143 2178 suis,
1182 2093 1441 2184 Regem
1479 2092 1954 2166 Romanorum
1990 2090 2389 2182 excipiunt,
2428 2089 2554 2182 qui
2588 2090 2936 2164 duntaxat
2971 2091 3314 2164 catholico
3369 2090 3554 2183 epis-

480 2232 649 2302 copo
712 2213 1041 2283 honorem
1076 2211 1477 2298 deferendo,
1534 2231 1709 2300 equo
1764 2209 2220 2296 descendens,
2287 2227 2518 2281 sacras
2579 2209 2918 2300 reliquias
2983 2214 3092 2282 est
3154 2217 3554 2301 veneratus,

472 2330 769 2404 aliarum
833 2335 1185 2402 sectarum
1248 2333 1319 2402 et
1378 2328 1645 2401 rituum
1696 2326 2293 2419 processionibus,
2362 2326 2936 2418 quemadmodum
2987 2349 3116 2418 par
3169 2333 3238 2401 et
3291 2329 3556 2402 iustum

472 2453 653 2535 erat,
708 2448 1075 2540 neglectis.
1128 2448 1493 2539 Ingressos
1557 2447 1875 2520 Lucasko
1935 2447 2167 2539 Reges
2221 2446 2384 2517 Dux
2430 2444 2874 2519 Withawdus
2927 2466 3140 2520 coena
3191 2447 3559 2539 splendida

474 2567 739 2659 excipit
800 2572 871 2639 et
932 2564 1217 2657 opipare
1280 2570 1569 2653 tractat,
1646 2565 1835 2638 vasis
1899 2565 2134 2638 aureis
2201 2569 2274 2638 et
2333 2563 2685 2658 argenteis
2755 2564 2832 2636 in
2897 2565 3206 2638 maxime
3271 2587 3554 2644 numero

474 2686 851 2777 expositis,
907 2685 981 2758 in
1033 2683 1327 2776 gloriam
1384 2705 1581 2756 suam
1636 2689 1707 2756 et
1760 2684 2322 2757 ostentationem.

473 2983 917 3074 Sigismundu
958 2981 1380 3055 Romanorum
1406 2981 1567 3070 Rex,
1612 2983 1781 3074 qnod
1826 3000 2037 3073 neque
2066 2983 2302 3056 bellum
2347 2985 2575 3056 contra
2604 2982 2920 3056 Valet-,lios
2952 2984 3242 3057 excitare
3271 2987 3555 3074 poterat,

598 3121 720 3175 nec
761 3102 1034 3174 Polenos
1077 3103 1157 3174 ob
1202 3105 1511 3192 negatum
1556 3105 1783 3174 contra
1825 3101 2059 3214 ‘l'urcor
2118 3103 2428 3175 auxilium
2472 3104 2648 3175 iuste
2694 3119 2998 3175 accume
3013 3159 3030 3192 ,
3075 3103 3426 3193 persuadet

966 3221 1332 3294 withardo
1376 3223 1550 3309 nuci,
1578 3225 1671 3294 ‘ut
1714 3239 1788 3294 ιο
1832 3222 2218 3295 Lithnaniae
2259 3221 2496 3312 negem
2540 3223 2744 3295 creari
2788 3223 3102 3312 patiatur.

680 3399 1147 3490 Sequentibus
1183 3398 1429 3471 diebus
1484 3398 1781 3471 consilia
1833 3404 2030 3472 tenta
2066 3403 2266 3471 sunt:
2323 3399 2698 3472 consilium
2732 3399 2949 3492 Regis
3001 3400 3468 3473 Romanorum
3490 3403 3560 3492 ⁴)

474 3523 902 3612 segregatam
956 3518 1231 3590 stubam
1285 3517 1613 3605 habebat,
1671 3517 2043 3590 consilium
2080 3518 2296 3610 Regis
2334 3517 2668 3590 Poloniae
2723 3519 3018 3590 alteram
3040 3517 3128 3606 ⁵),
3184 3519 3556 3591 consilium

472 3636 859 3710 Alexandri
896 3635 1111 3707 Ducis
1148 3635 1570 3708 Lithuaniae
1608 3637 1922 3724 tertiam,
1980 3643 2049 3710 et
2084 3636 2466 3728 unicuique
2497 3635 2832 3728 Princeps
2871 3655 3042 3708 suus
3085 3637 3556 3728 praesidebat,

473 3756 891 3828 consulendo
946 3774 1113 3825 suae
1163 3754 1373 3844 parti.
1447 3755 1919 3827 Romanorum
1974 3755 2129 3827 Rex
2187 3754 2711 3846 SigismunduS,
2777 3754 3014 3827 missis
3079 3755 3288 3828 certis
3344 3757 3552 3829 Prae-

473 3875 639 3947 latis
695 3881 765 3946 et
816 3873 1193 3945 baronibus
1256 3873 1405 3944 suis
1469 3873 1556 3944 ad
1617 3873 2087 3946 Wladislaum
2150 3875 2414 3966 Regem
2475 3873 2840 3962 Polom'ae,
2913 3873 3211 3964 requirit
3273 3895 3432 3946 eum
3460 3875 3550 3964 θ),

472 4000 553 4066 ut
605 3994 809 4064 iuxta
860 3990 1351 4082 inscriptiones
1407 3999 1477 4062 et
1532 3991 1839 4079 foedera,
1903 4013 2079 4083 quae
2132 3995 2306 4064 tunc
2355 3991 2794 4084 originaliter
2844 3993 3250 4081 exhibebat,
3316 4013 3552 4066 secum

470 4131 798 4202 percussa
850 4114 922 4182 et
974 4109 1364 4181 iuramento
1428 4111 1732 4196 firmata,
1800 4109 2322 4202 expeditionem
2381 4117 2622 4183 contra
2673 4111 3098 4186 Moldaviam
3152 4111 3224 4184 in
3281 4117 3554 4186 aestaae

472 4235 766 4302 ventura
818 4251 959 4300 una
1020 4248 1253 4300 secum
1318 4228 1559 4315 faciat,
1634 4232 1703 4302 et
1766 4229 2083 4320 expulsis
2147 4229 2298 4302 eius
2363 4229 2844 4320 PrincipibuS‚
2912 4234 3169 4303 terram
3232 4229 3457 4321 ipsam
3488 4231 3550 4319 ⁷)

471 4347 673 4421 iuxta
725 4345 1229 4419 ordinationem
1268 4346 1843 4438 inscriptionibus
1880 4352 2309 4436 contentam,
2364 4347 2766 4438 partiantur
2799 4352 2868 4421 et
2902 4349 3249 4423 dividant.
3301 4348 3554 4440 Legati

472 4468 608 4542 etsi
676 4489 799 4559 pro
862 4466 1339 4557 persuadendo
1393 4467 1631 4557 plures
1686 4467 2115 4559 allegassent
2177 4487 2424 4539 causas
2489 4473 2560 4541 et
2611 4472 2970 4559 respectus
3033 4471 3266 4558 (erant
3317 4470 3554 4540 tamen

474 4609 563 4658 ex
615 4587 936 4658 omnibus
990 4605 1115 4656 eae
1166 4584 1623 4677 insigniores:
1700 4585 1883 4676 quod
1936 4585 2314 4658 Valachiae
2365 4606 2535 4678 gens
2589 4605 2730 4657 uua
2791 4607 2948 4658 cum
3000 4585 3372 4676 praefectis
3425 4605 3552 4657 seu

474 4704 893 4796 Woyevodis
959 4703 1107 4776 suis
1170 4703 1433 4774 nemini
1496 4703 1665 4791 fida,
1742 4708 1811 4775 et
1872 4703 2226 4776 universis
2289 4704 2674 4776 communis
2734 4702 2962 4776 hostis
3024 4703 3152 4791 sit,
3230 4705 3417 4774 furto
3481 4709 3553 4775 ot

474 4823 697 4914 spolio
752 4823 963 4894 solita
1016 4821 1282 4908 vivere,
1348 4827 1421 4893 et
1472 4822 1655 4912 quod
1717 4822 1793 4893 in
1846 4828 2031 4894 terra
2084 4822 2306 4896 fertili
2369 4827 2442 4895 et
2493 4823 2816 4894 omnibus
2868 4822 3076 4894 rebus
3139 4821 3552 4908 abundanti,

473 4941 703 5028 sedes,
762 4939 1115 5013 veteribus
1172 4939 1435 5011 colonis
1490 4945 1559 5012 et
1613 4939 1829 5012 iustis
1880 4940 2189 5012 dominis
2223 4940 2566 5028 exclusis,
2623 4940 3006 5030 posuisset,
3063 4944 3135 5012 et
3189 4940 3373 5031 quod
3410 4938 3552 5030 ipsi

685 5225 729 5306 ¹)
777 5225 1055 5286 anteibat.
1104 5221 1255 5287 0001.
1303 5221 1492 5287 Rozr.
1542 5221 1595 5307 ²)
1642 5225 2080 5304 circumscripto
2137 5221 2289 5289 cod.
2339 5223 2528 5288 Rozr.
2587 5223 2640 5302 ³)
2685 5244 2756 5286 ac
2803 5221 2954 5287 Cod.
3000 5223 3191 5288 Roar.
3241 5223 3296 5304 ⁴)
3339 5225 3547 5288 Roma·

470 5348 677 5390 norum
721 5335 782 5388 et
822 5328 1163 5403 Hungariae
1210 5322 1361 5387 cod.
1407 5325 1597 5389 Rozr.
1670 5326 1724 5407 ⁸)
1768 5329 1943 5388 aliam
1992 5325 2144 5390 Cod.
2193 5325 2384 5390 Rozr.
2469 5325 2522 5408 ⁶)
2569 5327 2958 5389 wladislaum
3001 5327 3282 5390 Poloniae
3325 5327 3549 5406 Regem

476 5430 527 5512 ⁷)
574 5436 762 5491 terras
804 5429 967 5504 ipsas
1010 5425 1136 5488 Ed.
1182 5425 1363 5510 Lips.
2617 5461 2622 5468 ·
