4342 6384
308 556 438 661 (Α.
478 560 570 635 D.
611 557 867 660 1442.)
1420 580 1646 634 mena
1698 578 2212 633 nuova-emus.
3253 546 3398 633 671

368 890 608 962 lilites
650 878 869 961 Poloni
915 889 1265 960 wladislao
1295 889 1453 978 Regi
1499 891 1737 979 sponte
1780 890 1851 960 in
1895 889 2209 961 auxilium
2253 888 2602 961 venientes
2647 892 2932 961 castrum
2976 889 3340 961 Bonnam

1655 1012 2058 1099 expugnant.
2443 1008 2448 1011 ’

513 1247 883 1321 Notabiles
923 1250 993 1320 et
1032 1248 1431 1340 frequentes
1470 1267 1557 1319 ex
1596 1247 1805 1319 terris
1844 1247 2286 1320 Cracoviensi
2317 1247 2372 1337 ¹)
2411 1252 2482 1319 et
2518 1246 2820 1321 Russiae
2859 1247 3158 1335 militeS,
3208 1249 3405 1320 nullo

308 1369 620 1442 subsidio
674 1368 955 1460 publico
1009 1368 1274 1457 habito,
1331 1367 1417 1439 ad
1456 1367 1929 1440 Wladislaum
1967 1369 2229 1459 Regem
2286 1368 2358 1440 in
2399 1368 2838 1461 Hungariam
2892 1368 3172 1459 proprio
3213 1390 3400 1441 sum-

303 1496 432 1582 ptu
490 1491 679 1563 fuere
733 1490 1059 1580 profecti,
1129 1491 1506 1579 tantusque
1561 1509 1797 1560 eorum
1862 1493 2011 1561 erat
2066 1510 2432 1577 numeruS,
2499 1494 2578 1559 ut
2633 1488 3015 1560 maximum
3082 1492 3151 1560 et
3207 1493 3402 1560 nota-

305 1608 518 1682 bilem
574 1609 958 1682 exercitum
1024 1610 1415 1681 conficeret.
1497 1610 1753 1681 Petrus
1820 1608 2284 1683 Odrowansch
2313 1607 2376 1699 2)
2439 1608 2799 1701 palatinus
2865 1613 2936 1680 et
2997 1608 3405 1699 capitaneus

306 1727 789 1821 Leopoliensis
856 1750 1013 1801 cum
1066 1728 1366 1801 notabili
1422 1728 1757 1801 comitatu
1824 1728 2037 1801 simul
2090 1750 2249 1801 cum
2305 1730 2455 1801 illis
2509 1730 2862 1820 profectus
2919 1734 3059 1817 est,
3117 1734 3402 1819 propter

306 1849 778 1942 suspicionem
832 1850 1176 1938 hostium,
1246 1854 1315 1922 et
1377 1853 1457 1920 ut
1516 1849 1879 1941 quodlibet
1941 1849 2314 1922 imminens
2381 1850 2770 1941 periculum
2828 1848 3107 1922 facilius
3163 1852 3404 1920 mutuo

306 1970 655 2043 auxilium
713 1974 1145 2061 superarent.
1205 1970 1869 2043 Intercludebantur
1923 1974 2157 2043 autem
2196 1970 2297 2043 eis
2351 1970 2424 2042 in
2463 1969 2638 2042 locis
2685 1969 2900 2041 arctis
2957 1973 3027 2041 ct
3063 1971 3403 2040 montium

304 2090 826 2163 cohaerentium
901 2090 1367 2183 contiguitate
1432 2090 1815 2179 conclusiS,
1893 2111 2015 2183 per
2078 2092 2316 2163 hostes
2389 2091 2734 2163 Bohemos
2810 2088 2997 2179 viae,
3076 2089 3197 2180 qui
3269 2108 3406 2159 non

304 2212 520 2284 aliter
572 2210 715 2283 nisi
768 2212 919 2283 loco
975 2210 1215 2302 iniquo
1274 2210 1375 2283 eis
1430 2232 1673 2284 nocere
1713 2232 1787 2284 se
1841 2232 2045 2304 posse
2101 2210 2638 2299 existimabant3
2695 2207 3138 2303 providentia
3175 2215 3406 2281 tamen

300 2334 487 2405 bona
543 2337 612 2405 et
668 2331 1117 2404 animositate
1172 2353 1409 2405 omnes
1462 2330 1773 2404 hostium
1832 2352 2087 2406 cuneos
2143 2336 2214 2404 et
2258 2331 2443 2404 acies
2499 2337 2570 2404 et
2621 2330 3156 2422 prosternebant
3210 2333 3404 2401 etex

302 2454 482 2524 locis
539 2451 844 2524 obsessis
900 2451 1289 2544 pellebant,
1358 2450 1705 2542 intrepide
1768 2452 2129 2524 tolerando
2194 2457 2264 2524 et
2319 2450 2708 2542 superando
2775 2450 3006 2524 omnia
3059 2448 3394 2541 pericula.

172 2657 187 2671 .
302 2574 488 2645 Dum
546 2562 780 2645 autem
834 2564 1129 2644 barones
1185 2571 1325 2663 ipsi
1381 2562 1537 2643 cum
1577 2575 1681 2644 tot
1736 2572 1981 2644 electis
2020 2571 2367 2644 militibus
2424 2575 2494 2643 et
2525 2568 2588 2661 ³)
2646 2570 3010 2663 splendido
3057 2590 3404 2641 armorum

303 2696 653 2783 apparatu
708 2691 978 2764 Budam
1035 2691 1430 2780 venissent,
1488 2712 1613 2783 per
1649 2691 2260 2783 Wladislaumque
2315 2693 2576 2784 Regem
2631 2690 2930 2783 benigne
2985 2689 3258 2782 excepti
3297 2710 3403 2761 es-

303 2818 497 2899 sent,
556 2805 845 2903 magnae
904 2812 1184 2884 fuerunt
1238 2812 1599 2903 Hungaris
1654 2802 2132 2900 admirationi,
2191 2812 2650 2903 pensantibus
2706 2810 2990 2883 illorum
3046 2830 3210 2902 erga
3244 2830 3401 2901 pro·

301 2933 539 3024 prium
594 2932 855 3025 Regem
896 2932 1133 3020 fidem,
1193 2931 1627 3005 affectionem
1685 2936 1754 3005 et
1791 2930 2293 3019 constantiam,
2353 2932 2673 3023 quodque
2731 2936 2836 3004 tot
2872 2930 3148 3004 vicibus
3206 2950 3400 3005 exer-

300 3052 599 3126 citualia
656 3051 971 3125 subsidia
1004 3052 1066 3140 ⁴)
1130 3051 1515 3125 Wladislao
1571 3051 1751 3143 Regi
1805 3052 2165 3125 tulissent.
2225 3052 2550 3124 Mandato
2606 3056 2840 3125 autem
2876 3050 3068 3144 regio
3124 3049 3406 3123 iverunt

300 3194 546 3245 omnes
603 3173 688 3244 ad
744 3172 1285 3264 expugnandum
1351 3177 1657 3245 castrum
1722 3172 2135 3245 Rosznawa:
2213 3172 2710 3265 premebantur
2765 3172 2947 3245 enim
3005 3194 3092 3245 ex
3149 3193 3228 3244 eo
3283 3192 3407 3263 per

301 3294 655 3364 Bohemos
712 3295 950 3383 plures
1006 3292 1327 3384 Hungari
1382 3296 1451 3364 et
1504 3292 1685 3363 bona
1740 3312 1975 3364 eorum
2032 3292 2572 3383 occupabantur,
2631 3294 2813 3384 quod
2870 3292 2943 3365 in
2979 3292 3223 3383 paucis
3261 3292 3403 3363 die-

295 3414 443 3485 bus
499 3412 954 3504 conquirunt,
1012 3416 1084 3483 et
1137 3432 1373 3485 omnes
1430 3412 1774 3484 Bohemos
1830 3410 1983 3484 illic
2038 3412 2570 3503 comprehensos
2602 3412 2663 3502 5)
2720 3413 3140 3484 obtruncant
3195 3416 3263 3483 et
3294 3432 3402 3482 oc-

295 3534 575 3604 cidunt.

1203 3890 1629 4003 ANNUS
1701 3890 2161 4003 DOMINI
2232 3890 2509 4003 1442.

869 4134 1262 4206 vladislaus
1307 4134 1447 4205 Rex
1491 4136 1775 4205 castrum
1818 4134 2169 4224 l’rzesburg
2213 4133 2546 4206 obsidione
2590 4134 2846 4205 liberat.

518 4373 883 4447 Elisabeth
938 4374 1343 4466 Hungariae
1406 4372 1677 4465 Regina
1749 4394 1906 4445 cum
1972 4373 2159 4445 omni
2224 4373 2466 4445 ardore
2531 4375 2600 4445 et
2662 4371 3034 4465 diligentia
3097 4375 3402 4445 castrum

289 4495 739 4585 Przesb'urg,
817 4514 938 4585 spe
1002 4498 1071 4565 et
1134 4493 1552 4566 necessitate
1619 4514 1768 4589 eam
1831 4492 2270 4585 impellente,
2338 4493 2749 4584 impugnare
2803 4494 3081 4579 adorsa,
3149 4492 3402 4565 iterum

281 4612 639 4707 plurimis
694 4613 1094 4701 conatibus,
1152 4613 1682 4685 bombardarum
1720 4612 2303 4704 proiectionibus,
2361 4612 2661 4703 aliisque
2700 4612 3002 4705 ingeniis
3057 4611 3239 4684 illud
3288 4613 3403 4685 vel

282 4733 751 4824 conquirere,
811 4732 925 4804 vel
980 4732 1065 4805 ad
1103 4732 1526 4805 deditionem
1564 4733 1977 4824 compellere
2024 4732 2306 4825 satagit.
2365 4733 2578 4805 Cuius
2618 4732 2928 4825 periculo
2965 4731 3403 4805 Wladislaus

282 4858 469 4929 Rex
526 4852 663 4925 sibi
720 4852 1113 4945 significato
1144 4852 1231 4941 θ),
1299 4854 1518 4925 movit
1581 4852 1966 4927 exercitum
2031 4854 2113 4927 de
2168 4840 2526 4945 Hungaris
2583 4858 2653 4925 et
2706 4852 2994 4925 Polonis
3050 4852 3124 4925 in
3175 4852 3406 4925 hieme

280 4996 589 5067 aspera,
646 4972 857 5045 nimis
912 4963 1245 5064 pruinosa
1300 4980 1369 5045 et
1398 4973 1678 5063 nivosa,
1737 4973 2071 5065 temporis
2124 4971 2690 5046 incommoditate
2745 4972 3032 5045 minime
3085 4976 3403 5065 pensata,

278 5100 473 5190 post
528 5095 783 5167 festum
838 5091 1171 5165 videlicet
1235 5092 1759 5166 Purificationis
1826 5092 2122 5166 Sanctae
2179 5091 2471 5180 Mariae,
2538 5112 2674 5183 quo
2731 5092 2942 5165 etiam
3009 5091 3083 5163 in
3136 5090 3407 5163 horreis

530 5364 581 5451 ¹)
628 5368 1119 5428 Cracoviensibus
1163 5363 1293 5429 Ed.
1342 5361 1521 5449 Εὗρε.
1588 5362 1640 5450 ²)
1689 5366 2009 5444 Odrowasz
2044 5360 2196 5429 God.
2243 5362 2420 5427 Koet.
2469 5362 2522 5444 ³)
2568 5383 2700 5425 cum
2743 5360 2869 5428 Ed.
2915 5360 3096 5447 Lips.
3143 5361 3199 5445 ⁴)
3239 5382 3404 5441 prae-

278 5473 463 5537 sidia
512 5467 637 5533 Ed.
685 5467 865 5552 Lipe.
915 5468 967 5550 ⁵)
1012 5470 1153 5531 illuc
1198 5469 1759 5546 comprehendentes
1803 5466 1930 5531 Ed.
1963 5466 2143 5555 Lipa
2192 5465 2248 5550 ⁶)
2278 5468 2546 5529 nuntiato
2595 5462 2746 5533 Cod.
2793 5464 2970 5532 Kost.
