4342 6384
419 587 554 693 (Α.
595 589 686 668 D.
726 587 958 691 1410.)
1587 612 1814 667 menn
1865 609 2324 667 tmnnomus.
3418 595 3509 669 97

419 800 558 873 loci
623 798 1145 893 opportunitate
1209 800 1592 872 maximum
1656 800 1744 872 ad
1807 800 2172 873 victoriam
2238 789 2717 874 adiu'mentum
2788 801 3177 874 habituros,
3256 803 3515 874 Verum

417 925 661 1013 gentes
731 921 998 1013 regiae,
1075 941 1162 992 ne
1235 920 1448 992 simul
1503 925 1572 993 et
1626 941 1783 993 cum
1855 921 2056 992 hoste
2130 925 2201 993 et
2255 941 2411 993 cum
2484 923 2633 994 loco
2700 943 3011 1014 pugnare
3077 927 3510 1014 cogerentur,

417 1039 699 1113 rectiori
763 1039 1014 1114 itinere
1076 1061 1324 1113 versus
1389 1041 1626 1112 hostes
1693 1040 1982 1126 omisso,
2050 1041 2124 1113 in
2180 1046 2450 1132 partem
2506 1042 2763 1114 montis
2818 1041 3265 1116 decliviorem
3324 1062 3510 1115 sece-

417 1159 617 1232 dunt.
681 1161 902 1231 Erant
964 1160 1036 1231 in
1101 1163 1398 1251 utroque
1461 1160 1776 1233 exercitu
1841 1159 2110 1251 copiae,
2178 1165 2259 1231 ut
2322 1182 2545 1252 neque
2607 1182 2926 1248 numero,
2984 1182 3208 1253 neque
3261 1182 3512 1254 genere

417 1279 808 1367 hominum,
876 1301 1098 1371 neque
1161 1301 1297 1352 usu
1361 1280 1462 1352 rei
1527 1279 1860 1352 militaris
1924 1281 2467 1354 contemnendae
2532 1280 2967 1370 viderentur,
3044 1281 3509 1372 maximisque

417 1398 672 1471 animis
727 1399 1238 1472 descendebant
1289 1398 1363 1471 in
1419 1420 1749 1492 pugnam.
1806 1400 2229 1491 Priusquam
2286 1405 2516 1473 tamen
2563 1401 2885 1473 venirent
2922 1401 2996 1473 in
3035 1421 3506 1492 congressum,

417 1518 782 1590 Cunradus
820 1518 1172 1610 Nyempcz
1211 1519 1266 1608 ¹)
1314 1518 1748 1612 Sigismundi
1785 1520 2191 1612 Hungariae
2227 1521 2445 1612 Regis
2484 1519 2719 1608 mileS,
2762 1520 3057 1609 Slesita,
3103 1524 3265 1592 ante
3301 1520 3508 1607 acies,

415 1638 764 1728 privatum
802 1643 1048 1730 petens
1083 1643 1465 1728 certamen,
1521 1661 1961 1732 progressus,
2003 1660 2044 1710 a
2079 1641 2391 1712 Iohanne
2432 1640 2835 1731 Szczitczky
2866 1638 2928 1729 ²)
2976 1638 3202 1712 milite
3239 1639 3504 1712 Polono

416 1757 500 1830 de
554 1758 755 1830 domo
811 1759 1110 1848 Doliwa,
1169 1779 1422 1831 munus
1477 1760 1628 1832 ilud
1685 1763 2096 1851 occupante,
2155 1763 2559 1851 superatne,
2614 1763 3010 1851 prostratus
3066 1764 3135 1832 et
3190 1780 3276 1832 ex
3329 1780 3505 1850 equo

415 1876 760 1966 deiectUS,
803 1899 938 1969 quo
975 1878 1346 1970 utriusque
1383 1869 1735 1951 exercitus
1774 1881 2056 1952 fortuna
2092 1899 2389 1951 evasura
2420 1878 2481 1967 3)
2536 1880 2744 1967 foret,
2794 1879 3238 1951 monstravit.
3298 1879 3507 1950 Acies

413 1999 748 2087 posthaec
801 1998 1105 2071 maximo
1161 1999 1248 2072 ab
1303 2002 1600 2090 utraque
1651 2003 1850 2090 parte
1905 2000 2207 2071 clamore
2244 1999 2524 2072 sublato
2560 1998 3138 2091 congrediuntur,
3194 2019 3503 2089 unaqua-

415 2138 551 2208 que
619 2121 820 2209 parte
893 2122 1174 2191 strenue
1256 2118 1648 2209 excipiente
1731 2119 2070 2210 impetum
2135 2124 2205 2191 et
2268 2117 2651 2190 fortissime
2702 2117 3105 2191 dimicante.
3195 2117 3505 2208 Utroque

413 2237 730 2310 exercitu
759 2237 842 2326 ⁴)-
878 2237 1030 2329 pari
1085 2237 1562 2322 animositate,
1629 2237 1849 2309 atroci
1903 2237 2195 2328 parique
2250 2238 2503 2324 Marte,
2570 2236 2763 2309 horis
2819 2236 3092 2326 aliquot
3144 2235 3501 2328 pugnaba-

411 2361 559 2444 tur,
629 2361 702 2429 et
763 2357 1196 2448 aliquamdiu
1258 2356 1603 2448 praelium
1667 2357 1958 2429 dubium
2022 2356 2191 2444 fuit,
2260 2362 2748 2447 certamenque
2810 2356 2884 2428 iu
2946 2361 3145 2447 parte
3208 2362 3507 2446 utraque

410 2496 632 2568 genus
686 2476 1047 2549 hominum
1101 2477 1347 2565 armis,
1413 2476 1764 2569 probitate
1817 2480 1887 2551 et
1942 2475 2449 2549 exercitatione
2511 2497 2668 2566 par,
2736 2480 3187 2567 aequaverat:
3246 2475 3319 2546 in
3375 2494 3503 2546 suo

414 2595 598 2668 enim
672 2596 968 2688 quisque
1038 2597 1258 2690 gradu
1283 2652 1300 2684 ,
1375 2597 1684 2689 urgendo
1757 2596 2237 2669 adversarium
2262 2651 2279 2683 ,
2368 2596 2518 2669 sine
2589 2594 3051 2685 respiratione
3118 2593 3500 2686 pugnabat.

413 2716 615 2788 Bello
679 2717 918 2808 itaque
981 2716 1362 2808 asperrimo
1427 2718 1736 2790 fervente
1800 2717 1984 2790 inter
2047 2723 2413 2807 utrosque,
2480 2720 2551 2788 et
2602 2719 2853 2787 neutra
2914 2719 3112 2806 parte
3167 2713 3508 2786 inclinata

411 2839 536 2907 aut
586 2837 930 2910 referente
983 2837 1260 2928 pedem,
1329 2841 1472 2908 tam
1537 2837 1933 2910 vehementi
1985 2837 2225 2909 labore
2280 2841 2351 2909 et
2403 2856 2639 2928 pugna
2694 2839 2991 2926 utraque
3044 2835 3311 2906 lassata
3367 2837 3499 2918 est,

409 2959 492 3025 ut
551 2977 829 3048 pugnae
903 2957 1105 3048 quasi
1177 2977 1265 3028 ex
1338 2957 1720 3047 composito
1793 2958 1990 3030 fieret
2059 2956 2504 3046 interruptio,
2581 2955 3034 3027 Acclamatur
3104 2953 3345 3044 itaque
3418 2951 3504 3024 ab

408 3079 710 3167 utroque
765 3075 1113 3162 exercitu,
1169 3079 1253 3146 ut
1297 3075 1654 3167 pugnandi
1717 3095 2089 3167 parumper
2153 3075 2614 3148 observentur
2666 3073 3011 3146 induciae.
3070 3073 3257 3164 Quas
3310 3077 3501 3144 utro-

409 3215 544 3285 que
618 3195 932 3268 exercitu
1003 3199 1441 3286 acceptante,
1519 3194 2050 3287 disgrediuntur
2121 3195 2341 3282 acies,
2416 3196 2487 3268 et
2558 3194 2895 3266 abstersis
2970 3192 3339 3264 sudoribus
3394 3212 3501 3264 re-

409 3314 714 3404 spirant,
779 3320 1082 3407 pausant
1146 3319 1216 3387 et
1268 3319 1468 3407 gesta
1529 3315 1870 3386 nonnulla
1924 3320 1992 3386 et
2047 3319 2249 3387 actus
2313 3314 2693 3401 militares,
2762 3314 2957 3386 velut
3022 3310 3503 3384 familiaritate

408 3437 478 3504 et
534 3435 1060 3507 conversatione
1127 3435 1309 3522 noti,
1385 3438 1878 3508 memorantur.
1953 3435 2175 3506 Facta
2236 3433 2696 3524 respiratione
2760 3438 2831 3505 et
2892 3453 3115 3523 pausa
3178 3431 3498 3522 aliquali,

408 3552 712 3626 sublatis
788 3554 1091 3626 induciis
1116 3611 1132 3642 ,
1209 3553 1392 3627 acies
1468 3553 1725 3625 iterum
1801 3532 2347 3644 congrediuntur
2370 3609 2386 3640 ,
2463 3552 2700 3625 eadem
2774 3571 3047 3643 quoque
3083 3551 3144 3640 5)
3220 3571 3359 3640 qua
3432 3555 3503 3622 et

405 3672 604 3765 prius
669 3672 742 3745 in
805 3673 1126 3765 utrisque
1189 3673 1634 3746 animositate
1697 3679 2052 3760 manente,
2119 3674 2359 3763 plures
2432 3691 2707 3764 quoque
2778 3672 3105 3744 mortales
3172 3670 3337 3742 hinc
3392 3670 3497 3741 in-

405 3793 492 3864 de
565 3797 690 3864 aut
761 3793 1138 3880 cadebant,
1213 3798 1336 3865 aut
1407 3793 1861 3884 capiebantur
1899 3792 1988 3882 θ).
2063 3792 2517 3866 Lassitudine
2557 3793 2617 3880 7)
2690 3795 3025 3882 utrosque
3098 3790 3497 3874 invadente,

405 3918 477 3984 et
546 3913 854 3984 nondum
926 3913 1204 3984 fortuna
1275 3916 1738 4000 monstrante,
1813 3933 1954 4004 qua
2025 3912 2275 3995 datura
2346 3913 2525 3984 foret
2593 3911 2813 3998 vires,
2888 3910 3043 3983 vice
3114 3911 3339 3981 altera
3412 3908 3500 3980 ad

403 4032 896 4104 resumendum
961 4031 1312 4120 induciae,
1379 4032 1465 4105 ab
1519 4037 1818 4124 utroque
1874 4033 2189 4106 exercitu
2254 4038 2361 4105 est
2426 4032 2907 4104 acclamatum.
2984 4029 3251 4120 Quibus
3306 4049 3497 4101 acce-

401 4151 550 4242 ptis
615 4156 686 4224 et
749 4149 1176 4224 exercitibus
1251 4150 1657 4242 disgressis,
1732 4173 1914 4223 nova
1984 4152 2225 4242 requie
2287 4151 2665 4224 bellatores
2730 4148 3200 4222 strenuissimi
3264 4147 3496 4239 potiti,

405 4291 570 4341 suos
625 4276 696 4342 et
753 4291 1088 4362 equorum
1145 4270 1430 4344 sudores
1487 4271 1929 4362 abstergunt,
1986 4272 2281 4344 vulnera
2318 4270 2579 4362 ligant,
2636 4275 2971 4360 pausant,
3030 4268 3495 4341 sermocinan-

403 4395 553 4476 tur,
621 4394 1050 4462 commutant
1111 4390 1460 4480 captivoS,
1527 4411 1741 4481 equos
1806 4391 2232 4483 interceptos
2299 4389 2436 4462 sibi
2489 4389 2653 4461 hinc
2706 4387 2867 4460 inde
2921 4387 3238 4460 vicissim
3290 4387 3496 4458 resti-

402 4514 647 4581 tuunt:
705 4530 828 4600 pro
884 4509 1142 4600 quibus
1195 4509 1770 4602 recognoscendis
1824 4510 2082 4583 licebat
2119 4510 2311 4583 adire
2348 4509 2679 4581 hostilem
2718 4506 3127 4580 exercitum.
3186 4505 3369 4577 Vina
3406 4505 3493 4576 ad

403 4627 598 4701 sitim
651 4629 1174 4720 propellendam
1228 4628 1530 4702 invicem
1594 4629 1920 4718 mittunt,
1988 4650 2075 4702 ex
2131 4629 2332 4721 equis
2386 4628 2571 4701 inter
2622 4626 3107 4718 praeliandum
3162 4624 3491 4712 deiectoS,

401 4747 953 4839 vulneribusque
1007 4747 1110 4820 ita
1162 4749 1494 4836 afflictos,
1549 4755 1632 4820 ut
1683 4769 2100 4840 consurgere
2154 4769 2295 4820 non
2348 4749 2696 4836 valerent,
2758 4737 2847 4818 ex
2884 4747 3277 4844 palaestrae
3313 4744 3491 4829 loce,

399 4875 488 4939 ne
527 4869 1129 4955 conculcarentur,
1189 4869 1623 4956 subvehunt,
1679 4872 1762 4939 ut
1799 4867 2045 4940 merito
2083 4888 2223 4939 non
2261 4867 2588 4954 hostileS,
2649 4867 2771 4938 sed
2807 4865 3273 4937 amicissimae
3308 4863 3494 4934 acies

401 5007 445 5059 a
503 5008 734 5061 rerum
799 4988 1044 5080 ignaro
1109 4988 1298 5061 credi
1359 4992 1670 5080 possent.
1747 4989 1926 5060 Dato
1991 4988 2323 5079 posthaec
2385 4985 2651 5079 requiei
2716 4991 2787 5058 et
2848 5005 3107 5076 pausae
3176 4981 3491 5074 repudio,

617 5278 666 5358 ¹)
707 5281 938 5340 Niemts
993 5273 1145 5341 Cod.
1192 5275 1366 5339 Kost.
1426 5276 1478 5356 ςΒ)
1530 5276 1804 5352 Sczytski
1853 5271 2006 5337 cod.
2053 5271 2229 5337 Kost.
2287 5273 2341 5353 ³)
2388 5263 2647 5335 arrisura
2664 5231 2673 5240 ·
2690 5265 2815 5336 Ed.
2865 5270 3044 5355 Lips.
3105 5271 3161 5350 ⁴)
3204 5273 3493 5347 Utrinque

401 5379 554 5444 Cod.
617 5378 810 5443 Rozr.
875 5379 926 5459 ⁵)
987 5401 1058 5442 ac
1117 5381 1322 5441 eadem
1397 5377 1547 5440 cod.
1612 5376 1802 5440 Rozr.
1865 5375 1918 5453 ⁶)
1982 5385 2084 5438 aut
2144 5377 2453 5455 caderent,
2515 5381 2617 5436 aut
2660 5367 3028 5452 caperentur.
3094 5370 3245 5436 Cod.
3315 5369 3491 5434 Calv.

400 5483 454 5564 ⁷)
501 5483 736 5546 Deinde
779 5484 1130 5544 lassitudine
1187 5479 1337 5545 ood.
1385 5479 1576 5544 Rozr.

447 5635 492 5680 a.
524 5635 714 5689 magos.
743 5634 916 5675 mator.
943 5634 1102 5674 Ροιοιι.
1129 5632 1181 5673 Τ.
1208 5632 1290 5689 lv.
3079 5610 3147 5664 13
