4342 6384
252 548 407 649 (Α.
452 550 545 627 D.
584 547 841 648 1432.)
1452 574 1681 629 mann
1730 572 2192 628 0110110111118.
3221 556 3368 627 471

260 870 614 945 wladislai
656 871 853 961 ungis
896 872 1365 962 primogenitu
1420 873 1560 945 Rex
1606 872 1903 945 roloniae
1949 876 2101 962 pont
2144 876 2416 946 mortem
2475 872 2684 964 patria
2743 872 3130 963 designatur
3142 890 3159 960 ;
3217 874 3378 944 iton

858 993 940 1064 de
984 992 1376 1083 repellendis
1416 992 1621 1081 ungui
1664 992 1965 1065 roloniae
2010 994 2314 1065 hostibus
2357 994 2791 1065 consultatur.

354 1258 365 1271 “
487 1238 597 1311 Ex
659 1238 921 1310 Lublin
968 1237 1409 1312 Wladislaus
1444 1239 1601 1313 Rex
1639 1238 2038 1327 discedens,
2075 1259 2202 1331 per
2230 1239 2442 1311 solita
2467 1240 2622 1312 loca
2647 1260 2774 1331 pro
2803 1238 3280 1331 Carnisprivio
3319 1240 3374 1328 ¹)

264 1356 413 1429 ivit
468 1357 543 1431 in
598 1357 917 1431 Iedlnam
946 1356 1035 1447 ²),
1092 1362 1163 1432 et
1216 1358 1369 1431 illic
1422 1379 1577 1431 011111
1626 1358 1889 1450 Sophia
1924 1359 2198 1452 Regina
2234 1379 2471 1431 omnes
2511 1358 2660 1433 dies
2700 1358 3161 1451 carnisprivii
3199 1359 3368 1451 egit.

266 1477 775 1551 Confluxerunt
828 1482 898 1552 et
950 1483 1120 1551 tunc
1172 1478 1260 1550 ad
1316 1498 1513 1551 suam
1568 1478 2035 1552 serenitatem
2088 1480 2253 1551 Dux
2309 1479 2663 1552 Masoviae
2701 1479 3102 1552 Semovitus
3141 1482 3214 1551 et
3249 1478 3376 1553 alii

264 1599 519 1689 plures
571 1618 891 1691 proceres
944 1602 1014 1671 et
1067 1598 1384 1672 barones.
1440 1600 1551 1671 Ex
1605 1599 1853 1671 Iedlna
1888 1599 1962 1671 111
2000 1598 2545 1693 Quadragesima
2579 1599 2977 1687 (1180οᾶ0118,
3033 1620 3160 1692 per
3195 1598 3372 1671 Iszl-

270 1739 433 1790 zam
464 1716 527 1808 ³)
582 1718 777 1792 veuit
831 1717 917 1791 ad
974 1718 1471 1791 monasterium
1528 1718 1824 1791 Sanctae
1860 1718 2131 1807 crucia,
2191 1718 2362 1791 feria
2399 1717 2648 1809 quinta
2683 1722 2845 1809 post
2879 1718 3248 1791 Invocavit
3277 1718 3370 1807 ⁴).

268 1837 555 1910 Exinde
608 1858 732 1929 pro
788 1836 1153 1909 Dominica
1208 1838 1714 1928 Reminiscere,
1786 1858 1913 1930 per
1982 1838 2320 1931 Opathow
2391 1839 2586 1912 venit
2660 1836 3194 1911 Saudomiriam.
3267 1837 3379 1909 Ex

272 1956 725 2031 Sandomiria
776 1978 903 2049 per
954 1958 1107 2031 loca
1153 1957 1367 2030 solita
1415 1958 1493 2029 in
1546 1957 1821 2030 Novam
1876 1956 2248 2031 Civitatem
2303 1957 2612 2031 Korczin
2656 1956 3028 2048 processit:
3085 1956 3211 2030 ubi
3245 1957 3377 2031 ite-

268 2098 438 2149 rum
492 2098 650 2149 cum
705 2077 1130 2151 consiliariis
1196 2076 1345 2150 suis
1400 2076 1673 2169 aliquot
1726 2076 1972 2151 diebus
2026 2076 2461 2170 expeditioni
2503 2097 2736 2152 rerum
2773 2076 3214 2170 publicarum
3251 2098 3372 2149 va-

273 2196 495 2269 eavit.
554 2196 826 2270 Exinde
879 2218 1006 2289 per
1060 2196 1584 2270 Scarbimiriam
1621 2196 1983 2286 declinans
2021 2196 2455 2286 cracoviam,
2495 2197 2570 2269 in
2612 2197 2963 2289 1110011011Γ
2999 2196 3218 2269 venit.
3275 2198 3380 2269 De

272 2316 635 2408 Myechow
687 2338 813 2407 per
864 2316 1113 2389 solitas
1168 2316 1509 2391 stationes
1547 2316 1835 2391 veniens
1872 2316 1947 2390 in
1983 2317 2316 2405 Kalisch,
2373 2316 2647 2390 Pascha
2682 2316 2966 2390 Domini
3002 2316 3156 2390 11110
3191 2316 3372 2390 0010-

272 2436 540 2509 bravit.
597 2436 709 2509 Ex
746 2435 1045 2509 Kalisch
1079 2436 1154 2509 in
1192 2436 1537 2509 Siradiam
1572 2436 1915 2529 prooessit
1952 2442 2021 2510 et
2054 2437 2452 2530 generalem
2497 2436 3030 2509 conventionem
3067 2435 3378 2509 omnium

274 2560 628 2628 terrarum
681 2555 835 2629 illic
889 2555 1118 2629 tenuit
1169 2576 1295 2649 pro
1348 2555 1463 2629 die
1517 2556 1759 2629 Sancti
1812 2556 2182 2630 Adalberti
2199 2612 2216 2645 ,
2274 2558 2361 2628 ad
2415 2578 2624 2649 quam
2679 2562 2750 2629 et
2805 2556 3068 2649 Sophia
3105 2556 3380 2650 Regina

278 2697 445 2748 cum
508 2676 779 2749 duobus
843 2675 1047 2765 filiis,
1115 2675 1508 2749 Wladislao
1564 2680 1637 2749 et
1688 2675 2079 2765 Kazimiro,
2148 2680 2219 2749 et
2281 2696 2519 2749 omnes
2583 2676 2895 2749 Praelati
2959 2681 3031 2750 et
3083 2677 3378 2750 barones

278 2794 515 2888 Regni
566 2794 1017 2869 conveniunt.
1072 2794 1187 2868 Ibi
1239 2795 1677 2868 Wladislaus
1730 2797 1888 2869 Rex
1944 2816 2182 2869 omnes
2237 2796 2620 2881 allocutuS,
2667 2801 2898 2889 rogat:
2957 2800 3038 2869 ut
3073 2817 3232 2871 011111
3269 2797 3374 2870 vi-

280 2914 499 2987 deant
534 2935 693 2988 eum
729 2919 1113 2988 extremam
1149 2918 1449 2989 aetatem
1486 2937 1723 3008 agere,
1764 2917 1949 2989 etad
1976 2916 2226 2989 mortis
2263 2916 2480 2989 limen
2515 2916 3016 3009 propinquare,
3053 2922 3296 2990 utrum
3317 2916 3380 3006 5)

281 3054 377 3107 ex
430 3034 701 3107 duobus
755 3034 926 3107 filiis
980 3034 1129 3108 suis
1184 3034 1257 3107 in
1310 3036 1576 3129 Regem
1630 3056 1984 3109 assumere
2003 3092 2019 3125 ,
2078 3040 2299 3109 morte
2352 3057 2480 3109 sua
2533 3040 2806 3126 secuta,
2859 3036 3378 3129 repromittant,

283 3153 415 3245 qui
465 3154 643 3247 ipsis
695 3175 821 3247 pro
876 3154 1103 3247 Regni
1156 3154 1495 3247 regimine
1550 3156 1782 3247 aptior
1833 3156 2214 3230 videretur.
2273 3156 2498 3249 Super
2551 3176 2688 3248 quo
2725 3155 3040 3229 Praelati
3075 3156 3380 3230 010010-

282 3294 414 3347 nes
448 3274 951 3349 deliberatione
985 3274 1258 3363 habita,
1298 3275 1761 3363 concorditer,
1800 3277 1999 3348 nullo
2036 3276 2510 3368 discrepante,
2549 3276 2776 3349 filium
2813 3276 3156 3350 seniorem
3183 3275 3380 3349 Wla-

286 3393 595 3466 dislaum
646 3393 722 3465 in
774 3394 1041 3487 Regem
1092 3393 1403 3485 recipere
1458 3396 1867 3468 obtulerunt
1920 3398 1993 3467 et
2046 3394 2538 3488 obligaverunt
2593 3416 2698 3484 80,
2754 3396 3146 3487 praefatum
3182 3395 3382 3468 Wla·

286 3512 595 3586 dislaum
622 3514 685 3602 θ)
739 3513 1315 3607 primogenitum,
1372 3518 1571 3607 patre
1622 3515 1833 3588 rebus
1885 3514 2213 3587 humanis
2275 3515 2679 3607 absumpto,
2746 3514 2820 3587 in
2882 3513 3258 3587 Dominum
3313 3519 3386 3587 et

287 3634 553 3727 Regem
606 3654 960 3707 assumere
1014 3638 1084 3708 et
1138 3655 1487 3708 coronare.
1545 3634 1770 3727 Super
1822 3654 1958 3727 quo
2012 3633 2454 3707 wladislaus
2509 3636 2666 3708 Rex
2719 3654 2878 3708 011111
2933 3634 3198 3726 Sophia
3241 3634 3381 3707 Re·

286 3753 457 3847 gina
510 3774 794 3846 magnas
847 3753 1114 3845 gratias
1151 3758 1447 3848 egerunt
1481 3754 1829 3829 Praelatis
1868 3760 1939 3828 ot
1972 3754 2374 3829 baronibus,
2431 3756 2526 3827 Et
2563 3754 2728 3847 quia
2761 3758 2908 3828 tam
2943 3754 3382 3829 Wladislaus

290 3875 479 3962 Rex,
538 3868 747 3966 quam
801 3894 1039 3948 omnes
1094 3874 1206 3948 sui
1254 3875 1641 3949 consiliarii
1689 3874 2174 3965 attendebant,
2233 3896 2441 3967 quam
2478 3874 2704 3947 multa
2739 3874 3148 3947 discrimina
3183 3897 3226 3948 a
3260 3896 3380 3947 va-

288 3992 421 4065 riis
472 3992 796 4067 hostibus
850 3995 1091 4087 Regno
1144 3994 1638 4083 imminebant,
1694 4016 1971 4087 unoque
2014 4000 2325 4088 tempore
2361 3998 2468 4067 tot
2503 3993 2810 4067 motibus
2847 3994 3194 4067 bellorum
3231 3998 3380 4066 tur-

286 4113 473 4200 bati,
529 4118 599 4186 et
650 4113 929 4187 cuinam
980 4114 1285 4205 primum
1336 4115 1529 4187 hosti
1580 4114 2019 4204 resisterent,
2076 4114 2605 4188 deliberabundi
2636 4114 2729 4203 ⁷):
2786 4112 2952 4188 111110
3007 4114 3192 4188 0111111
3240 4114 3380 4186 Ro-

293 4252 653 4305 manorum
706 4234 862 4305 Rex
918 4233 1411 4325 Sigismundus
1465 4255 1623 4307 cum
1677 4235 2083 4327 Hungariae
2146 4236 2388 4327 Regno
2445 4240 2516 4308 et
2571 4234 2838 4308 Slesiae
2907 4233 3381 4325 Principibus,

290 4351 459 4425 111110
510 4352 846 4427 cruciferi
883 4352 967 4424 de
1001 4354 1295 4427 Prussia
1348 4375 1505 4427 cum
1559 4354 1936 4427 Lithuanis
1974 4360 2045 4427 et
2081 4355 2447 4443 Valachis,
2505 4353 2963 4427 imminebant
2992 4352 3080 4444 8),
3136 4358 3218 4425 ut
3253 4376 3383 4425 un-

292 4472 504 4563 dique
558 4476 833 4565 septum
888 4472 1211 4564 Regnum
1264 4477 1371 4545 tot
1423 4473 1781 4561 hostibus,
1840 4474 2138 4565 speciem
2195 4474 2419 4547 futuri
2473 4478 2542 4547 et
2596 4474 2834 4566 magni
2884 4472 3184 4565 periculi
3221 4493 3380 4565 por-

292 4591 631 4665 tenderet.
704 4592 1000 4683 Propter
1069 4594 1254 4685 quod
1307 4592 1381 4663 in
1434 4593 1591 4683 ipsa
1652 4594 2109 4666 conventione
2179 4593 2732 4683 deliberabatur,
2807 4594 3114 4685 qualiter
3173 4591 3384 4665 malis

292 4709 698 4783 huiusmodi
752 4711 1349 4804 impendentibuS,
1406 4713 1727 4805 Regnum
1774 4713 2071 4786 subduci
2109 4719 2181 4786 et
2218 4712 2394 4805 eripi
2429 4718 2693 4804 posset.
2750 4714 2924 4785 Post
2961 4714 3224 4786 multas
3259 4731 3382 4784 au-

292 4836 439 4904 tem
490 4830 1026 4905 deliberationes
1081 4832 1155 4903 in
1208 4834 1339 4905 hae
1390 4852 1465 4905 re
1517 4832 1826 4923 habitas,
1893 4833 2063 4907 lieet
2124 4834 2352 4905 multa
2413 4833 2651 4906 oblata
2715 4833 3018 4906 fuissent
3071 4836 3143 4905 et
3196 4851 3381 4905 00111-

518 5122 567 5200 ι)
616 5142 725 5200 pro
768 5122 1239 5184 Bacchanalibus
1268 5122 1437 5184 sestis
1472 5116 1623 5185 God.
1654 5120 1848 5185 Rozr.
1892 5121 1942 5202 ²)
1974 5122 2265 5184 Gedlnam
2299 5116 2450 5184 Cod.
2487 5115 2662 5185 Calv.
2711 5119 2764 5201 ³)
2801 5122 2984 5181 Hzam
3027 5114 3179 5183 Cod.
3210 5119 3388 5185 Koat.

300 5224 357 5305 ⁴)
403 5230 539 5302 post
580 5226 954 5286 Dominieam
996 5226 1307 5286 Invoeavit
1346 5222 1473 5286 Ed.
1527 5222 1708 5307 Lips.
1774 5223 1829 5304 ⁶)
1872 5243 2051 5285 unum
2121 5222 2274 5292 Cod.
2319 5222 2497 5286 Koat.
2562 5223 2616 5302 ⁶)
2661 5224 2976 5285 wladislai
3018 5222 3146 5286 Ed.
3207 5221 3388 5309 Ia'pa.

298 5328 355 5411 ¹¹)
401 5328 847 5389 deliberabundi
888 5334 1121 5405 tempus
1164 5328 1478 5389 trahebant
1524 5324 1675 5389 cod.
1722 5324 1915 5390 Rozr.
1974 5326 2027 5407 ⁸)
2074 5328 2459 5388 imminebant
2502 5324 2674 5391 deest
2713 5326 2790 5389 in
2835 5321 2988 5389 cod.
3039 5322 3218 5391 Galo.
