4342 6384
396 529 528 635 (Α.
571 532 660 609 D.
703 529 932 633 1414.)
1562 551 1788 608 menn
1839 553 2299 608 monemus.
3335 535 3479 610 167

399 748 753 831 truncata,
821 763 958 813 non
1013 738 1207 812 aliud
1271 737 1667 827 continens,
1748 759 1954 830 quam
2017 743 2098 811 ut
2149 739 2483 812 Poloniae
2536 739 2693 813 Rex
2758 739 3195 815 Wladislaus
3250 743 3491 816 foedus

396 863 589 954 pacis
645 865 1024 953 perpetuae
1097 880 1254 932 cum
1309 859 1644 950 Magistro
1700 862 1771 930 et
1825 858 2081 932 Ordine
2144 859 2221 930 in
2282 859 2487 932 berra
2539 860 2790 950 ictum,
2856 860 2931 932 111
2986 860 3136 935 61116
3192 861 3493 954 singulis

398 980 916 1054 conditionibus
973 980 1326 1053 observet:
1385 982 1454 1050 et
1507 998 1631 1069 pro
1686 977 2014 1069 neglectu
2071 977 2448 1050 solutionis
2515 983 2791 1052 centum
2846 980 3151 1054 millium
3206 1002 3493 1074 sexage-

399 1121 645 1172 narum
716 1100 1018 1172 latorum
1087 1119 1488 1192 grossorum
1511 1155 1527 1186 ,
1605 1097 2068 1189 quadraginta
2139 1112 2644 1190 sexagenarum
2716 1100 3019 1173 latorum
3090 1123 3493 1194 grossorum

399 1219 660 1308 millia,
719 1221 806 1292 ad
861 1239 1039 1311 quae
1093 1219 1354 1291 dudum
1410 1217 1618 1291 verbo
1677 1217 2110 1309 Sigismundi
2161 1222 2327 1309 'pars
2364 1216 2785 1292 Cruciferica
2840 1221 3299 1294 condemnata
3345 1222 3491 1294 fue-

399 1342 541 1428 rat,
601 1341 935 1430 acceptet.

607 1459 972 1532 Sententia
1014 1459 1068 1548 ¹)
1122 1480 1368 1550 parum
1422 1457 1644 1546 iusta,
1711 1477 2096 1548 parumque
2149 1461 2381 1548 grata,
2447 1457 2682 1530 nuntii
2734 1458 2913 1551 regii
2974 1459 3162 1551 apud
3216 1460 3488 1533 Budam

402 1578 717 1667 obtenta,
774 1579 847 1650 in
903 1577 1269 1651 Poloniam
1323 1577 1408 1650 ad
1466 1576 1939 1650 Wladislaum
1993 1576 2257 1668 Regem
2320 1577 2618 1666 reversi,
2689 1578 3280 1670 qualificationem
3336 1601 3490 1653 sen-

401 1697 664 1771 tentiae
717 1696 964 1769 multis
1021 1697 1261 1790 fatigis
1317 1701 1387 1771 et
1441 1697 1842 1789 sumptibus
1897 1697 2259 1789 quaesitae
2314 1697 2695 1770 declarant.
2768 1699 2861 1770 Et
2911 1699 3081 1772 licet
3143 1699 3496 1774 sententia

399 1815 804 1889 huiusmodi
856 1817 1248 1891 Wladislao
1312 1818 1492 1910 Regi
1559 1821 1628 1890 et
1691 1817 1840 1889 suis
1905 1816 2329 1890 consiliariis
2402 1817 2615 1890 fuerit
2676 1817 3055 1910 plurimum
3129 1819 3368 1912 gravis
3424 1825 3496 1893 et

399 1936 724 2008 molesta:
800 1934 1175 2008 induxerat
1246 1941 1477 2011 tamen
1531 1938 1688 2009 Rex
1767 1957 1923 2010 cum
1977 1936 2403 2010 consiliariis
2476 1941 2662 2010 stare
2736 1936 2847 2010 illi
2922 1941 2991 2010 et
3042 1959 3284 2029 pacem
3338 1961 3493 2031 per-

395 2059 684 2147 petuam
738 2077 896 2128 cum
949 2056 1286 2149 Magistro
1351 2061 1421 2130 et
1474 2056 1733 2130 Ordine
1787 2057 2186 2146 observare,
2252 2056 2395 2129 nisi
2448 2056 2788 2129 cruciferi
2851 2078 2977 2149 per
3042 2057 3491 2131 substitutio-

400 2195 558 2247 nem
611 2175 778 2248 novi
841 2175 1165 2268 Magistri
1229 2174 1593 2248 Michaelis
1656 2175 2147 2248 Kochmeister
2218 2197 2399 2246 nova
2462 2195 2585 2267 spe
2639 2176 2893 2268 agitati
2957 2181 3027 2250 et
3078 2177 3155 2249 111
3210 2179 3493 2251 solitam

397 2314 724 2385 pompam
778 2294 1070 2386 relapsi,
1138 2295 1226 2368 ad
1279 2295 1714 2368 inferendum
1776 2295 2255 2367 intolerandas
2309 2294 2490 2387 Regi
2554 2300 2626 2368 et
2676 2296 2920 2388 Regno
2974 2294 3272 2371 iniurias
3335 2319 3495 2392 prof

396 2413 786 2505 rupissent.
841 2403 1259 2488 Mercatores
1316 2415 1664 2506 siquidem
1716 2413 1977 2506 regioS,
2036 2411 2549 2487 Posnanienses
2604 2414 2826 2504 01166,
2882 2414 2958 2487 111
2996 2416 3282 2489 Gdansk
3336 2437 3493 2490 cum

405 2533 841 2606 notabilibus
897 2534 1268 2624 mercibus,
1323 2536 1410 2608 de
1444 2556 1612 2627 pace
1665 2539 2004 2626 perpetua
2040 2535 2366 2622 confisoS,
2423 2533 2905 2622 advenientes,
2963 2535 3126 2607 dum
3161 2535 3491 2624 redirent,

400 2652 704 2745 singulis
736 2652 798 2743 2)
855 2674 1031 2744 quae
1085 2655 1397 2728 ferebant
1451 2655 1790 2746 spoliatos
1843 2653 2362 2742 miserabiliter,
2430 2675 2516 2726 ne
2567 2675 2705 2726 uno
2769 2654 3047 2747 quidem
3110 2661 3490 2744 reservato,

399 2773 850 2862 interimunt,
925 2778 998 2847 et
1062 2796 1196 2866 quo
1262 2776 1454 2848 furor
1517 2796 1754 2848 eorum
1818 2776 1997 2847 foret
2060 2773 2412 2862 testatior,
2486 2786 2690 2847 canes
2754 2779 3074 2848 enecatos
3130 2774 3492 2848 funeribus

397 2893 725 2966 huma-nis
782 2899 1282 2985 superponunt.
1359 2896 1610 2968 Plures
1673 2915 1958 2968 numero
2025 2894 2254 2987 Regni
2317 2894 2651 2966 Poloniae
2724 2892 3068 2968 militares
3152 2895 3253 2968 eis
3328 2916 3489 2969 con·

400 3014 700 3086 finantes
732 3011 818 3103 ³),
877 3033 964 3086 ex
1021 3015 1511 3106 qualicumque
1565 3013 1953 3104 occasione,
2020 3013 2299 3087 iustitia
2362 3036 2498 3086 non
2552 3014 2808 3105 petita,
2874 3013 2950 3086 in
3004 3014 3326 3088 domibus
3380 3035 3489 3088 ca-

400 3137 560 3223 ptos
617 3137 688 3205 et
742 3133 1112 3224 suppliciis
1177 3135 1646 3224 excruciatos,
1712 3135 1787 3207 in
1840 3134 2062 3226 portis
2127 3135 2479 3208 curiarum
2544 3138 2615 3206 et
2674 3133 3191 3207 habitationum
3256 3156 3492 3209 eorum

402 3252 862 3344 suspendunt.
936 3254 1318 3346 Frequenti
1347 3255 1410 3345 ⁴)
1466 3254 1780 3328 exercitu
1851 3275 2008 3328 cum
2072 3255 2294 3347 signis
2358 3252 2671 3328 extensis
2744 3257 2814 3328 et
2874 3253 3156 3328 infestis
3230 3258 3492 3328 terram

400 3371 946 3445 Dobrzinensem
999 3372 1374 3446 invadunt:
1433 3395 1640 3466 quam
1677 3374 1842 3446 dum
1880 3394 2078 3448 urere
2133 3373 2560 3465 coepissent,
2617 3373 2850 3446 subito
2889 3373 3187 3465 quodam
3238 3395 3495 3466 pavore

401 3491 862 3580 consternati,
921 3494 1104 3583 quod
1160 3493 1492 3566 Poloniae
1546 3495 1701 3568 Rex
1765 3494 2164 3586 propediem
2228 3495 2394 3567 illos
2426 3493 2489 3584 ⁵)
2546 3495 2919 3566 invasurus
2975 3498 3193 3580 esset,
3260 3493 3335 3565 111
3390 3495 3494 3565 fu-

399 3631 560 3703 gam
617 3611 910 3702 dilapsi,
967 3613 1430 3686 retrocedunt.
1488 3615 1669 3686 Dum
1709 3618 1943 3688 autem
1998 3617 2239 3705 aperta
2289 3613 2651 3687 hostilitas
2706 3633 2941 3686 eorum
2980 3610 3197 3684 furori
3250 3633 3495 3702 parum

398 3730 883 3821 responderet,
962 3731 1035 3803 in
1099 3732 1606 3805 clandestinam
1672 3733 1889 3822 versi,
1962 3731 2281 3805 homines
2344 3732 2713 3825 utriusque
2780 3753 3027 3820 sexus,
3102 3729 3491 3803 multifario

401 3849 630 3939 pretio
686 3853 1079 3940 corruptoS,
1137 3851 1224 3921 ad
1278 3851 1509 3939 urbeS,
1569 3851 1822 3943 oppida
1877 3856 1948 3924 et
1985 3851 2197 3924 villas
2252 3853 2327 3923 in
2363 3853 2604 3944 Regno
2641 3851 2973 3924 Poloniae
3028 3849 3491 3924 incendendas

403 3968 865 4040 submittunt:
925 3989 1012 4041 ex
1067 3991 1203 4062 quo
1259 3971 1639 4043 multarum
1693 3970 2098 4060 civitatum,
2156 3971 2568 4064 oppidorum
2624 3974 2694 4044 et
2740 3971 3071 4042 villarum
3108 3971 3487 4062 conflagra-

403 4087 538 4174 tio,
596 4088 1088 4177 profitentibus
1142 4088 1448 4163 incendii
1501 4089 1916 4163 authoribus
1947 4091 2009 4179 ⁶)
2065 4085 2140 4162 in
2201 4088 2557 4182 plerisque
2602 4089 2777 4163 locis
2832 4088 3376 4181 comprehensiS,
3417 4109 3491 4160 se

402 4227 443 4278 a
497 4205 874 4278 cruciferis
929 4206 1016 4278 ad
1055 4207 1127 4279 id
1165 4209 1436 4281 facinus
1492 4209 1867 4281 conductos
1905 4211 2050 4282 fore
2081 4209 2166 4298 ⁷),
2224 4213 2465 4282 secuta
2518 4214 2649 4281 est.
2706 4209 2797 4280 Et
2850 4208 3019 4281 licet
3054 4205 3491 4281 Wladislaus

400 4325 739 4397 Poloniae
790 4326 946 4399 Rex
1001 4327 1261 4399 crebris
1325 4328 1598 4401 nuntiis
1663 4332 1735 4401 et
1785 4327 2016 4401 literis
2079 4327 2497 4420 Magistrum
2550 4330 2622 4401 et
2676 4327 3035 4416 Ordinem,
3101 4332 3183 4399 nt
3243 4327 3494 4398 damna

401 4444 881 4532 refunderent,
945 4449 1028 4516 ut
1088 4445 1384 4518 iniurias
1447 4451 1914 4538 temperarent
1977 4452 2048 4520 et
2107 4468 2349 4538 pacem
2410 4451 2820 4542 perpetuam
2892 4446 3308 4520 accuratiori
3372 4467 3488 4518 cu-

405 4562 636 4635 stodia
705 4567 1094 4652 servarent,
1167 4565 1642 4656 requisiisset,
1719 4567 1838 4638 sed
1866 4565 1929 4655 8)
2001 4566 2338 4658 Magistro
2412 4570 2483 4638 et
2553 4565 2924 4639 cruciferis
2995 4563 3491 4657 requisitiones

404 4682 630 4754 iustas
685 4682 902 4774 Regis
956 4682 1030 4756 in
1067 4683 1452 4757 ludibrium
1506 4685 1967 4774 vertentibuS,
2023 4684 2401 4760 intellexit.
2437 4687 2593 4760 Rex
2631 4705 2952 4778 pompam
3006 4683 3491 4758 crucifericam

404 4802 661 4874 iterum
728 4803 872 4874 fore
936 4801 1200 4875 virtute
1263 4803 1393 4875 Dei
1454 4804 1845 4878 necessario
1909 4805 2421 4878 conterendam.
2496 4805 2929 4897 Quapropter
2990 4803 3491 4877 communicato

404 4921 888 4994 Praelatorum
951 4925 1023 4994 et
1073 4921 1411 4995 baronum
1475 4945 1758 4997 suorum
1821 4924 2146 5014 consilio,
2214 4924 2733 5017 expeditionem
2795 4925 2871 4997 in
2935 4923 3319 4998 cruciferos
3383 4922 3488 4994 in-

621 5211 666 5290 1)
715 5211 1021 5273 Sententia
1063 5215 1176 5274 hac
1218 5211 1346 5275 Ed.
1377 5211 1559 5294 Lipe.
1609 5209 1664 5291 ²)
1709 5213 1978 5273 omnibus
2027 5207 2180 5274 Cod.
2211 5209 2403 5274 Rozr.
2454 5209 2505 5290 ³)
2553 5213 2615 5271 in
2644 5212 2911 5273 confiniis
2958 5212 3291 5273 habitantes
3342 5205 3491 5273 Cod.

407 5310 594 5377 Rozr.
645 5313 702 5393 ⁴)
745 5315 943 5390 Atque
985 5316 1279 5392 frequenti
1327 5310 1478 5377 cod.
1523 5313 1716 5375 Rozr.
1767 5313 1821 5392 ⁵)
1866 5333 1968 5376 eos
2017 5310 2168 5378 Ood.
2213 5312 2389 5377 Koet.
2438 5313 2491 5392 ⁸)
2536 5314 2899 5394 authoribus,
2944 5316 3093 5392 ipsis
3136 5312 3265 5378 Ed.
3310 5313 3491 5397 Lips.

413 5415 463 5499 ⁷)
506 5435 640 5479 esse
689 5413 842 5480 Cod.
874 5415 1066 5481 Rozr.
1115 5417 1168 5499 ⁸)
1201 5425 1396 5478 tamen
1441 5411 1591 5479 cod.
1631 5413 1824 5479 Rozr.
