4342 6384
358 590 492 691 (Α.
533 590 624 666 D.
665 589 918 690 1438.)
1496 615 1724 668 mmm
1774 615 2286 668 Duonncnms.
3301 596 3446 668 585

358 797 709 870 Romanae
775 798 874 872 rei
937 799 1383 890 provisuruS,
1450 799 1891 891 Hungariam
1957 793 2396 892 frequentius
2450 775 2828 873 Turcorum
2894 799 3274 892 direptioni
3328 821 3447 873 ex·

358 917 681 1007 ponebat.
742 919 1102 990 Postremo
1159 919 1481 1010 Hungari
1536 918 1709 991 victi
1774 919 2098 1010 precibus
2152 919 2498 992 Friderici
2549 919 2766 992 Ducis
2822 920 3154 992 Austriae
3209 940 3444 992 assen-

360 1056 513 1108 sum
586 1037 866 1125 dedere,
941 1037 1321 1128 Imperium
1397 1058 1667 1110 summa
1736 1038 2340 1131 congratulatione
2413 1038 2911 1113 Germanorum
2993 1040 3079 1111 ab
3155 1039 3448 1111 Alberto

358 1161 786 1248 susceptum.

356 1516 715 1588 [asinii-u
760 1517 1059 1590 roloniae
1104 1517 1246 1590 Dux
1290 1519 1371 1589 ab
1416 1535 1549 1590 una
1592 1521 1781 1608 parte
1825 1518 2242 1590 Bohomorun
2283 1520 2354 1590 in
2383 1519 2620 1609 Regem
2666 1520 2937 1606 electu,
2981 1537 3126 1592 oum
3155 1521 3448 1592 exercitu

1483 1638 1555 1710 in
1599 1637 1963 1710 nehemiam
2005 1639 2315 1712 mittitur.

556 1876 901 1961 BaroneS‚
967 1875 1239 1949 nobiles
1313 1881 1381 1948 et
1447 1875 1777 1948 civitates
1848 1875 2228 1950 Bohemiae
2299 1875 2374 1948 in
2439 1875 2780 1950 electione
2844 1877 3059 1969 Regis
3133 1876 3206 1948 in
3270 1878 3444 1950 duas

350 1997 585 2084 partes
647 1994 893 2082 divisi,
970 1994 1182 2066 aliam
1248 1994 1496 2067 faciem
1560 2015 1769 2086 quam
1834 1993 2156 2086 Hungari
2224 1999 2294 2068 et
2356 1997 2690 2069 electores
2754 2001 3062 2070 tenuere.
3149 1997 3446 2087 Quidam

352 2113 538 2186 enim
592 2115 966 2187 Albertum
1021 2115 1494 2187 Romanorum
1549 2119 1619 2187 et
1672 2114 2078 2206 Hungariae
2130 2115 2426 2207 Regem,
2503 2119 2778 2190 attenta
2831 2136 2961 2189 sua
3011 2119 3156 2188 tam
3213 2115 3449 2188 subita

354 2233 665 2321 fortuna,
724 2232 799 2304 in
850 2233 1114 2324 Regem
1172 2233 1479 2326 eligunt3
1551 2233 1677 2306 alii
1739 2254 1903 2308 vero
1967 2233 2407 2306 Kazimirum
2475 2236 2761 2308 fratrem
2813 2256 3216 2328 germanum
3235 2293 3252 2323 ‚
3311 2240 3446 2307 tre-

353 2352 578 2424 decim
631 2372 849 2423 annos
904 2358 1147 2424 natum
1212 2351 1593 2424 Wladislai
1648 2353 1867 2445 Regis
1921 2353 2291 2443 Poloniae‚
2347 2354 2612 2446 Regem
2675 2355 3072 2447 appellant,
3129 2360 3202 2427 et
3255 2359 3447 2427 utra-

356 2492 489 2562 que
560 2492 722 2563 pars
794 2492 921 2546 suo
986 2473 1205 2544 electo
1279 2471 1689 2546 electionem
1752 2493 1878 2564 per
1927 2472 2278 2546 notabiles
2329 2473 2616 2546 nuntios
2691 2473 3008 2562 intimat,
3077 2479 3147 2547 et
3201 2480 3283 2545 ut
3335 2495 3448 2546 ac-

354 2594 668 2681 ceptent,
724 2595 997 2682 rogant.
1080 2590 1435 2665 Venerant
1500 2591 1846 2683 siquidem
1919 2592 2008 2664 ad
2068 2592 2510 2665 Kazimirum
2580 2593 2656 2665 in
2710 2592 3110 2666 cracoviam
3166 2592 3446 2665 nomine

356 2709 689 2782 baronum
744 2713 815 2782 et
850 2709 1193 2782 nobilium
1248 2717 1461 2802 atque
1496 2710 1867 2783 civitatum
1920 2711 2270 2785 notabiles
2305 2711 2573 2800 nuntii,
2631 2711 3038 2785 Herthwick
3091 2713 3177 2786 de
3214 2713 3442 2784 Raus-

358 2829 618 2901 sinowo
659 2831 738 2918 1),
777 2829 1126 2902 Iohannes
1162 2830 1599 2921 Perstinsky,
1641 2829 2065 2922 Byedzrich,
2106 2830 2450 2923 Byeniasz
2486 2832 2867 2922 Mokrusky
2889 2829 2978 2920 ²),
3019 2831 3158 2903 sibi
3194 2831 3442 2902 huius-

354 2948 541 3019 modi
597 2949 1004 3021 electionem
1061 2948 1470 3023 intimantes
1525 2953 1597 3022 et
1648 2955 1975 3040 rogantes
2030 2951 2285 3023 obnixe
2315 2948 2377 3040 ³)
2432 2949 2903 3024 Wladislaum
2939 2950 3272 3023 Poloniae
3308 2951 3445 3022 Re-

353 3088 543 3159 gem,
602 3073 681 3138 ut
737 3069 1019 3140 fratrem
1074 3089 1277 3140 suum
1334 3073 1692 3160 acceptare
1746 3069 2067 3160 Regnum
2125 3069 2502 3142 Bohemiae
2555 3069 2941 3160 permittat.
3007 3067 3446 3142 wladislaus

354 3190 587 3258 autem
642 3187 800 3259 Rex
855 3187 941 3258 ob
980 3207 1130 3259 eam
1183 3207 1328 3260 rem
1383 3188 1909 3262 conventionem
1963 3190 2358 3280 generalem
2412 3189 2486 3261 in
2526 3189 2778 3281 oppido
2833 3188 3076 3261 Novae
3113 3188 3445 3261 Civitatis

352 3302 659 3378 Korczin
710 3327 835 3398 pro
894 3307 1068 3380 festo
1125 3305 1369 3379 Sancti
1422 3307 1739 3379 Floriani
1793 3308 2085 3396 indixit,
2142 3313 2218 3381 et
2271 3309 2596 3381 omnibus
2651 3307 3037 3395 Praelatis,
3095 3307 3442 3399 Principi-

356 3423 485 3496 bus
539 3430 611 3497 et
662 3425 1042 3499 baronibus
1107 3426 1255 3498 suis
1309 3426 1927 3517 principalioribus
1990 3429 2077 3500 ad
2132 3427 2333 3501 illam
2396 3428 2637 3500 venire
2693 3427 3085 3514 mandavit;
3160 3425 3444 3498 interim

356 3564 629 3636 quoque
691 3549 763 3616 et
814 3545 1080 3632 Ducem
1142 3545 1471 3637 Magnum
1536 3545 2063 3636 sigismundum
2124 3552 2462 3639 tanquam
2524 3545 2982 3639 principalem
3044 3545 3444 3636 Principem

354 3669 427 3736 et
478 3664 959 3736 consiliarium
1012 3664 1238 3756 Regni
1296 3663 1407 3736 sui
1460 3685 1587 3755 per
1630 3665 2125 3738 Przedborium
2181 3667 2264 3740 de
2303 3666 2838 3759 Konyeczpolye
2861 3665 2927 3754 ⁴)
2981 3665 3444 3736 castellanum

354 3783 904 3875 Respergensem
958 3783 1287 3875 requirit:
1347 3785 1513 3876 quid
1569 3786 1746 3857 foret
1775 3783 1837 3873 5)
1892 3784 2030 3856 sibi
2084 3784 2159 3856 in
2213 3786 2346 3857 hac
2397 3807 2472 3857 re
2524 3785 2869 3878 agendum
2889 3785 2978 3872 6).
3033 3784 3444 3856 Instaurata

352 3902 591 3992 itaque
646 3901 721 3974 in
775 3901 981 3974 Nova
1032 3902 1336 3976 Civitate
1390 3903 1882 3991 conventione,
1936 3904 2260 3994 pluribus
2314 3904 2560 3977 diebus
2623 3905 2904 3978 habitae
2959 3907 3126 3974 sunt
3179 3903 3440 3976 delibe-

352 4021 690 4109 rationes,
766 4027 837 4093 et
907 4023 1133 4093 multa
1200 4023 1275 4094 in
1348 4027 1715 4113 utramque
1786 4027 2056 4113 partem
2136 4024 2486 4096 calculata
2525 4023 2591 4113 ⁷)
2661 4022 2982 4096 consilia.
3064 4021 3442 4094 Pontifices

352 4161 621 4228 omnes,
677 4141 1042 4232 Principes
1098 4141 1449 4215 Masoviae
1504 4140 1903 4214 Semovitus
1975 4147 2047 4214 et
2100 4141 2568 4231 wladislaus,
2627 4141 2749 4234 qui
2802 4141 3266 4232 personaliter
3319 4141 3439 4212 ad-

350 4265 573 4348 erant,
631 4259 799 4332 item
852 4260 1145 4335 barones
1206 4262 1415 4333 multi
1440 4260 1881 4334 dissuadent
1909 4259 2006 4350 ⁸):
2062 4282 2149 4334 ne
2186 4261 2508 4354 Regnum
2546 4261 2954 4349 Bohemiae,
3014 4281 3152 4332 non
3207 4261 3436 4332 solum

348 4378 819 4452 divisionibus
874 4379 1236 4452 intestinis
1292 4380 1734 4472 languidum,
1801 4379 1925 4454 sed
1978 4379 2192 4453 etiam
2243 4384 2442 4471 peste
2495 4379 2846 4454 haeretica
2898 4380 3268 4466 infectum,
3325 4399 3437 4451 ac-

349 4502 691 4589 ceptetur,
748 4498 1157 4590 praesertim
1212 4520 1369 4571 cum
1423 4520 1547 4591 per
1598 4499 1810 4572 aliam
1864 4503 2134 4591 partem
2191 4499 2290 4572 sit
2341 4498 2430 4571 ad
2465 4498 2647 4570 illud
2700 4500 2884 4572 alius
2921 4498 3258 4589 Princeps
3297 4499 3436 4570 cle-

348 4623 531 4690 ctus,
604 4618 769 4689 Dux
823 4617 1119 4709 Magnus
1174 4618 1669 4710 Sigismundus
1723 4617 2178 4706 Lithuaniae,
2245 4618 2413 4691 item
2468 4618 2594 4691 alii
2649 4617 3014 4708 Principes
3079 4621 3150 4689 et
3202 4637 3440 4688 omnes

348 4735 658 4808 iuniores
710 4737 1031 4825 barones,
1087 4736 1163 4808 hi
1215 4737 1623 4828 praesertim
1642 4793 1659 4825 ,
1718 4736 1839 4828 qui
1892 4737 2288 4829 provisores
2326 4740 2526 4809 erant
2577 4736 2980 4824 constituti,
3037 4736 3438 4821 consulunt,

347 4856 650 4943 instant,
706 4857 1129 4946 persuadent
1167 4857 1377 4930 etiam
1412 4857 1843 4949 importune:
1898 4861 1981 4929 ut
2015 4858 2339 4950 Regnum
2379 4856 2756 4930 Bohemiae
2803 4859 3226 4946 acceptetur,
3267 4875 3436 4946 quo-

346 4974 539 5048 niam
592 4975 829 5066 aliquo
866 4976 1053 5048 bello
1089 4976 1479 5066 interiecto,
1536 4976 2029 5069 intelligebant
2080 4977 2165 5051 de
2201 4975 2613 5050 introitibus
2665 4974 3050 5067 regalibuS,
3107 4994 3281 5066 quos
3317 4974 3437 5044 ad-

565 5265 611 5346 Ι)
654 5266 937 5327 Rusinow
984 5261 1137 5328 Cod.
1181 5262 1401 5328 Przcz.
1467 5267 1845 5342 Kuszynovvo
1911 5261 2063 5327 Cod.
2108 5261 2286 5327 Kost.
2355 5264 2716 5325 Rubzinowo
2775 5255 2903 5325 Ed.
2965 5259 3145 5345 Lips.
3224 5259 3270 5342 ²)
3314 5263 3438 5323 Mo-

346 5369 592 5428 kruszki
640 5362 792 5432 Ood.
824 5365 1001 5430 Kost.
1048 5369 1574 5448 (Mokrowausky).
1622 5366 1677 5446 ⁸)
1710 5369 1883 5429 enixe
1912 5364 2040 5428 Ed.
2073 5364 2254 5449 Dips.
2305 5363 2360 5444 ⁴)
2393 5367 2760 5443 Koniecpole
2801 5361 2930 5425 Ed.
2963 5361 3146 5446 Lips.
3195 5361 3247 5442 ⁶)
3281 5371 3442 5426 esset

346 5467 477 5532 Ed.
509 5467 691 5554 Lips.
739 5467 796 5554 ⁸)
843 5471 1322 5548 aggrediendum.
1358 5464 1510 5533 cod.
1536 5467 1711 5531 Kost.
1760 5467 1811 5549 ⁷)
1859 5471 2085 5546 agitata
2118 5462 2272 5531 cod.
2303 5465 2441 5532 Lis.
2490 5466 2546 5548 8)
2591 5467 3015 5528 dissuadebant
3061 5461 3214 5528 cod.
3260 5462 3438 5528 Kost.

397 5623 444 5666 J.
471 5622 665 5674 ninum.
691 5622 814 5664 msa
833 5623 991 5666 Polou.
1020 5621 1071 5664 ¹1¹.
1089 5621 1175 5664 rv.
3061 5598 3132 5654 ⁷4
