4342 6384
341 594 474 695 (Α.
517 595 606 670 D.
645 593 878 696 1410.)
1526 621 1752 674 menn
1805 619 2264 674 monemus.
3342 600 3436 673 79

390 916 860 990 insultatorum
905 919 1220 1008 regiorum
1266 938 1406 991 oum
1450 919 1752 991 hostibus
1797 937 1883 992 ox
1928 923 2150 992 castro
2192 919 2736 1010 lunenburgensi
2770 920 3053 1010 egressis
3085 919 3393 991 coerrim

1770 1058 2007 1130 pugna.

548 1285 693 1358 Sub
751 1285 1134 1358 obsidionis
1192 1289 1532 1377 tempore,
1601 1287 1950 1360 militibus
2015 1287 2231 1360 trium
2294 1289 2756 1377 vexillorum,
2824 1288 3155 1362 videlicet
3218 1290 3441 1363 Dobe-

343 1405 470 1478 slai
538 1407 622 1478 de
687 1405 1173 1495 Olesehnicza,
1241 1407 1578 1479 Kmithae
1649 1407 1734 1479 de
1788 1407 2185 1480 Wisznicze
2252 1413 2321 1480 et
2386 1407 2877 1500 Gryphonum,
2954 1409 3287 1482 excubias
3355 1410 3443 1482 ad

341 1525 750 1597 bombardae
807 1525 1378 1624 observantibus,
1434 1525 1732 1598 hostiles
1789 1526 2053 1599 milites
2111 1529 2292 1599 facto
2340 1548 2427 1600 ex
2468 1532 2697 1600 castro
2753 1528 3124 1617 descensu,
3184 1530 3434 1602 irrum-

339 1665 502 1736 pere
557 1645 644 1716 ad
702 1644 1152 1718 excubiarum
1209 1646 1438 1718 locum
1495 1668 1740 1720 versus
1794 1647 2208 1720 bombardas
2264 1648 2694 1721 nitebantur.
2755 1648 2891 1721 Sed
2946 1648 3211 1721 milites
3262 1649 3442 1741 regii

341 1785 428 1836 ex
495 1765 724 1836 tribus
791 1765 1013 1856 signis
1077 1766 1447 1857 praefatiS‚
1516 1788 1797 1839 cursum
1863 1787 2098 1839 eorum
2165 1767 2679 1860 praeveniendo
2720 1769 2797 1857 ¹),
2868 1767 2969 1840 eis
3036 1769 3121 1840 ad
3178 1769 3440 1842 flumen

341 1885 572 1957 Wisla
636 1890 1040 1957 occurrunt:
1107 1885 1228 1957 ubi
1294 1886 1467 1957 duro
1534 1887 1913 1960 certamine
1979 1887 2402 1976 instaurato,
2467 1890 2707 1960 hostes
2764 1908 2886 1978 pro
2942 1892 3139 1978 parte
3195 1887 3442 1961 maiori

341 2005 559 2093 caesi,
627 2005 701 2076 in
765 2009 1073 2078 castrum
1139 2005 1529 2098 refugiunt,
1599 2028 1771 2098 quos
1801 2006 1866 2095 2)
1931 2009 2349 2080 Polonorum
2418 2007 2683 2079 milites
2748 2029 2971 2100 usque
3036 2007 3123 2079 ad
3190 2008 3444 2080 turrim

340 2126 742 2214 rotundam,
810 2125 1002 2197 caedi
1059 2130 1130 2197 et
1184 2125 1585 2217 captivitati
1652 2127 2040 2200 insistendo
2072 2127 2157 2216 3),
2227 2129 2419 2200 fuere
2482 2127 2858 2219 persecuti.
2928 2127 3039 2199 Ad
3102 2148 3277 2219 quos
3330 2149 3441 2199 re-

340 2245 733 2336 pellendoS,
789 2247 1027 2318 hostes
1082 2268 1168 2318 ex
1219 2251 1446 2318 castro
1503 2269 1776 2319 murum
1841 2247 2054 2340 regiis
2127 2247 2523 2321 bombardis
2589 2247 3034 2320 debilitatum
3110 2248 3441 2320 ruinant:

343 2365 542 2437 cuius
598 2365 780 2436 mole
835 2371 906 2437 et
960 2386 1125 2437 casu
1183 2365 1253 2437 in
1310 2367 1728 2438 Polonorum
1777 2367 2124 2441 militibus
2162 2368 2447 2460 grandis
2488 2367 2847 2459 oppressio
2886 2369 3262 2441 subsecuta
3300 2373 3431 2440 est.

343 2485 666 2558 Caeteros
733 2485 1033 2577 sagittae
1097 2487 1184 2558 ab
1239 2486 1560 2558 hostibus
1618 2487 1690 2558 in
1746 2509 1995 2580 magna
2059 2487 2455 2579 frequentia
2530 2508 2827 2579 superne
2898 2488 3226 2576 emissae,
3302 2509 3441 2559 non

343 2611 577 2676 tamen
654 2625 809 2677 cum
876 2604 1080 2677 letali
1153 2605 1482 2692 vulnere,
1553 2608 2038 2698 impleverant.
2122 2591 2314 2680 Petri
2390 2608 2473 2680 de
2548 2607 3001 2679 Oleschnicza
3082 2607 3439 2679 venatoris

345 2723 931 2798 Sandomiriensis
1004 2726 1204 2816 galea
1269 2725 1526 2797 ictibus
1583 2726 1896 2817 lapidum
1951 2747 2319 2814 concussa,
2386 2726 2667 2798 nonnisi
2739 2723 3015 2798 malleis
3084 2727 3437 2798 fabrorum

344 2845 631 2916 violata
666 2865 751 2918 ex
809 2845 1036 2937 capite
1090 2849 1366 2936 poterat
1421 2845 1781 2918 dimoveri.

822 3198 1050 3270 castra
1097 3201 1167 3270 et
1212 3197 1524 3270 civitates
1569 3197 1829 3271 deditas
1873 3199 2012 3271 Rex
2057 3199 2197 3271 suis
2240 3201 2555 3273 militibus
2599 3200 2953 3274 distribuit.

552 3445 922 3518 Deditione
977 3450 1362 3518 castrorum
1419 3450 1488 3519 et
1545 3446 1912 3518 civitatum
1969 3448 2556 3521 Pruthenicarum
2612 3445 3053 3519 Wladislaus
3108 3448 3445 3520 Poloniae

343 3565 498 3637 Rex
555 3571 869 3656 accepta,
928 3587 1008 3638 ea
1061 3566 1246 3638 inter
1301 3565 1564 3638 milites
1623 3586 1784 3637 suos
1839 3566 2293 3657 gubernanda
2338 3567 2667 3658 partitur.
2727 3567 3046 3638 Castrum
3098 3567 3445 3658 siquidem

346 3684 734 3757 Brodnicza
787 3685 1078 3758 Nicolao
1135 3685 1218 3757 de
1275 3685 1640 3760 MIchalow
1693 3685 2005 3776 palatino
2047 3685 2598 3759 Sandomiriensi
2652 3685 3062 3760 committit:
3120 3687 3243 3778 qui
3283 3709 3443 3778 pos-

346 3805 970 3878 sessionem-illius
1011 3811 1292 3891 nactuS,
1351 3805 1611 3876 multas
1659 3826 1769 3876 res
1818 3805 1891 3876 in
1931 3825 2096 3876 auro
2137 3809 2207 3877 et
2245 3811 2565 3898 argento,
2624 3806 2791 3879 item
2849 3807 3069 3879 libros
3107 3807 3433 3899 optimoS‚

345 3931 414 3997 et
481 3924 843 4016 signanter
915 3925 1222 4015 quinque
1295 3929 1528 4014 partos
1602 3923 1886 4014 Speculi
1951 3924 2423 4014 Vincentii4),
2501 3925 2669 3998 item
2742 3927 3021 3998 tabulas
3097 3926 3438 4018 insigneS,

345 4065 512 4116 auro
569 4049 638 4116 et
691 4050 978 4136 argento
1034 4056 1346 4131 ornataS,
1405 4043 1572 4115 item
1628 4045 1935 4132 casulam,
1995 4065 2233 4116 cruces
2289 4053 2359 4117 et
2413 4049 2849 4134 ornamenta,
2908 4050 2978 4119 et
3033 4046 3177 4118 alia
3232 4047 3441 4138 plura

344 4163 661 4235 clenodia
717 4165 788 4236 in
844 4169 1072 4236 castro
1127 4162 1511 4255 reperienS,
1571 4163 1852 4255 singula
1905 4163 2088 4255 Regi
2136 4164 2439 4236 fideliter
2475 4170 2898 4256 praesentat.
2958 4165 3264 4256 Quorum
3303 4167 3441 4238 cle-

343 4283 704 4356 nodiorum
764 4289 835 4357 et
888 4304 1119 4355 rerum
1193 4287 1494 4373 partem,
1572 4282 1706 4354 etsi
1779 4283 1930 4355 Rex
2001 4283 2333 4356 ecclesiae
2398 4284 2873 4371 cracoviensi,
2949 4291 3019 4356 et
3083 4285 3444 4378 signanter

346 4404 724 4495 Speculum
782 4401 1134 4474 Vincentii
1201 4403 1690 4490 condonasset,
1761 4402 2182 4494 insigniores
2245 4409 2476 4476 tamen
2528 4425 2641 4476 res
2698 4409 2768 4476 et
2821 4405 3138 4476 clenodia
3203 4406 3436 4476 cathe-

345 4523 527 4594 drali
573 4522 895 4595 Vilnensi
936 4526 1006 4594 et
1044 4511 1565 4613 parochialibus
1615 4521 2056 4594 Lithuanicis
2096 4523 2414 4596 ecclesiis
2452 4523 2839 4597 distribuit.
2898 4523 3079 4596 Item
3128 4527 3437 4595 castrum

345 4642 764 4734 Koprziwno
821 4643 997 4714 alias
1052 4642 1530 4734 Engelsborgk
1563 4641 1624 4730 5)
1681 4642 2026 4714 Dobeslao
2081 4643 2166 4716 de
2222 4642 2709 4732 Oleschnicza3
2775 4642 2945 4715 item
3009 4647 3314 4715 castrum
3372 4648 3442 4714 et

345 4763 704 4836 civitatem
760 4763 1038 4834 Tsczow
1093 4763 1300 4834 Petro
1357 4761 1602 4852 Wagh
1661 4761 1828 4833 item
1887 4765 2193 4833 castrum
2250 4762 2512 4835 Grabin
2562 4763 2853 4835 Alberto
2910 4762 3212 4854 Malsky;
3269 4762 3439 4834 item

345 4882 704 4954 civit-atem
763 4881 1048 4954 Gdansk
1103 4880 1428 4952 Ianussio
1485 4881 1567 4952 de
1623 4880 2108 4953 Thuliszkowo
2165 4883 2549 4954 castellano
2616 4881 3063 4970 Calissiensi3
3122 4881 3289 4954 item
3327 4902 3440 4953 ca-

344 5080 650 5088 ———-.--——-—
670 5081 687 5084 —
708 5080 825 5086 —-⁴—-
838 5079 997 5086 -o-——-
1017 5079 1169 5086 —-————-

563 5187 607 5268 ¹)
671 5190 1189 5266 praevenientibus
1253 5185 1405 5250 Cod.
1467 5185 1661 5250 Rozr.
1730 5187 1781 5268 ⁹)
1845 5190 2004 5266 quod
2075 5185 2225 5250 C'od.
2285 5185 2478 5250 Rozr.
2546 5187 2599 5262 ³)
2645 5189 2986 5249 insistentes
3050 5183 3201 5250 Cod.
3251 5185 3443 5248 Rozr.

345 5292 401 5372 ⁴)
463 5289 784 5354 Vincentii
824 5289 1296 5353 Bellovacensis
1343 5287 1452 5372 (dc
1496 5288 1858 5375 Bcauvais)
1893 5289 2148 5375 fratris
2198 5287 2353 5352 ord.
2402 5287 2771 5351 Praedicat.
2822 5284 2904 5373 (†
2934 5286 3163 5372 1264):
3207 5285 3442 5372 Specu-

344 5395 478 5456 lum
523 5395 737 5456 mim
782 5393 1168 5471 doctrinale,
1214 5391 1578 5470 historiale,
1624 5391 1958 5470 natm-ale,
2001 5390 2271 5470 mov-alc:
2330 5400 2387 5454 et
2429 5388 2775 5474 Speculum
2819 5391 3034 5453 mivms
3078 5390 3176 5453 vel
3218 5391 3443 5477 Imaqo

343 5497 593 5561 usundi.
643 5497 697 5578 ⁵)
741 5499 1112 5578 Sugylsperk
1160 5493 1310 5559 Cod.
1363 5492 1540 5559 Calv.
