4342 6384
921 509 1072 582 462
2106 533 2334 586 numa
2384 533 2843 588 monemus.
3473 508 3609 612 (Α.
3650 511 3742 586 D.
3780 508 4020 611 1431.)

923 714 1355 788 obsidionem
1410 737 1566 789 cum
1623 715 1770 788 suis
1826 716 2150 791 fidelibus
2216 719 2700 808 continuante,
2765 719 2949 792 nihil
3004 720 3147 792 tale
3210 719 3381 810 quid
3436 719 3875 810 suspicante,
3942 719 4019 790 in

923 840 1146 908 terras
1200 836 1532 910 Podoliae
1585 841 1656 909 et
1710 837 2043 924 Russiae‚
2101 840 2342 931 Regno
2398 839 2733 912 Poloniae
2788 839 3139 912 subiectas
3194 837 3553 910 hostiliter
3604 837 3889 929 irrupit,
3946 842 4019 910 et

919 954 1286 1029 districtus
1343 955 1960 1048 Snyathinensem,
2003 957 2479 1031 Haliciensem
2533 962 2604 1032 et
2648 959 3324 1049 Kamyeneczensem
3364 959 3418 1046 ¹)
3476 957 3852 1030 crudeliter
3886 980 4015 1029 va·

919 1074 1170 1164 stavit,
1228 1077 1519 1167 praedas
1555 1075 1898 1168 plurimas
1952 1081 2095 1149 tam
2133 1076 2493 1150 hominum
2550 1099 2759 1170 quam
2794 1099 3154 1169 pecorum,
3212 1081 3281 1150 et
3318 1076 3701 1150 cuiuslibet
3734 1077 4019 1171 generis

921 1195 1338 1286 spoliorum,
1396 1216 1631 1269 secum
1685 1196 2056 1270 abducens.
2131 1199 2322 1290 Quae
2374 1196 2686 1286 novitas„
2743 1198 2909 1270 dum
2961 1198 3036 1270 in
3090 1197 3407 1271 exercitu
3461 1197 3676 1291 Regis
3738 1217 4013 1289 percre-

921 1315 1225 1404 buisset,
1282 1313 1476 1388 illico
1531 1315 1989 1407 Theodricns,
2046 1317 2349 1390 Michael
2422 1323 2491 1390 et
2520 1316 2583 1406 2)
2638 1317 2935 1390 Muszilo
3000 1318 3251 1390 fratres
3312 1318 3399 1391 de
3452 1318 3797 1405 Buczacz‚
3856 1337 4017 1389 cum

921 1434 1084 1506 aliis
1139 1439 1365 1508 terrae
1419 1435 1752 1510 Podoliae
1806 1441 1878 1510 et
1930 1437 2235 1510 Russiae
2291 1436 2661 1530 terrigenis
2716 1435 3117 1510 transmissi
3170 1458 3297 1528 per
3348 1437 3641 1529 Regem,
3700 1457 3843 1528 qua
3894 1457 4017 1528 po·

922 1559 1157 1627 terant
1183 1553 1245 1644 3)
1301 1554 1683 1644 celeritate,
1742 1555 1817 1628 in
1853 1557 2218 1630 Podoliam
2271 1557 2725 1649 perveniunt,
2785 1561 2856 1631 et
2892 1557 3276 1631 exercitum
3331 1556 3721 1629 Alexandri
3756 1557 4017 1648 Woye-

921 1675 1186 1763 wodae‚
1244 1674 1622 1748 securitate
1683 1697 1809 1767 per
1861 1698 2064 1770 agros
2131 1682 2202 1750 et
2254 1677 2501 1767 villas,
2566 1678 2863 1770 praedae
2926 1677 3323 1765 dulcedine,
3390 1676 3543 1749 sine
3596 1675 4019 1749 insidiarum

923 1798 1114 1868 metu
1180 1816 1536 1888 sparsum,
1603 1796 1914 1868 animose
1976 1796 2321 1870 invadunt
2384 1803 2455 1871 et
2515 1804 2967 1890 prosternunt
2994 1797 3083 1886 4),
3146 1797 3475 1888 praedam
3538 1795 3886 1887 eripiunt,
3952 1801 4025 1868 et

922 1912 999 1986 in
1036 1935 1153 1987 ore
1204 1915 1426 2007 gladii
1481 1915 1827 2008 fugientes
1863 1923 2412 2008 persequuntur3
2470 1939 2857 2011 magnaque
2894 1918 3101 1991 caede
3154 1916 3541 2008 palantium
3599 1918 3821 2002 facta,
3859 1917 4018 2007 plu-

923 2054 1036 2106 res
1091 2057 1179 2108 ex
1232 2034 1384 2107 illis
1449 2034 1832 2126 captivant.
1909 2037 2048 2110 Sed
2113 2044 2186 2110 et
2245 2037 2397 2129 ipse
2450 2038 2853 2111 Alexander
2904 2037 3353 2129 Woyewoda,
3421 2036 3544 2128 qui
3602 2057 3727 2127 per
3780 2038 4023 2129 fugam

926 2155 1244 2227 salvatus
1308 2159 1656 2243 evaserat,
1731 2157 1967 2229 morbo
2035 2163 2105 2229 et
2169 2159 2407 2230 dolore
2470 2159 2801 2249 perfidiae
2865 2177 3031 2230 suae
3095 2162 3166 2229 et
3228 2157 3583 2229 actionum
3644 2157 4023 2244 malarum,

927 2295 1102 2366 quae
1155 2274 1230 2346 in
1285 2273 1752 2348 Wladislaum
1807 2276 2070 2369 Regem
2125 2282 2195 2349 et
2249 2278 2570 2368 Regnum
2624 2276 2959 2349 Poloniae
3019 2281 3291 2380 vegerat,
3350 2280 3742 2364 contracto,
3801 2277 4023 2348 variis

925 2393 1276 2466 cruciatus
1333 2393 1925 2486 aegritudinibus,
1983 2418 2121 2468 non
2159 2399 2382 2468 multo
2436 2401 2597 2488 post
2652 2396 3009 2469 extinctus
3064 2401 3193 2469 est.
3255 2396 3373 2469 Sic
3426 2396 3501 2468 in
3553 2396 3725 2468 forti
3777 2396 4023 2468 divino

925 2512 1194 2586 auxilio
1249 2518 1544 2606 uterque
1581 2514 1839 2605 hostis,
1899 2515 2208 2589 crucifer
2262 2521 2331 2589 et
2368 2517 2754 2603 ValachuS,
2812 2537 3068 2607 poenas
3106 2516 3356 2588 violati
3411 2516 3709 2589 foederis
3744 2516 4020 2606 pendit.

1039 2873 1277 2964 lugens
1322 2875 1770 2948 Germanorum
1815 2879 2147 2949 exercitus
2190 2895 2430 2966 pavore
2472 2880 2835 2967 perculsus,
2882 2878 3177 2949 exercitu
3220 2877 3445 2948 hostili
3488 2877 3911 2948 Bohemru

2058 2998 2341 3069 nondum
2386 2999 2529 3070 viso
2542 3053 2559 3082 ,
2605 2998 2881 3086 diffugit.

1136 3233 1632 3325 sigismundus
1694 3236 2164 3308 Romanorum
2239 3239 2310 3307 et
2372 3236 2776 3327 Hungariae
2838 3236 3025 3323 Rex,
3098 3234 3338 3306 habito
3402 3234 3477 3305 in
3530 3235 4021 3328 Nuremberga

929 3350 1238 3423 omnium
1291 3351 1692 3426 Electornm
1755 3354 2044 3446 Imperii
2119 3359 2190 3426 et
2254 3355 2561 3426 omnium
2624 3354 3031 3445 Principum
3096 3359 3167 3424 et
3238 3353 3831 3426 communitatum
3890 3356 4019 3426 Al-

927 3471 1246 3542 manniae
1303 3476 1681 3560 conventu,
1739 3495 1920 3545 nova
1971 3473 2379 3564 Principum
2434 3474 2706 3545 auxilia
2769 3478 3011 3545 contra
3067 3474 3412 3545 Bohemos
3468 3478 3849 3564 comparat.
3906 3475 4019 3546 Ad

927 3612 1132 3682 quem
1185 3595 1255 3662 et
1309 3591 1634 3664 Iulianus
1688 3593 1886 3664 tituli
1943 3592 2185 3664 Sancti
2222 3593 2479 3684 Angeli
2530 3593 2881 3665 Diaconus
2936 3591 3326 3664 Cardinalis
3388 3614 3512 3682 per
3549 3593 3933 3665 Martinum
3958 3593 4019 3682 ⁵)

929 3711 1194 3802 Papam
1248 3711 1510 3783 missus
1566 3713 1873 3803 Legatus
1929 3711 2013 3784 de
2065 3713 2286 3785 latere
2342 3718 2481 3800 est,
2538 3712 2647 3783 vir
2684 3713 2995 3784 moribus
3049 3716 3119 3782 et
3154 3711 3384 3782 literis
3441 3713 3823 3797 excellens,
3862 3733 4021 3785 cum

935 3851 1013 3902 eo
1069 3831 1428 3918 mandato,
1487 3834 1567 3901 ut
1605 3831 1934 3903 Bohemis
1971 3833 2239 3904 bellum
2294 3832 2579 3918 inferat,
2620 3836 2689 3903 et
2725 3831 3139 3904 adveniente
3193 3835 3535 3922 tempore,
3592 3831 3667 3902 in
3704 3831 4021 3904 Concilio

934 3949 1346 4036 Basiliensi‚
1413 3949 1613 4022 cuius
1675 3950 2075 4042 propediem
2133 3950 2507 4022 celebratio
2574 3951 2915 4036 instabat,
2982 3950 3258 4021 nomine
3312 3949 3697 4040 apostolico
3750 3953 4019 4040 praesi-

931 4067 1114 4139 deat.
1170 4069 1342 4139 Post
1378 4071 1637 4140 multas
1693 4070 2227 4141 deliberationes
2283 4074 2353 4141 et
2391 4073 2766 4158 tractatus,
2826 4069 3335 4160 expeditionem
3392 4073 3633 4141 contra
3671 4071 4023 4142 Bohemos

929 4185 1351 4274 haereticos,
1405 4187 1820 4278 gravissime
1874 4192 1945 4260 et
1979 4188 2181 4260 fidem
2220 4188 2635 4262 catholicam
2694 4194 2765 4260 et
2808 4189 3075 4260 vicinas
3111 4189 3427 4280 regiones
3484 4210 3693 4260 manu
3746 4199 4021 4261 armata

929 4305 1442 4397 impugnanteS,
1501 4306 1774 4379 indicit.
1832 4309 1923 4379 Et
1960 4309 2285 4398 quoniam
2325 4329 2411 4380 ex
2453 4309 2929 4400 superioribus
2968 4308 3335 4382 eventibus
3372 4307 3785 4379 credebatur
3820 4329 4021 4399 prae-

931 4423 1159 4498 sentia
1213 4424 1438 4516 ipsius
1495 4425 1928 4517 Sigismundi
1964 4429 2436 4500 Romanorum
2492 4432 2563 4500 et
2598 4428 3003 4519 Hungariae
3040 4426 3254 4518 Regis
3308 4426 3383 4498 in
3419 4427 3606 4498 bello
3662 4447 3823 4500 esse
3856 4429 4024 4518 plus

929 4545 1176 4618 nociva
1233 4567 1440 4636 quam
1505 4546 1892 4632 fructuosa,
1959 4551 2030 4619 et
2092 4546 2509 4637 praeteritae
2576 4547 2809 4618 clades
2874 4551 2943 4618 et
3006 4547 3209 4638 fugae
3264 4568 3391 4618 sua
3461 4545 3889 4618 infelicitate
3956 4551 4025 4617 et

927 4666 1186 4739 scelere
1238 4666 1671 4755 putabantur
1723 4665 2134 4758 contigisse3
2190 4669 2473 4756 propter
2510 4665 2692 4756 quod
2746 4657 3095 4737 communi
3133 4664 3441 4735 omnium
3494 4686 3844 4738 consensu
3902 4667 4023 4739 de·

927 4784 1270 4857 cernitur:
1327 4790 1409 4857 ut
1461 4786 1615 4858 Rex
1653 4785 2089 4876 Hungariam
2142 4805 2497 4872 reversuS,
2556 4785 2740 4856 bello
2779 4783 3159 4871 abstineat,
3218 4788 3289 4854 et
3325 4783 3617 4856 alterius
3674 4785 4025 4876 auspiciis

928 4908 999 4976 et
1053 4905 1268 4976 ductu
1321 4905 1588 4976 bellum
1643 4904 1730 4975 ad
1769 4903 2102 4976 Calendas
2141 4902 2367 4975 Iulias
2422 4908 2661 4974 contra
2699 4903 3041 4975 Bohemos
3094 4907 3312 4994 gerat.
3371 4903 3661 4974 Electus
3715 4904 3809 4974 ad
3840 4905 4025 4975 hanc

925 5043 1070 5094 rem
1123 5021 1524 5094 Fridericus
1579 5020 1890 5094 Marchio
1927 5021 2605 5113 BrandeburgensiS,
2666 5020 3305 5093 Archicamerarius
3342 5021 3666 5112 Imperii.
3722 5024 3931 5096 velut
3960 5023 4023 5110 6)

1140 5288 1186 5370 ¹)
1235 5292 1656 5354 Camenensem
1697 5289 1824 5354 Ed.
1878 5289 2060 5372 Dips.
2129 5289 2185 5370 2)
2232 5291 2308 5352 de
2362 5285 2514 5354 ood.
2557 5289 2752 5354 Rozr.
2822 5291 2872 5370 3)
2917 5297 3167 5367 possunt
3214 5287 3364 5353 God.
3410 5289 3607 5354 Rozr.
3659 5289 3713 5372 ⁴)
3758 5299 4022 5371 proster-

927 5397 1192 5469 nuntque
1234 5411 1305 5454 ac
1352 5387 1504 5456 eod.
1536 5391 1728 5455 Rozr.
1801 5391 1854 5474 Ι5)
1898 5411 2008 5470 per
2049 5394 2367 5455 Max-tinum
2410 5394 2677 5470 quintum
2734 5389 2887 5458 0001.
2932 5391 3125 5455 Rozr.
3174 5391 3226 5468 ⁶)
3272 5393 3375 5469 qui
3418 5395 3591 5454 velut
3638 5389 3796 5458 cod.
3826 5393 4021 5458 Rozr.
