4342 6384
364 550 497 650 (Α.
538 551 628 625 D.
671 550 922 651 1440.)
1477 576 1702 629 menn
1753 578 2269 631 DuonnomUS.
3306 566 3454 637 643

361 762 442 831 ut
494 760 569 833 in
624 759 1087 853 Wischogrod
1125 760 1179 849 1)
1233 764 1541 833 castrum
1605 763 1865 835 vadant
1927 763 2062 835 duo
2126 763 2532 856 Hungariae
2577 765 2904 854 baroneS,
2964 767 3087 859 qui
3142 767 3451 858 videant,

363 901 448 951 an
505 879 713 968 cista,
788 879 864 951 in
919 900 1056 971 qua
1112 878 1246 951 fuit
1319 901 1570 954 corona
1623 882 1852 974 Regni
1904 882 2311 976 Hungariae
2384 906 2540 957 cum
2612 886 2761 959 suis
2832 888 3287 979 apparatibus
3341 912 3447 962 re-

358 1000 619 1091 posita,
697 1000 794 1073 sit
857 999 1152 1088 violata,
1212 1005 1284 1071 et
1329 1002 1614 1073 eandem
1682 1002 1931 1075 cistam
1985 1002 2059 1075 in
2112 1005 2369 1077 Albam
2424 1006 2761 1100 Regalem
2827 1008 3177 1098 perferant
3206 1008 3270 1098 2)
3330 1032 3453 1101 pro

361 1120 806 1193 coronatione
859 1120 1103 1212 regali.
1162 1119 1370 1193 Illico
1421 1120 1803 1194 mittuntur
1855 1123 1991 1194 duo
2047 1124 2299 1197 fratros
2337 1126 2739 1199 Iaczkones.
2798 1126 3066 1217 Tertia,
3122 1130 3306 1220 quod
3344 1151 3453 1202 ca-

362 1244 585 1313 strum
652 1240 1117 1333 Wischogrod
1149 1238 1210 1329 ³)
1265 1241 1661 1333 resignetur
1724 1264 1849 1335 per
1913 1244 2322 1317 Ladislaum
2376 1246 2461 1318 de
2517 1247 2700 1321 Gara
2752 1248 2828 1320 in
2892 1269 3139 1321 manus
3201 1250 3454 1341 regiae,

362 1367 432 1433 et
487 1361 671 1452 quod
725 1362 966 1432 nullus
1003 1360 1183 1432 illud
1223 1364 1488 1450 teneat,
1545 1362 1686 1434 nisi
1722 1363 2065 1453 Polonus;
2123 1365 2399 1457 fuitque
2436 1371 2742 1439 castrum
2780 1368 3215 1458 praedictum
3252 1369 3457 1442 iuxta

359 1481 764 1553 huiusmodi
817 1480 1334 1554 conclusionem
1388 1482 1852 1575 resignatum,
1911 1487 1982 1556 et
2036 1485 2193 1556 Rex
2247 1485 2431 1557 illud
2486 1485 2856 1560 Vincentio
2894 1488 2979 1560 de
3016 1489 3453 1562 Schamotuli

360 1602 745 1675 castellano
809 1601 1432 1693 Myedzirzeczensi
1487 1602 1678 1675 dedit
1731 1602 1804 1673 in
1858 1608 2207 1692 tenutam,
2266 1605 2485 1678 nobili
2541 1606 2625 1679 de
2677 1607 2877 1679 domo
2918 1608 3261 1697 Nalancz,
3320 1610 3450 1681 mi-

360 1721 478 1794 liti
533 1722 847 1793 virtuoso
902 1726 973 1794 et
1027 1720 1283 1809 nobili,
1341 1727 1411 1793 et
1466 1722 1538 1793 in
1595 1722 1882 1795 facetias
1935 1728 2146 1821 atque
2201 1724 2389 1797 iocos
2446 1726 2861 1799 naturaliter
2912 1727 3249 1818 proclivo.

359 2073 758 2145 wladislaus
813 2074 952 2145 Rex
1010 2075 1402 2163 naugerum,
1463 2077 1571 2165 qui
1630 2094 1704 2147 sc
1765 2024 1866 2147 ab·
1890 2076 2220 2148 Elisabeth
2278 2078 2525 2168 Regina
2575 2080 2645 2150 in
2703 2096 2926 2151 nocem
2984 2081 3179 2169 aegis
3239 2083 3448 2171 pretio

354 2193 690 2265 inductum
749 2194 1143 2280 affirmabat,
1203 2195 1460 2285 impune
1520 2196 1826 2281 dimittit,
1887 2198 1996 2286 qui
2055 2200 2278 2268 tmen
2334 2216 2373 2268 a
2419 2199 2787 2287 proceribus
2842 2202 3044 2290 Regni
3088 2219 3297 2290 poena
3344 2219 3443 2273 ca·

1634 2316 1822 2405 pituli
1867 2316 2170 2388 afficitur.

563 2563 829 2635 Certior
883 2562 966 2634 de
1017 2562 1132 2634 his
1188 2562 1542 2649 omnibus,
1610 2584 1788 2653 quae
1844 2564 2082 2635 Budae
2147 2566 2339 2652 acta,
2406 2565 2736 2637 conclusa
2801 2570 2873 2637 et
2925 2567 3200 2639 firmata
3254 2572 3444 2656 sunt,

353 2683 723 2755 Elisabeth
759 2682 1028 2774 Regina
1065 2680 1340 2769 effecta,
1382 2683 1723 2775 intelligit
1759 2684 2273 2757 coronationem
2311 2684 2397 2755 de
2437 2684 2585 2757 filio
2615 2685 2679 2773 ⁴)
2736 2686 3023 2774 factam,
3079 2707 3204 2777 per
3241 2709 3447 2778 quam

352 2826 398 2875 a
453 2803 680 2895 Regni
735 2802 1138 2895 Hungariae
1192 2802 1512 2895 legitimo
1569 2803 1780 2874 titulo
1838 2803 2309 2876 Wladislaum
2364 2805 2627 2896 Regem
2683 2805 3055 2877 excludere
3093 2806 3440 2897 credebat,

352 2944 510 2997 esse
548 2923 820 2996 cunctis
859 2923 1170 3011 fabulae,
1228 2922 1438 3013 risui,
1499 2926 1569 2995 et
1605 2923 1950 2995 defectum
1988 2943 2310 3005 coronae,
2362 2945 2569 3014 quam
2606 2924 3032 3011 abstulerat,
3072 2946 3195 3015 per
3232 2926 3443 2999 aliam

351 3065 676 3117 coronam
731 3042 1080 3135 suppleri,
1139 3043 1310 3135 quid
1365 3047 1528 3135 agat
1582 3044 1826 3131 anxia,
1867 3043 1942 3115 in
1981 3043 2253 3115 facinus
2290 3043 2599 3115 animum
2636 3044 3013 3116 convertit:
3073 3046 3447 3138 largitione

349 3163 510 3237 auri
580 3164 996 3255 Hungarum
1069 3162 1206 3235 sibi
1267 3162 1614 3250 fidiorem,
1691 3163 1902 3234 sortis
1960 3167 2193 3235 tamen
2247 3162 2541 3234 humilis
2597 3166 2667 3235 et
2720 3161 3033 3256 ignotae,
3102 3166 3446 3238 asseritur

347 3282 782 3373 corrupisse,
837 3286 920 3353 ut
973 3282 1445 3355 Wladislaum
1501 3283 1680 3354 ferro
1735 3286 1858 3353 aut
1912 3304 2179 3354 veneno
2236 3282 2506 3355 occidat
2560 3286 2631 3355 et
2684 3283 3199 3357 coronationem
3248 3307 3445 3357 suam

345 3406 663 3476 futuram
718 3402 1076 3492 impediat.
1134 3402 1271 3475 Hic
1325 3401 1596 3474 Budam
1663 3402 1948 3475 veniens
2005 3407 2074 3475 et
2127 3406 2421 3475 conatus
2484 3402 2789 3478 nefarios
2842 3423 3100 3494 ponere
3154 3403 3229 3475 in
3284 3425 3443 3476 exe-

345 3524 707 3597 cutionem
763 3525 834 3595 et
887 3522 1177 3594 difficile
1231 3527 1303 3595 et
1347 3523 1819 3614 periculosum
1867 3522 2004 3595 sibi
2041 3523 2491 3611 existimans,
2532 3526 2831 3595 vexatus
2870 3523 3255 3614 cupiditate
3292 3524 3445 3596 auri

343 3667 392 3716 a
431 3643 738 3736 Regina,
788 3646 868 3714 ut
912 3643 1301 3731 asserebat,
1341 3642 1643 3733 accepti,
1710 3642 1862 3714 eius
1909 3642 2234 3733 ampliori
2272 3642 2681 3713 stimulatus
2738 3642 2945 3730 fame,
3000 3661 3126 3733 per
3180 3645 3445 3715 certum

341 3763 654 3835 amicum
710 3762 1102 3834 Wladislao
1156 3762 1337 3854 Regi
1391 3766 1460 3835 et
1513 3762 1664 3833 suis
1725 3762 2101 3834 baronibus
2167 3761 2449 3855 singula
2512 3761 3069 3833 machinamenta
3132 3762 3444 3854 Reginae

341 3883 654 3974 detegit,
709 3886 992 3972 propter
1047 3879 1216 3972 quid
1271 3886 1340 3953 et
1395 3882 1603 3973 quale
1656 3881 2149 3972 perficiendum
2207 3902 2380 3972 opus
2435 3881 2695 3953 missus
2736 3881 2861 3968 sit,
2921 3902 3009 3953 ex
3049 3881 3288 3953 ordine
3326 3882 3440 3954 de·

339 4005 606 4089 clarat,
664 4022 910 4073 aurum
965 3999 1149 4090 quod
1205 4000 1342 4072 sibi
1396 4022 1521 4091 per
1574 4002 1914 4093 Reginam
1971 4002 2213 4072 datum
2268 3980 2656 4089 asserebat,
2714 4020 2849 4091 quo
2906 4001 3126 4073 maior
3161 4001 3445 4073 daretur

335 4122 564 4194 dictis
619 4120 768 4193 suis
823 4120 1026 4207 fides,
1087 4124 1425 4207 ostentat,
1496 4121 1878 4193 arbitratus
1944 4122 2237 4212 duplum
2292 4142 2367 4193 se
2420 4120 2622 4192 illius
2678 4120 2752 4191 in
2805 4120 3191 4211 praemium
3245 4127 3440 4211 pate-

335 4243 576 4314 factae
627 4239 958 4332 perfidiae
1019 4243 1483 4331 recepturum.
1553 4240 1989 4313 Wladislaus
2045 4241 2203 4312 Rex
2258 4239 2567 4311 animum
2622 4240 2697 4311 in
2749 4245 3121 4331 utramque
3174 4245 3443 4330 partem

329 4382 632 4454 gravem
689 4366 760 4431 et
813 4359 1236 4432 immobilem
1290 4379 1571 4451 gerens,
1631 4360 1703 4430 in
1757 4360 2108 4432 homiuem
2166 4360 2572 4447 scelestum,
2630 4379 2857 4450 neque
2892 4358 3147 4430 donum
3179 4358 3265 4448 5),
3323 4380 3440 4431 ne-

332 4502 486 4573 que
548 4499 872 4570 poenam,
938 4484 1310 4571 utrumque
1375 4477 1694 4569 iniquum
1759 4477 2110 4565 iudicans,
2180 4478 2531 4565 extendit,
2600 4484 2669 4551 et
2735 4478 3047 4570 Reginae
3112 4479 3440 4551 honorem

331 4620 670 4686 servam,
729 4619 937 4690 quam
990 4599 1398 4670 nullatenus
1455 4598 1778 4687 credidit,
1837 4597 2016 4668 illud
2074 4597 2344 4669 facinus
2402 4598 2769 4689 cogitasse.
2840 4599 3149 4669 Barones
3207 4603 3442 4670 tamen

269 4702 276 4709 ’
329 4718 756 4810 Hungariae
812 4718 1179 4790 abeuntem
1235 4718 1319 4790 de
1374 4718 1591 4809 Regis
1646 4738 1918 4790 camera
1973 4719 2579 4808 comprehensum,
2636 4718 2879 4790 ferreis
2935 4716 3317 4807 forcipibus
3372 4723 3443 4789 et

327 4838 598 4933 ignitis
664 4858 904 4909 carnes
972 4858 1133 4909 suas
1189 4837 1262 4909 in
1318 4838 1599 4928 publico
1664 4839 2061 4929 spectaculo
2127 4837 2487 4924 dilaniari,
2556 4841 2625 4910 et
2680 4837 2961 4909 tandem
3013 4836 3087 4907 in
3144 4841 3443 4928 quatuor

323 4963 584 5051 partes
639 4956 889 5048 partiri
944 4957 1390 5045 mandarunt,
1450 4958 1571 5048 qui
1627 4960 1689 5030 si
1745 4958 2082 5031 mentitus
2139 4963 2277 5045 est,
2336 4957 2518 5028 nulli
2574 4957 2696 5029 alii
2728 4958 2789 5044 6)
2846 4956 3171 5045 debebat,
3232 4978 3438 5047 quam

323 5079 480 5153 sibi
541 5084 613 5149 et
667 5077 816 5149 suis
873 5076 1254 5150 mendaciis
1308 5098 1566 5168 poenas
1625 5078 1788 5149 illas
1844 5078 2243 5169 deputasse.

563 5350 608 5429 ¹)
655 5348 1004 5427 wissegrad
1051 5345 1202 5413 Cod.
1249 5348 1424 5411 Kost.
1491 5349 1544 5429 α)
1586 5350 1887 5426 proferant
1937 5346 2062 5411 Ed.
2111 5346 2293 5431 Lips.
2357 5348 2405 5428 ³)
2450 5350 2797 5425 wissegrad
2846 5344 2999 5410 Cod.
3040 5345 3218 5410 Kost.
3268 5346 3324 5426 ⁴)
3369 5348 3444 5408 de

321 5476 440 5518 suo
489 5454 620 5515 filio
670 5448 822 5515 Cod.
869 5451 1046 5515 Kost.
1097 5452 1150 5531 ⁵)
1197 5454 1448 5529 gratiam
1492 5450 1616 5514 Ed.
1665 5449 1847 5533 Lips.
1897 5450 1952 5531 ὅ)
1997 5453 2169 5513 alteri
2219 5447 2371 5515 Cod.
2416 5449 2593 5513 Kost.
