4342 6384
369 577 508 677 (A.
547 577 640 652 D.
681 574 911 678 1414.)
1583 602 1810 654 LIBER
1861 601 2321 654 unmicnws.
3314 585 3407 654 17
3430 586 3474 656 9

369 785 712 858 sidionem
769 786 1048 858 solvens
1089 785 1164 875 ¹),
1225 807 1310 860 ex
1365 807 1530 879 agro
1587 785 1832 858 hostili
1887 785 2219 874 discedit3
2277 789 2347 859 et
2398 786 2700 878 primum
2754 791 3171 859 nocturnum
3226 788 3299 859 in
3340 787 3465 862 Ri-

371 906 502 998 pin
573 927 820 997 agens,
887 926 1158 978 omnem
1233 905 1620 980 exercitum
1694 905 2047 992 licentiat,
2123 906 2245 998 qui
2310 905 2493 997 apud
2557 906 2892 980 Doninow
2955 913 3165 997 ponte
3228 906 3466 980 navali

367 1024 659 1098 flumine
713 1024 945 1097 Wisla
999 1029 1360 1116 superate,
1425 1025 1500 1097 in
1555 1047 1840 1098 suarum
1893 1025 2254 1117 regionum
2320 1047 2475 1098 oras
2530 1025 2753 1098 redire
2808 1026 3058 1118 coepit.
3134 1027 3287 1100 Rex
3344 1049 3475 1118 per

367 1143 753 1236 Przipusth
785 1143 873 1235 ²),
947 1144 1296 1234 Kowalie,
1374 1145 1785 1232 Gesthinin,
1859 1145 2161 1234 Lowicz,
2240 1145 2919 1237 Skwyernyewycze,
2996 1146 3347 1218 Inowlodz
3378 1146 3464 1236 3),

369 1267 725 1358 Opoczm,
783 1264 1068 1351 Skrzin,
1109 1264 1629 1352 Wanchoczko‚
1687 1265 1976 1337 Calvum
2013 1265 2352 1353 Mentem,
2411 1265 2768 1356 Opathow,
2826 1265 3033 1336 Anna
3068 1265 3341 1358 Regina
3395 1266 3467 1339 in

368 1385 706 1476 Opathow
761 1382 962 1456 illum
1021 1382 1444 1474 excipiente,
1501 1404 1626 1474 pro
1682 1385 1858 1456 festo
1915 1383 2242 1456 Omnium
2298 1383 2716 1456 Sanctorum
2772 1384 3283 1458 Sandomiriam
3338 1386 3457 1457 ad-

370 1505 571 1577 venit
597 1505 687 1592 ⁴).
764 1503 874 1575 Ex
930 1501 1370 1575 Sandomiria
1432 1523 1558 1594 per
1609 1502 2028 1588 Przischoxv,
2094 1503 2377 1592 Pilzn0,
2436 1503 2695 1594 Byecz,
2759 1505 3079 1591 Tuchovv,
3137 1505 3471 1596 Bochnya

366 1624 783 1716 procedenS,
841 1629 1092 1714 quarta
1127 1621 1396 1694 decima
1423 1621 1484 1710 5)
1522 1621 1942 1694 Novembris
1998 1621 2071 1695 in
2109 1622 2178 1694 N
2182 1621 2647 1714 yepolomicze
2686 1622 2997 1696 divertit.
3056 1623 3465 1698 occurrerat

365 1747 604 1816 autem
660 1741 1054 1815 Wladislao
1107 1741 1442 1814 Poloniae
1497 1741 1678 1834 Regi
1744 1741 1815 1814 in
1872 1741 2096 1832 Byecz
2163 1742 2433 1833 agenti,
2500 1741 2838 1814 Nicolaus
2894 1743 3463 1836 archiepiscopus

363 1861 830 1949 GnesnensiS,
888 1866 957 1934 et
1013 1860 1493 1954 singularibus
1549 1860 1895 1933 mandatis
1951 1864 2022 1932 et
2059 1861 2680 1947 instructionibus»,
2740 1860 2970 1952 quiet
3010 1884 3144 1952 quo
3201 1864 3464 1954 ordine,

365 1982 748 2074 qualiaque
799 1981 1006 2054 illum
1061 1987 1132 2052 et
1197 2001 1362 2053 suos
1418 1981 1722 2072 collegas
1787 1979 1860 2050 in
1914 1980 2225 2054 Concilio
2280 1979 2801 2052 Constantiensi
2858 2001 3059 2072 agere
3122 1981 3195 2054 in
3251 1984 3465 2056 eccle-

365 2101 514 2176 siae
567 2100 996 2174 universalis
1061 2105 1133 2172 et
1196 2099 1422 2192 Regni
1487 2099 1820 2172 Poloniae
1886 2100 2093 2172 rebus
2157 2104 2505 2190 oporteat,
2564 2099 2902 2190 acceptia,
2977 2100 3299 2191 pluribus
3356 2102 3463 2175 in-

361 2243 578 2314 super
630 2221 832 2292 donis
887 2225 957 2292 et
1011 2219 1349 2293 clenodiis
1406 2219 1480 2291 in
1537 2240 1736 2307 auro,
1795 2223 2106 2311 argento,
2167 2219 2469 2292 Schubis
2500 2220 2561 2306 ⁶)
2619 2218 2969 2308 vestibus,
3028 2221 3252 2312 equiS,
3311 2244 3461 2295 mu-

361 2345 688 2429 neratus,
746 2340 818 2411 in
873 2339 1351 2412 Constantiam
1406 2338 1770 2429 processit.
1848 2338 2065 2429 Quem
2120 2344 2191 2410 et
2244 2338 2370 2410 alii
2434 2338 2799 2428 pontifices
2868 2345 2939 2412 et
2992 2341 3320 2428 harenae,
3378 2343 3465 2415 ad

363 2460 764 2534 obeundum
817 2458 1276 2532 ambasiatam
1332 2459 1547 2550 Regis
1603 2463 1672 2530 et·
1720 2457 1947 2550 Regni
2002 2457 2374 2546 nominati,
2432 2458 2623 2550 Rege
2676 2458 2861 2550 apud
2894 2460 2955 2549 ⁷)
3012 2459 3463 2551 Nyepolomi-

361 2601 480 2654 eze
537 2578 915 2667 valedicto,
976 2579 1327 2669 extemplo
1367 2579 1558 2650 fuere
1586 2576 1650 2666 8)
1708 2577 1954 2650 secuti.
2010 2578 2148 2649 Pro
2188 2577 2493 2650 unienda
2529 2577 2873 2668 siquidem
2922 2582 2989 2651 et
3025 2580 3465 2654 reformanda

362 2700 664 2774 ecclesia
717 2699 846 2772 Dei
911 2698 1374 2790 quadraginta
1439 2697 1640 2770 annis
1713 2701 1783 2770 et
1837 2697 2141 2788 amplius
2198 2696 2452 2784 scissa,
2520 2695 2875 2788 variisque
2930 2704 3000 2770 et
3054 2701 3461 2773 execrandis

359 2819 737 2906 abusibuS,
779 2818 1156 2892 schismate
1194 2817 1504 2909 vigente,
1545 2818 1962 2904 deformata,
2002 2816 2389 2889 Concilium
2427 2816 2860 2907 praedictum
2896 2818 3456 2908 Constantiense,

359 2938 672 3031 propitia
725 2938 1152 3026 Divinitate,
1211 2937 1286 3010 in
1323 2943 1466 3010 tam
1521 2937 1886 3028 magnifico
1943 2940 2012 3034 et
2049 2935 2397 3028 frequenti
2453 2936 2933 3010 Praelatorum
2988 2957 3274 3011 numero
3313 2943 3461 3012 erat

359 3060 896 3151 congregatum,
971 3062 1050 3128 ut
1110 3056 1483 3149 gloriosior
1547 3056 1903 3146 Synodu8‚
1978 3076 2134 3128 cum
2201 3055 2469 3147 ingenti
2542 3056 2964 3129 solennitate
3037 3057 3319 3152 initiata
3390 3063 3461 3131 et

359 3178 795 3266 continuata,
853 3198 893 3249 a
947 3176 1194 3249 multis
1232 3177 1534 3250 saeculis
1590 3196 1728 3247 non
1781 3180 2201 3248 memoretur
2254 3181 2411 3247 acta
2448 3195 2623 3248 esse.
2681 3177 2768 3248 In
2808 3197 2946 3267 qua
3001 3181 3071 3248 et
3124 3178 3256 3250 hoc
3310 3183 3457 3250 stu-

359 3298 666 3389 pendum
723 3299 1164 3384 memoratur,
1222 3296 1407 3388 quod
1458 3316 1584 3387 pro
1638 3294 1942 3368 unienda
1997 3299 2066 3368 et
2121 3295 2557 3366 reformanda
2610 3296 2907 3368 ccclesia
2955 3297 3085 3370 Dei
3138 3298 3457 3370 certatim

360 3416 631 3510 singuli
687 3436 850 3488 suos
905 3419 1197 3487 conatus
1261 3418 1333 3486 et
1397 3414 1664 3501 studia,
1737 3413 2062 3505 passione
2127 3413 2442 3504 qualibet
2506 3413 3064 3506 circumscripta,
3133 3417 3461 3490 alacriter

359 3541 432 3610 et
485 3533 897 3608 fidelissime
954 3536 1366 3608 conferrent.
1444 3534 1641 3624 Quod
1704 3555 1860 3605 cum
1925 3532 2000 3604 in
2063 3533 2176 3606 die
2239 3533 2565 3606 Omnium
2620 3533 3032 3606 Sanctorum
3096 3534 3457 3609 initiatum

359 3658 541 3729 foret
569 3655 658 3742 ⁹),
715 3654 790 3726 in
845 3653 1380 3745 quadriennium
1435 3673 1657 3744 usque
1711 3651 2278 3744 protendebatur.
2356 3652 2851 3744 Sigismundus
2906 3658 3139 3727 autem
3196 3655 3451 3728 Roma-

359 3797 613 3848 norum
693 3777 762 3846 et
815 3773 1218 3866 Hungariae
1273 3775 1428 3846 Rex
1500 3773 1894 3864 praesentia
1959 3794 2085 3844 sua
2148 3772 2329 3844 illud
2392 3778 2463 3844 et
2525 3772 3023 3846 honestaturus
3088 3778 3157 3846 et
3211 3779 3452 3846 auctu-

358 3916 513 3983 rus,
582 3894 656 3966 in
717 3893 1048 3966 comitiva
1109 3893 1407 3967 notabili
1481 3898 1550 3966 et
1613 3898 1952 3984 apparatu
2025 3892 2394 3983 magnifico
2456 3893 2896 3984 Principum,
2970 3895 3306 3967 baronum
3384 3898 3455 3967 et

357 4015 840 4087 Praelatorum
882 4018 1025 4084 tam
1063 4012 1691 4085 ecclesiasticorum
1740 4033 1946 4104 quam
1987 4013 2485 4099 saecularium,
2545 4034 2631 4084 ex
2670 4014 3039 4106 Hungaria
3092 4014 3167 4085 in
3221 4013 3451 4086 Rheni

359 4139 430 4206 et
485 4131 899 4206 Germaniae
952 4135 1186 4222 partes
1243 4133 1699 4220 descendens,
1757 4132 1828 4203 in
1885 4131 2409 4223 Aquisgranum
2466 4132 2691 4218 venit,
2748 4133 2869 4205 ubi
2925 4133 3148 4224 prima
3203 4155 3453 4205 corona

357 4251 716 4343 imperiali
753 4274 794 4324 a
830 4251 1354 4342 Maguntinensi
1393 4251 1943 4343 archiepiscopo,
2001 4271 2158 4324 cum
2196 4273 2465 4322 summo
2522 4251 2832 4323 omnium
2886 4252 3293 4344 Principum
3324 4253 3449 4324 Al-

359 4371 682 4445 manniae
739 4373 1007 4458 favore,
1063 4376 1379 4462 accepta,
1437 4372 1510 4443 in
1567 4370 2044 4444 Constantiam
2101 4370 2422 4458 divertit,
2492 4375 2563 4444 et
2614 4392 2738 4461 pro
2798 4371 3096 4444 unienda
3150 4371 3447 4444 ccclesia

357 4491 490 4565 Dei
542 4490 888 4564 indefesso
954 4489 1188 4562 studio
1236 4491 1582 4564 laboravit
1644 4512 1866 4582 usque
1929 4492 2017 4562 ad
2061 4489 2447 4581 plenariam
2502 4491 2701 4562 illius
2749 4491 3440 4564 consummationem.

576 4777 624 4857 ¹)
669 4781 846 4839 solvit
890 4785 1068 4855 atque
1137 4773 1288 4841 Cod.
1350 4776 1542 4841 Rozr.
1613 4779 1666 4856 ⁹)
1728 4779 2018 4856 Przipuch
2091 4775 2242 4841 Cod.
2298 4777 2473 4840 Koet.
2544 4775 2601 4861 ³)
2646 4781 2974 4839 Iunowloez
3047 4773 3197 4840 Cod.
3270 4775 3445 4845 Galv.

356 4877 416 4960 ⁴)
461 4883 643 4942 venit.
713 4877 864 4944 Cod.
909 4879 1100 4944 szr.
1172 4883 1226 4961 ο)
1271 4883 1370 4943 die
1419 4885 1496 4942 14
1557 4878 1683 4943 Ed.
1730 4879 1910 4963 Lips.
1983 4879 2035 4961 ὅ)
2083 4883 2351 4958 pelliceis
2417 4879 2568 4945 Cod.
2624 4879 2815 4944 Rozr.
2888 4879 2941 4962 ⁷)
2986 4882 3047 4940 in
3092 4877 3216 4942 Ed.
3263 4877 3443 4962 Lips.

359 4982 412 5064 ⁸)
463 4989 602 5046 sunt
648 4980 800 5048 Cod.
846 4982 1038 5048 Rozr.
1087 4984 1139 5062 ⁰)
1186 4990 1344 5048 esset
1391 4982 1540 5047 Cod.
1593 4983 1781 5046 Rozr.
