4342 6384
348 576 484 680 (Α.
523 580 614 656 D.
653 578 909 679 1430.)
1517 604 1744 657 mann
1796 602 2255 659 macutus.
3286 584 3439 657 413

351 806 508 859 cum
561 787 770 860 illum
823 791 1096 860 constet
1161 785 1372 861 etiam
1439 787 1672 880 ipsum
1725 788 2203 862 Withawdum
2256 790 2521 863 Ducem
2586 790 3061 863 commendato
3128 810 3441 864 sermone

349 906 770 979 admiratum
807 906 1060 999 fuisse,
1115 906 1350 979 laudis
1387 908 1442 997 ¹)
1499 912 1794 999 quaestu
1811 964 1828 997 ,
1869 909 2080 983 etiam
2113 908 2341 982 hostis
2380 908 2811 1001 testimonio,
2870 908 3442 1001 confessioneque

351 1025 976 1118 locupletissimus.
1033 1027 1510 1119 Consul-gebat
1561 1026 1844 1100 interim
1897 1029 2096 1102 dolor
2148 1027 2529 1102 Withawdi
2585 1028 2831 1117 Ducis,
2887 1034 2959 1102 et
3004 1028 3295 1103 'morbus
3334 1029 3439 1102 in·

350 1146 714 1220 valescens
767 1147 1056 1239 cogebat
1118 1146 1322 1219 illum
1340 1200 1358 1235 ,
1425 1147 1590 1219 dum
1654 1168 1860 1220 saevo
1928 1150 2215 1222 vulnere
2278 1147 2813 1221 irremediabilis
2842 1145 2907 1237 ²)
2974 1151 3441 1240 torqueretur,

352 1284 584 1339 rerum
639 1265 1108 1339 coronationis
1147 1264 1496 1339 oblivisci.
1553 1267 1806 1358 Itaque
1853 1272 1924 1340 et
1960 1268 2241 1359 publice
2278 1272 2349 1340 et
2384 1267 2717 1359 privatim
2770 1268 3129 1359 professus
3184 1272 3327 1356 661,
3370 1288 3445 1343 66

351 1405 710 1476 nunquam
764 1384 1070 1478 amplius
1133 1383 1220 1457 de
1273 1385 1717 1459 coronatione
1779 1406 1908 1469 sua
1971 1386 2243 1479 aliquid
2296 1387 2822 1471 innovaturum:
2898 1391 2968 1460 et
3020 1386 3106 1460 de
3158 1389 3289 1459 hac
3341 1408 3441 1474 re,

353 1503 488 1577 fide
541 1510 612 1577 et
663 1504 1112 1597 responsione
1165 1503 1562 1577 wladislao
1614 1504 1950 1579 Poloniae
1987 1507 2199 1598 Regi,
2260 1506 2562 1599 Sbigneo
2618 1506 2941 1599 episcopo
2978 1505 3443 1593 cracoviensi,

356 1623 532 1697 Duci
589 1623 942 1698 Semovito
997 1623 1353 1697 Masoviae
1407 1628 1476 1698 et
1529 1623 1695 1697 aliis
1749 1624 2201 1718 Principibus
2264 1631 2335 1699 et
2388 1626 2766 1700 baronibus
2818 1626 3186 1715 Poloniae,
3244 1626 3443 1699 Wla·

354 1742 578 1816 dislao
633 1744 717 1816 de
771 1742 1058 1835 Oporow
1121 1742 1352 1837 Regni
1415 1744 1748 1817 Poloniae
1813 1744 2383 1819 vicecancellario
2438 1745 2633 1833 data,
2704 1768 2863 1838 spes
2927 1767 3201 1835 omnes,
3271 1767 3445 1837 quas

355 1868 791 1955 conceperat,
847 1862 936 1935 ad
989 1862 1270 1937 irritum
1323 1863 1733 1956 intelligens
1794 1864 2148 1951 redacta8‚
2214 1864 2497 1937 nonnisi
2560 1870 2729 1939 tunc
2782 1865 3129 1958 deposuit.
3206 1865 3445 1938 Morbo

357 1981 700 2074 siquidem
755 1982 1238 2056 discriminoso
1303 1982 1391 2055 ad
1437 1989 1730 2056 naturae
1782 1982 2343 2057 imbecillitatem
2397 1988 2659 2075 (aetate
2694 1985 2835 2058 iam
2882 1985 3067 2058 enim
3104 1984 3449 2058 inclinata

355 2105 535 2191 erat)
601 2102 963 2191 adiuncto,
1027 2102 1356 2177 resistere
1417 2123 1556 2176 non
1619 2105 1896 2193 valens,
1971 2104 2437 2197 propinquam
2500 2104 2638 2179 sibi
2700 2110 2993 2177 mortem
3057 2103 3446 2193 imminere,

357 2226 428 2295 et
479 2222 737 2297 auferri
794 2244 868 2297 se
922 2223 1006 2296 de
1061 2222 1314 2296 medio·
1336 2223 1600 2316 gloriae
1655 2224 1908 2315 spatio,
1965 2224 2383 2298 diadematis
2430 2225 2723 2298 necdum
2778 2224 2999 2297 libato
3056 2224 3448 2316 splendore,

355 2362 492 2415 non
547 2342 966 2435 ambigebat.
1049 2343 1304 2434 Itaque
1366 2343 1506 2415 iam
1579 2363 1716 2415 non
1781 2344 1866 2416 de
1928 2344 2399 2434 producenda,
2476 2344 2597 2417 sed
2666 2344 2752 2417 de
2816 2344 3203 2417 claudenda
3273 2343 3445 2430 vita,

355 2461 659 2554 cogitare
710 2461 1012 2555 primum
1067 2461 1330 2553 coepit,
1386 2466 1762 2553 postquam
1815 2461 1956 2536 iam
1993 2463 2206 2536 morti
2258 2462 2605 2536 intercedi
2636 2484 2844 2554 posse
2881 2463 3249 2536 diffideret.
3306 2463 3448 2535 Im-

355 2581 580 2673 plevit
631 2587 864 2654 autem
919 2580 1102 2655 circa
1153 2582 1360 2653 illum
1416 2580 1854 2655 Wladislaus
1907 2582 2064 2655 Rex
2119 2581 2279 2674 piae
2333 2582 2797 2655 fraternitatis
2852 2582 3125 2670 munia,
3183 2581 3447 2655 seduli-

353 2704 502 2774 tate
555 2701 826 2775 sincera
879 2700 1196 2774 assidens
1261 2704 1333 2774 61
1397 2701 1828 2794 compatiens
1891 2700 2305 2795 aegrotanti.
2384 2701 2594 2775 Feria
2648 2702 2951 2776 secunda
3012 2702 3087 2775 in
3140 2700 3447 2775 crastino

357 2820 654 2895 Sanctae
707 2820 1082 2914 Hedvigis,
1139 2822 1496 2912 praefatus
1564 2820 1912 2915 Sbigneus
1967 2822 2337 2915 episcopus
2406 2824 2477 2896 et
2540 2822 2703 2895 Dux
2760 2821 3193 2910 Semovitus,
3250 2820 3449 2893 Wla·

355 2939 626 3013 dislaus
680 2940 764 3013 de
802 2940 1092 3032 Oporow
1145 2940 1374 3033 Regni
1411 2940 1748 3013 Poloniae
1802 2940 2421 3015 vicecancellarius
2476 2961 2635 3014 cum
2670 2940 2833 3013 aliis
2886 2940 3265 3014 baronibus
3312 2940 3447 3013 Po·-

356 3058 587 3133 loniae
641 3079 728 3132 ex
781 3058 994 3132 Vilna
1047 3058 1450 3149 discedunt,
1506 3060 1581 3133 in
1635 3061 1956 3155 Regnum
2010 3060 2347 3135 Poloniae
2400 3059 2490 3133 ad
2524 3060 2743 3152 Regis
2796 3059 3167 3153 imperium
3219 3080 3449 3133 rever·

359 3178 542 3267 suri3
613 3178 781 3253 licet
844 3178 985 3270 ipsi
1053 3180 1368 3253 Praelati
1439 3184 1509 3255 et
1569 3180 1864 3253 barones
1936 3180 2304 3269 Poloniae,
2380 3185 2601 3254 morte
2672 3180 2909 3255 vicina
2930 3236 2947 3271 ,
3022 3200 3200 3272 quae
3272 3178 3453 3251 Duci

357 3298 756 3372 Withawdo
792 3297 1226 3391 imminebat,
1283 3299 1594 3392 cognita,
1633 3320 1722 3373 ne
1760 3320 1850 3373 ex
1885 3300 2273 3373 Lithuania
2322 3300 2871 3389 remitterentur,
2911 3298 3449 3373 dissuadebant:

357 3439 498 3491 non
552 3417 781 3491 valuit
835 3423 1070 3493 tamen
1123 3419 1484 3512 persuasio
1538 3440 1776 3493 eorum
1831 3420 2018 3513 apud
2053 3421 2349 3513 Regem,
2408 3440 2565 3493 cum
2612 3421 2769 3493 Rex
2823 3418 3011 3512 ipse,
3066 3418 3141 3491 in
3198 3422 3457 3491 eventu

357 3536 606 3611 mortis
661 3538 878 3612 Ducis
916 3538 1330 3629 Withawdi,
1387 3538 1736 3613 Praelatis
1792 3546 1862 3613 et
1897 3539 2277 3613 baronibus
2329 3538 2849 3632 praesentibuS,
2908 3538 3255 3611 Ducatum
3303 3537 3451 3609 Ma-

358 3678 574 3751 gnum
628 3656 1052 3732 Lithuaniae
1105 3659 1504 3733 conferendi
1557 3659 1738 3733 Duci
1792 3658 2223 3751 Switrigallo
2276 3679 2603 3752 germano
2656 3679 2783 3731 suo
2801 3714 2818 3747 ,
2874 3662 3083 3749 prout
3136 3656 3211 3729 in
3250 3657 3454 3729 corde

359 3776 864 3866 destinaverat,
921 3799 1062 3851 non
1112 3778 1370 3852 habere
1425 3800 1500 3851 se
1553 3779 1841 3853 rebatur
1892 3779 2311 3853 libertatem.
2392 3777 2896 3851 Solicitabatur
2948 3780 3021 3850 61
3071 3780 3243 3849 tunc
3298 3775 3454 3849 Sbi-

359 3918 581 3991 gneus
663 3896 1140 3972 cracoviensis
1221 3898 1590 3992 episcopus
1662 3920 1704 3971 a
1764 3899 2048 3972 Iuliana
2125 3898 2430 3972 Ducissa
2499 3901 2821 3972 consorte
2882 3895 3299 3980 Withawdi,
3374 3900 3457 3967 ut

361 4017 730 4091 thesauros
796 4018 948 4092 eius
1012 4021 1083 4092 et
1141 4018 1587 4092 nobilissima
1617 4017 1679 4108 ³)
1751 4018 1826 4090 in
1887 4039 2090 4107 auro,
2166 4023 2455 4111 argento
2473 4074 2490 4108 ‚
2562 4017 2856 4110 gemmis
2932 4019 3003 4089 61
3076 4014 3457 4088 unionibus

359 4137 708 4226 clenodia,
762 4138 972 4231 longo
1025 4142 1337 4231 tempore
1399 4138 1484 4211 ab
1541 4160 1620 4211 eo
1673 4138 2026 4230 quaesita,
2091 4138 2478 4230 susciperet
2541 4142 2611 4211 et
2664 4136 2739 4209 in
2792 4135 3157 4210 Poloniam
3212 4154 3449 4209 secum

359 4257 604 4345 ferret,
661 4264 1070 4331 servaturus
1124 4257 1256 4331 illa
1318 4280 1442 4349 pro
1497 4258 1836 4331 Ducissae
1899 4258 2251 4349 praefatae
2313 4256 2528 4331 victu·
2564 4262 2634 4330 et
2688 4258 2918 4344 statu3
2992 4258 3117 4327 aut
3170 4254 3233 4327 si
3288 4252 3457 4345 quid

358 4377 708 4466 evenerit,
766 4378 842 4451 in
895 4377 1092 4451 illam
1147 4379 1546 4452 consultum
1603 4380 1780 4451 foret
1807 4378 1871 4468 ⁴)
1929 4377 2303 4470 quicquam
2356 4376 2677 4470 gravius,
2744 4376 2819 4449 111
2870 4374 2991 4467 pia
3045 4394 3253 4466 opera
3309 4394 3455 4447 ero-

355 4501 683 4590 gaturus.
742 4498 881 4572 Sed
931 4518 1156 4590 neque
1209 4498 1284 4571 in
1337 4498 1412 4571 id
1465 4498 1728 4587 voluit,
1783 4502 2019 4571 notam
2056 4517 2327 4571 omnem
2384 4494 2789 4570 ambitionis
2842 4495 3256 4582 abhorrenS,
3296 4514 3455 4567 con-

359 4615 658 4691 sentire:
734 4617 1008 4691 veritus
1063 4638 1143 4690 eo
1198 4639 1274 4691 se
1325 4617 1606 4712 ingenio
1661 4616 1988 4693 muliebri
2040 4618 2507 4710 illaqueatum
2560 4614 2686 4705 iri,
2760 4618 3135 4707 postquam
3188 4617 3461 4687 caetera

357 4757 504 4809 non
557 4736 954 4828 proderant.

577 5006 630 5096 ¹)
675 5012 903 5090 fuitque
943 5012 1141 5074 laudis
1190 5006 1342 5076 cod.
1387 5008 1581 5074 Rozr.
1646 5006 1704 5095 ²)
1747 5012 2197 5075 immedicabilis
2246 5005 2399 5075 cod.
2431 5007 2625 5072 Rozr.
2689 5006 2743 5088 ⁸)
2788 5008 3018 5069 nobiles
3075 5002 3228 5068 0611.
3279 5000 3464 5068 Calv-

359 5110 422 5200 ⁴)
466 5116 530 5176 in
573 5115 854 5192 illamque
897 5116 1228 5178 consultum
1271 5115 1448 5177 fuerit
1501 5111 1654 5179 Oba.
1687 5112 1882 5177 Rom.
