4342 6384
828 541 977 617 282
2013 559 2242 619 61131111
2293 557 2752 619 annuemus.
3305 643 3324 662 -
3375 539 3509 642 (Α.
3549 537 3639 618 D.
3679 537 3912 642 1421.)

828 747 919 821 ad
952 747 1277 842 Regnum
1328 747 1661 822 Poloniae
1722 745 1993 820 Summi
2044 748 2411 822 Pontificis
2465 747 2756 822 Martini
2810 748 3134 822 mandato
3189 748 3699 822 transmittitur
3712 805 3730 838 ,
3785 770 3912 841 pro

827 867 1132 941 testibus
1200 887 1325 961 pro
1396 871 1595 958 parte
1665 867 1882 960 Regis
1954 872 2024 940 et
2096 868 2327 960 Regni
2396 867 2728 941 Polom'ae
2796 866 3213 958 recipiendis
3277 871 3350 940 et
3402 867 3910 940 examinandi&

830 985 1267 1059 Wladislaus
1320 986 1478 1059 Rex
1531 1007 1619 1059 ex
1672 986 2209 1078 Nyepolomiczo
2261 1008 2386 1079 per
2440 987 2652 1060 solita
2705 987 3086 1060 stationum
3139 986 3294 1059 loca
3347 987 3422 1059 in
3458 986 3912 1059 Lithuaniam

828 1105 1199 1196 processit,
1256 1109 1327 1178 et
1377 1107 1677 1178 ferarum
1711 1105 2065 1178 venationi
2101 1127 2327 1197 usque
2362 1105 2450 1178 ad
2487 1105 2638 1178 dies
2692 1105 3113 1178 Nativitatis
3149 1105 3206 1194 ¹)
3260 1104 3524 1177 Christi
3539 1161 3556 1194 ‚
3613 1105 3910 1178 111111116-

830 1223 991 1296 11166
1042 1223 1380 1297 insistens
1395 1278 1414 1313 ,
1470 1224 1653 1297 diem
1706 1223 2041 1297 Natalitii
2096 1224 2486 1298 Salvatoris
2539 1225 2724 1316 apud
2753 1223 2816 1315 ²)
2869 1225 3146 1317 Trokky
3200 1224 3602 1299 celebravit.

832 1573 1103 1646 1611111161
1156 1573 1463 1663 Kropidlo
1513 1573 2038 1646 wladislaviemi
2092 1573 2395 1663 episcopo
2447 1572 2742 1644 succedit
2783 1573 3103 1645 lohannes
3144 1572 3318 1645 Pella
3363 1572 3444 1644 116
3488 1571 3914 1662 henach.

1041 1817 1391 1891 Iohannes
1454 1817 2068 1891 wladislaviensis
2133 1817 2534 1909 episcopua,
2601 1817 3000 1909 appellatus
3065 1813 3406 1907 Kropidlo
3422 1871 3440 1904 ,
3515 1815 3917 1907 Opoliensis

836 1936 1033 2024 Dux,
1090 1955 1249 2007 cum
1303 1935 1505 2008 annis
1559 1935 1817 2027 viginti
1870 1939 1939 2008 et
1992 1956 2131 2008 uno
2183 1935 2260 2008 in
2311 1935 2892 2008 wladislaviensi
2945 1933 3240 2008 ecclesia
3292 1933 3620 2024 sedisset,
3675 1935 3752 2008 in
3790 1955 3910 2026 op-

840 2053 1005 2144 pido
1060 2074 1186 2126 suo
1241 2052 1459 2144 Opole
1488 2051 1551 2144 ³)
1604 2055 1779 2135 feria
1832 2053 2135 2127 secunda
2187 2057 2350 2145 post
2383 2051 2817 2127 Dominicam
2853 2054 3146 2126 Laetare
3181 2052 3508 2141 moritur,
3555 2057 3627 2128 et
3661 2053 3738 2124 in
3775 2073 3918 2124 mo-

838 2171 1147 2244 nasterio
1214 2173 1505 2244 fratrum
1569 2172 2137 2246 Praedicatorum
2200 2172 2511 2247 eiusdem
2575 2172 2971 2264 Opoliensis
3045 2171 3284 2264 oppidi
3359 2171 3720 2264 sepelitur.
3795 2169 3924 2242 Cui

845 2309 972 2379 per
1044 2288 1453 2363 electionem
1523 2290 1923 2364 canonicam
1997 2296 2066 2364 et
2126 2290 2392 2383 regiam
2463 2291 3062 2384 suffragationem,
3147 2291 3492 2363 Iohannes
3562 2289 3766 2364 Pella
3835 2289 3920 2362 de

844 2407 1285 2501 Nyewyosch
1311 2411 1376 2500 ⁴)
1448 2409 1899 2502 Praepositus
1952 2408 2569 2499 Kruszwiciensis,
2649 2408 2908 2482 nobilis
2974 2409 3058 2482 de
3110 2409 3309 2481 domo
3388 2409 3918 2500 Pomyanowye,

844 2525 1047 2618 (licet
1098 2527 1443 2601 Martinus
1498 2529 1691 2621 Papa
1741 2528 2033 2620 quintus
2086 2528 2420 2602 Iacobum
2480 2529 2887 2602 Plocensem
2950 2527 3352 2619 episcopum
3416 2528 3794 2600 transferre
3848 2526 3922 2598 in

843 2645 1043 2718 illam
1093 2645 1584 2736 deliberasset)
1640 2647 1972 2721 succedit.
2027 2647 2384 2721 coemerat
2437 2650 2671 2720 autem
2723 2647 3082 2738 praefatus
3135 2646 3484 2719 Iohannes
3537 2644 3922 2718 Wladisla·

844 2764 1112 2839 11611616
1166 2765 1532 2858 episcopus
1590 2767 1719 2839 sub
1773 2771 2113 2859 tempore,
2174 2786 2308 2857 quo
2361 2787 2486 2858 pro
2525 2765 2918 2840 Gnesnensi
2965 2765 3259 2838 ecclesia
3305 2769 3375 2838 et
3411 2765 3564 2837 eius
3601 2763 3766 2838 sede
3799 2765 3923 2835 ha-

843 2884 1056 2957 bebat
1106 2883 1451 2977 litigium,
1514 2904 1639 2976 pro
1694 2889 1885 2958 certa
1941 2885 2278 2977 pecuniae
2309 2884 2371 2975 5)
2426 2905 2697 2957 61116166
2757 2884 2833 2956 16
2897 2882 3187 2958 civitate
3256 2881 3834 2956 wratislaviensi
3862 2881 3924 2970 ⁶)

844 3001 1125 3074 domum
1162 3001 1507 3096 insignem
1541 3006 1883 3075 muratam
1898 3057 1917 3092 ,
1969 3023 2129 3076 cum
2163 3003 2436 3095 aliquot
2471 3002 2912 3076 domunculis
2949 3001 3504 3090 collateralibus,
3559 3021 3776 3093 prope
3812 3019 3922 3075 ec-

848 3119 1137 3193 clesiam
1194 3120 1437 3194 Sancti
1492 3121 1829 3209 Mathaei,
1901 3141 2026 3213 pro
2090 3121 2427 3195 fratribus
2481 3124 2552 3194 et
2601 3120 2974 3214 nepotibus
3029 3120 3178 3194 suis
3231 3120 3542 3193 Ducibus
3598 3118 3924 3212 Opoh'en-

852 3236 1049 3310 sibus
1104 3257 1184 3312 ea
1238 3238 1633 3311 conditione
1652 3295 1668 3328 ,
1721 3242 1804 3312 ut
1856 3240 1921 3312 si
1972 3240 2246 3332 quando
2303 3240 2519 3332 stirps
2556 3240 2946 3313 masculina
2981 3239 3253 3312 Ducum
3290 3237 3769 3330 Opoliensium
3808 3237 3926 3309 de-

850 3356 1115 3445 ficeret,
1171 3356 1415 3430 nullus
1470 3357 1653 3429 alius
1705 3356 1849 3430 nisi
1903 3358 2468 3450 archiepiscopus
2523 3363 2595 3432 et
2648 3357 2942 3431 ecclesia
2993 3357 3420 3432 Gnesnensis
3485 3356 3934 3430 succederent

847 3478 1183 3567 perpetuo
1240 3475 1315 3551 in
1368 3476 1569 3550 domo
1623 3476 1882 3551 eadem.

1083 3823 1332 3896 seditio
1374 3825 1591 3913 populi
1637 3828 1708 3897 ot
1750 3824 1987 3897 caedes
2027 3825 2442 3914 Prusensium
2483 3825 2816 3897 consulum
2857 3827 3118 3914 proptor
3161 3823 3439 3896 schism
3481 3825 3731 3895 secuta.

1059 4066 1519 4142 Insolentiam
1556 4067 1891 4141 Iohannis
1930 4067 2252 4141 monachi
2296 4073 2658 4159 apostatae
2693 4088 2782 4140 ex
2819 4067 3060 4141 ordine
3105 4068 3934 4154 Prasmonstratensium,

855 4185 979 4277 qui
1032 4187 1107 4258 in
1158 4206 1360 4259 omne
1414 4188 1642 4259 scelus
1696 4186 1926 4259 audax
1982 4190 2054 4260 et
2108 4186 2572 4260 seditionibus
2625 4186 2958 4280 insignia,
3014 4207 3095 4260 66
3148 4189 3517 4277 propterea
3550 4186 3934 4260 haeretico-

854 4324 1011 4376 rum
1066 4305 1269 4377 facile
1320 4304 1647 4396 princeps
1671 4359 1688 4394 ,
1747 4305 2088 4396 plurimos
2142 4305 2466 4379 facundia
2513 4325 2680 4379 suae
2714 4305 2998 4398 linguae
3036 4304 3334 4378 faciebat
3367 4304 3706 4393 insanire,
3762 4305 3933 4376 Pra-

854 4443 1106 4516 genses
1137 4421 1201 4512 ⁷)
1255 4423 1577 4495 consules
1632 4442 1770 4494 non
1824 4424 2155 4513 ferentes,
2215 4443 2372 4496 eum
2421 4423 2496 4495 in
2529 4423 2958 4516 praetorium
3012 4443 3375 4512 vocavere,
3433 4427 3504 4496 et
3553 4443 3804 4496 novem
3841 4422 3936 4494 si-

857 4541 1007 4613 mul
1064 4541 1405 4613 scelerum
1459 4539 1843 4631 principes,
1900 4545 2234 4634 tanquam
2289 4542 2376 4614 de
2409 4563 2484 4615 re
2519 4543 2804 4634 publica
2848 4562 3006 4615 curn
3059 4541 3173 4614 his
3227 4541 3500 4632 aliquid
3551 4541 3778 4614 acturi
3833 4543 3933 4611 fo-

854 4663 1045 4748 rent,
1100 4659 1544 4732 intromissos
1572 4657 1661 4748 ⁸),
1718 4659 1958 4731 statim
2010 4665 2508 4752 percusserunt
2542 4661 2808 4753 gladio:
2867 4663 2938 4734 et
2984 4659 3188 4752 quasi
3231 4659 3418 4732 nihil
3453 4663 3684 4733 actum
3724 4663 3935 4748 esset,

858 4781 1175 4870 pacatam
1229 4776 1592 4850 civitatem
1646 4777 2001 4868 arbitrati,
2067 4779 2306 4852 domos
2360 4779 2659 4870 quisque
2713 4799 2876 4852 suas
2928 4778 3362 4870 repetierunt
3387 4778 3476 4868 ⁹).
3541 4779 3646 4850 Re
3701 4783 3937 4850 autem

857 4898 1150 4988 vulgata
1202 4895 1291 4968 ad
1340 4894 1709 4987 populum,
1768 4898 2118 4970 tumultus
2174 4918 2211 4971 e
2265 4895 2567 4990 vestigio
2631 4899 2892 4986 factus,
2959 4897 3282 4969 invasum
3336 4901 3408 4970 et
3460 4901 3944 4988 expugnatum

1075 5180 1121 5262 ¹)
1166 5183 1510 5244 Nativitatis
1554 5181 1725 5245 deest
1766 5181 1841 5244 in
1887 5177 2038 5245 Cod.
2088 5177 2264 5246 Oalv.
2313 5181 2366 5263 ¹)
2395 5184 2458 5244 111
2492 5177 2644 5246 Cod.
2676 5181 2868 5246 Rozr.
2915 5181 2968 5265 ⁸)
3000 5183 3271 5260 Oppolye
3304 5177 3456 5245 God.
3485 5179 3678 5244 Rozr.
3713 5179 3770 5264 ⁴)
3799 5183 3920 5244 Nic

860 5284 1179 5345 nicwiesch
1241 5278 1393 5345 Coa.
1452 5279 1628 5348 Kost.
1692 5283 1743 5365 ⁸)
1788 5285 2165 5362 pecuniarum
2235 5283 2387 5346 eod.
2446 5282 2641 5347 Rozr.
2703 5283 2755 5365 ⁰)
2801 5285 3284 5345 wladislaviensi
3331 5279 3482 5345 cod.
3527 5281 3722 5345 Rozr.
3783 5282 3836 5363 ⁷)
3882 5285 3946 5344 id

860 5387 1194 5461 Pragenses
1246 5383 1400 5448 eod.
1446 5377 1644 5449 Rozr.
1692 5385 1744 5466 ⁸)
1788 5405 1859 5447 ac
1900 5387 2268 5448 intromissos
2315 5381 2467 5448 Cod.
2512 5385 2704 5449 Rozr.
2753 5385 2809 5466 ‘)
2855 5387 3109 5463 repetiit.
3157 5381 3308 5448 cod.
3337 5383 3532 5449 Rozr.
