4342 6384
329 574 465 678 (Α.
495 576 586 650 D.
628 573 883 674 1439.)
1501 596 1729 650 mmm
1780 598 2294 653 nuonncnmS.
3282 583 3426 657 611

326 789 719 858 accesserat
773 785 948 857 illuc
1004 785 1353 858 Iohannes
1408 784 1830 857 Tarentinus
1886 785 2480 879 archiepiscopus»,
2549 794 2804 880 expost
2855 789 2931 863 in
2987 789 3431 864 cardinalem

324 909 725 1001 promotu8‚
786 905 1026 977 volens
1083 903 1265 976 inter
1321 909 1657 996 utrosque
1714 904 2041 978 mediare.
2096 906 2282 978 Dum
2338 911 2575 981 autem
2612 912 2848 1000 partes
2886 910 3130 984 ambae
3165 909 3242 983 in
3284 911 3428 983 Lu-

324 1027 595 1118 bowlya
649 1024 901 1117 oppido
958 1024 1450 1098 convenissent
1502 1029 1573 1097 et
1627 1022 1876 1097 multis
1930 1024 2181 1099 diebus
2217 1028 2303 1100 de
2340 1048 2510 1120 pace
2548 1032 2930 1102 tractatum
2975 1033 3201 1121 esset,
3263 1031 3428 1104 dum

324 1147 478 1220 sine
531 1145 931 1238 praesentia
984 1147 1253 1238 Regum
1310 1149 1500 1218 certa
1554 1149 1624 1218 et
1678 1146 2116 1220 commodosa
2154 1147 2208 1237 ¹)
2263 1169 2404 1240 pax
2461 1149 2784 1223 concludi
2857 1171 2996 1223 non
3064 1155 3304 1242 posset
3332 1149 3422 1242 ²),

324 1273 570 1361 treuga.
632 1265 958 1358 ampliori
1021 1267 1327 1354 firmata,
1396 1265 1547 1339 dies
1612 1264 2033 1340 Nativitatis
2101 1269 2402 1343 Sanctae
2467 1269 2728 1343 Mariae
2782 1291 2907 1363 pro
2966 1271 3427 1347 conventione

320 1388 677 1481 personali
728 1389 1003 1480 Regum
1057 1386 1465 1479 designatus
1530 1391 1599 1462 et
1652 1388 2024 1460 conclusus
2079 1393 2219 1478 est,
2276 1389 2380 1462 ita
2431 1395 2516 1463 ut
2567 1390 2724 1464 Rex
2778 1391 3114 1466 Poloniae
3168 1391 3245 1465 in
3299 1415 3421 1485 op—

320 1510 566 1602 pidum
632 1531 835 1582 suum
902 1510 1160 1601 Byecz,
1227 1508 1381 1580 Rex
1448 1527 1612 1580 vero
1682 1508 2087 1600 Hungariae
2143 1509 2218 1582 in
2272 1509 2604 1602 oppidum
2670 1532 2876 1583 suum
2941 1512 3330 1604 Barduyow'
3361 1512 3423 1603 ³)

322 1630 849 1717 descenderent,
926 1633 1177 1720 expost
1248 1628 1321 1700 in
1376 1627 1615 1721 aliquo
1680 1629 1832 1701 loco
1895 1629 2310 1703 intermedio
2395 1630 2830 1704 conventuri.
2892 1631 3245 1723 Apparuit
3300 1655 3421 1706 au-

319 1756 461 1823 tem
516 1757 685 1823 tunc
741 1751 951 1823 stella
1004 1753 1307 1823 cometes
1361 1749 1547 1822 inter
1592 1749 2037 1822 Occidentem
2092 1756 2162 1823 et
2218 1751 2613 1840 Meridiem,
2679 1753 2969 1826 caudam
3037 1756 3108 1825 et
3171 1752 3422 1828 faciem

320 1873 407 1944 ad
462 1871 821 1945 Meridiem
878 1870 1220 1963 dirigeuS,
1280 1875 1349 1944 et
1401 1870 1684 1944 duravit
1746 1869 1927 1942 citra
1955 1870 2017 1959 4)
2074 1893 2293 1944 unum
2357 1891 2700 1961 mensem,
2769 1871 3229 1947 mutationem
3285 1874 3420 1949 Re-

316 2013 645 2084 gnorum,
712 1990 1013 2066 Romani
1080 1989 1439 2079 videlicet,
1506 1990 1913 2084 Hungariae
1970 1995 2040 2064 et
2095 1991 2489 2081 Bohemici,
2559 1997 2849 2068 mortem
2917 2013 3081 2066 vero
3135 1993 3419 2086 propin-

318 2134 527 2204 quam
581 2112 861 2186 Alberti
916 2113 1389 2186 Romanorum
1444 2116 1514 2184 et
1568 2111 1973 2210 Hungariae
2028 2112 2246 2206 Regis
2302 2134 2428 2185 suo
2485 2117 2738 2187 exortu
2789 2113 3236 2206 portendens.

490 2470 777 2542 schism
820 2470 888 2540 in
934 2469 1213 2541 concilio
1257 2467 1624 2540 Basilionsi.
1668 2467 1829 2542 Unio
1874 2466 2200 2540 Ecclesiae
2245 2467 2587 2542 orientalis
2633 2486 2776 2542 oum
2819 2470 3232 2544 occidentali.

522 2720 666 2794 Sub
723 2719 905 2791 idem
963 2725 1239 2810 tempus
1295 2716 1653 2809 Eugenius
1708 2717 1901 2806 Papa
1955 2719 2250 2807 quartus
2304 2697 2688 2808 plurimum
2725 2738 2882 2790 cum
2921 2717 3232 2792 Concilio
3273 2720 3409 2792 Ba—

314 2839 590 2913 siliensi
644 2841 727 2912 de
783 2836 1331 2930 praeeminentia
1384 2835 1852 2924 dissidebant,
1911 2857 2039 2909 nec
2092 2836 2380 2909 deerant
2416 2837 2700 2929 utrique
2738 2837 3164 2912 fortissimae
3199 2839 3411 2913 ratio-

313 2984 435 3036 nes
493 2959 930 3053 ingeniorum
987 2956 1366 3030 altitudine
1420 2957 1495 3028 in
1550 2977 1747 3028 suam
1805 2954 2200 3047 opinionem
2257 2960 2598 3030 attractae
2628 2956 2716 3046 5).
2775 2958 3146 3031 Tractabat
3182 2960 3412 3054 Euge-

319 3082 480 3155 nius
545 3082 618 3154 in
674 3081 963 3154 civitate
1028 3077 1441 3152 Florentina
1503 3077 1867 3150 orientalis
1931 3076 2290 3151 Ecclesiae
2353 3099 2511 3150 cum
2574 3077 2990 3151 occidentali
3052 3079 3410 3154 unionem:

312 3225 471 3275 nam
529 3205 598 3276 et
652 3203 1045 3293 Imperator
1116 3204 1186 3272 et
1240 3198 1651 3272 Patriarcha
1714 3196 2536 3290 Constantinopolitanus
2591 3204 2664 3272 et
2717 3218 2954 3272 omnes
3012 3199 3316 3274 Graecae
3345 3200 3409 3289 ⁰)

310 3322 743 3397 obedientiae
807 3319 1117 3394 Praelati
1181 3318 1477 3393 maiores
1539 3317 2007 3410 personaliter
2068 3319 2503 3391 Florentiam
2566 3319 2640 3390 in
2701 3319 3043 3411 praedicti
3109 3320 3412 3414 Eugenii

306 3443 561 3538 galeiS,
620 3440 948 3534 expensis
1004 3445 1074 3514 et
1129 3439 1465 3532 impensis
1532 3442 1898 3525 venerant,
1966 3438 2087 3530 qui
2150 3459 2276 3530 per
2331 3459 2495 3512 suos
2551 3443 2862 3514 oratores
2925 3439 3274 3514 notabiles
3332 3441 3406 3515 in

306 3563 693 3639 Concilium
748 3561 987 3635 venire
1043 3560 1439 3634 Basiliense
1494 3581 1620 3652 per
1671 3559 1905 3633 bullas
1961 3580 2208 3632 aureas
2265 3558 2480 3632 etiam
2517 3559 2908 3634 iuramento
2946 3561 3258 3634 firmatas
3295 3582 3403 3634 re-

304 3685 788 3779 promiserant.
846 3682 1030 3754 Dum
1085 3680 1304 3774 igitur
1356 3680 1760 3754 huiusmodi
1815 3683 2238 3753 tractaretur
2299 3679 2498 3766 unio,
2568 3678 2956 3755 Concilium
3012 3679 3407 3755 Basiliense

304 3807 391 3880 ad
446 3803 951 3897 depositionem
1008 3822 1205 3874 suam
1261 3801 1659 3893 procedere,
1719 3806 1789 3874 et
1842 3821 2001 3873 eum
2036 3820 2163 3892 per
2198 3799 2524 3890 publicas
2555 3799 2926 3873 citationes
2965 3819 3214 3874 vocare
3250 3822 3402 3874 coe-

301 3926 439 4018 pit:
498 3925 754 4018 quibus
808 3923 962 4015 ipse
1016 3921 1337 3995 irritatus
1392 3921 1776 3995 Concilium
1831 3919 2194 4008 dissolvit,
2252 3925 2321 3993 et
2357 3919 2661 4012 primum
2698 3919 2771 3993 in
2811 3921 3240 4008 Ferrariam,
3281 3921 3406 3994 ubi

302 4053 471 4120 tunc
524 4044 827 4119 habebat
880 4041 1177 4130 curiam,
1234 4047 1307 4114 et
1357 4041 1480 4115 ubi
1536 4040 1782 4116 Graeci
1836 4040 2139 4132 primum
2185 4039 2686 4113 descenderant
2739 4060 2826 4114 ex
2869 4039 3220 4130 Venetiis,
3277 4041 3398 4115 de-

298 4168 463 4240 inde
514 4165 589 4238 in
643 4164 1077 4238 Florentiam
1144 4161 1536 4236 transtulit.
1602 4162 1691 4244 In
1753 4160 2060 4234 Concilio
2124 4179 2288 4233 vero
2354 4158 2738 4234 Basiliensi
2801 4159 3175 4234 dissidium
3232 4162 3392 4234 hor-

298 4288 589 4362 rendum
642 4289 1088 4378 provenerat:
1147 4305 1308 4356 nam
1361 4283 1439 4355 hi
1493 4282 1616 4374 qui
1670 4280 1997 4355 favebant
2051 4279 2366 4373 Eugenio
2424 4285 2495 4352 et
2547 4278 2820 4353 nationi
2883 4280 3214 4369 Italicae,
3269 4300 3396 4373 pro

298 4411 535 4480 futuro
590 4405 900 4481 Concilio
954 4425 1079 4496 pro
1134 4404 1391 4477 unione
1429 4403 1881 4489 Graecorum,
1927 4400 2284 4494 eligebant
2321 4399 2754 4474 Florentiam
2808 4401 2924 4474 vel
2979 4399 3277 4474 Utinum
3308 4401 3396 4490 ⁷);

294 4529 429 4602 alii
482 4550 679 4615 vere,
738 4526 861 4618 qui
914 4531 1111 4599 erant
1166 4524 1303 4597 sibi
1343 4523 1586 4597 infesti
1624 4527 1693 4596 et
1730 4521 2000 4595 nationi
2041 4522 2370 4595 favebant
2407 4521 2845 4609 Gallicanae,
2904 4519 3180 4612 eligunt
3215 4519 3392 4592 Avi-

292 4650 605 4736 nionem,
664 4651 733 4722 et
785 4645 861 4719 in
915 4667 1054 4718 nna
1110 4643 1417 4718 sessione
1472 4642 1824 4736 quaelibet
1858 4663 2022 4735 pars
2060 4662 2268 4714 suum
2303 4639 2713 4734 pronuntiat
2777 4644 2848 4714 et
2891 4638 3210 4732 publicat
3267 4641 3388 4712 de-

292 4777 596 4858 cretum,
654 4789 791 4840 non
848 4767 999 4839 sine
1054 4786 1303 4858 magno
1360 4765 1685 4837 scandalo
1741 4767 1811 4836 et
1865 4761 2245 4851 discordia,
2313 4761 2516 4853 quasi
2578 4764 2864 4853 putares
2917 4781 3127 4832 unam
3183 4759 3396 4833 alteri

292 4891 443 4964 vim
498 4889 754 4962 inferre
807 4886 1085 4975 debere,
1145 4907 1322 4978 quae
1376 4885 1639 4976 absque
1692 4882 1903 4957 dubio
1959 4883 2165 4956 illata
2218 4881 2503 4970 fuisset,
2558 4879 2703 4954 nisi
2747 4879 3003 4953 civitas
3041 4877 3390 4952 Basih'en-

293 5011 397 5084 sis
434 5013 701 5082 armata
738 5005 1050 5081 venisset
1085 5006 1161 5079 in
1198 5004 1563 5081 ecclesiam
1601 5009 1671 5078 et
1704 5025 1945 5096 pacem
1982 5001 2474 5096 persuasisset.
2531 5001 2648 5075 Ita
2681 4997 2924 5074 Latini
2968 4998 3136 5073 dum
3173 4999 3387 5073 Grae-

513 5283 561 5367 ¹)
608 5285 912 5346 commoda
954 5281 1081 5345 Ed.
1128 5280 1307 5366 Lips.
1358 5280 1406 5360 ²)
1452 5298 1569 5342 non
1614 5285 1811 5357 potest
1852 5275 1978 5342 Ed.
2024 5275 2208 5361 Lips.
2271 5275 2325 5355 ³)
2370 5276 2644 5338 Bardiow
2696 5269 2849 5337 Coa.
2895 5270 3074 5336 Kost.
3131 5268 3186 5351 ⁴)
3233 5271 3393 5334 circa

286 5386 419 5464 Ed.
467 5387 648 5484 Lips.
698 5386 751 5468 ⁸)
794 5393 1098 5464 tractatae,
1142 5383 1271 5458 Ed.
1320 5382 1499 5468 Εὗρε.
1547 5381 1601 5462 ⁸)
1648 5387 1859 5462 gentes
1900 5379 2027 5444 Ed.
2073 5379 2256 5482 Lips.
2307 5377 2362 5460 ⁷)
2405 5379 2693 5458 Urbinum
2741 5371 2895 5452 Cod.
2949 5372 3128 5454 Kost,
