4342 6384
858 611 905 686 8
2068 633 2296 689 mnan
2347 617 2805 690 uunncmus.
3427 607 3562 713 (Α.
3601 609 3692 686 D.
3715 605 3960 714 mog)

972 931 1223 1003 Erectio
1266 932 1613 1021 hospitalis
1658 934 1728 1002 ot
1772 931 2153 1003 monasterii
2200 931 2444 1003 ordinis
2487 932 3150 1004 Pracmonstratcnsis
3193 934 3262 1004 in
3308 932 3486 1004 Non
3531 933 3842 1007 Sandocz.

1064 1178 1398 1252 Precibus
1453 1183 1525 1251 et
1576 1178 2097 1270 multiplicibus
2152 1179 2517 1251 instantiis
2570 1179 3008 1252 wladislaus
3064 1179 3398 1253 Poloniae
3445 1179 3601 1253 Rex
3639 1180 3770 1253 sub
3809 1181 3954 1253 (113-

848 1298 1013 1387 11113,
1072 1298 1327 1390 quibus
1382 1299 1455 1371 in
1509 1298 1713 1372 Nova
1768 1299 2074 1372 Sandecz
2130 1300 2412 1392 agebat,
2476 1299 2717 1372 fratris
2771 1299 3110 1370 Iohannis
3164 1300 3249 1371 (13
3303 1299 3642 1373 Bohemia
3661 1355 3680 1388 ‚
3749 1321 3951 1392 prae-

854 1417 1185 1491 dicatoris
1240 1418 1384 1508 sui,
1442 1418 1579 1490 viri
1631 1419 1949 1512 religiosi
2005 1424 2076 1492 et
2128 1418 2550 1510 exemplaris
2613 1419 2698 1490 de
2753 1418 3435 1492 Prasmonstratensi
3497 1420 3769 1508 ordine,
3832 1420 3956 1510 qui

852 1558 979 1628 pro
1031 1538 1157 1610 illo
1215 1541 1523 1630 tempore
1574 1559 1773 1612 rarae
1827 1539 2229 1612 sanctitatis
2286 1539 2397 1611 vir
2449 1538 2866 1626 habebatur,
2926 1543 2998 1610 et
3052 1538 3175 1629 qui
3227 1538 3436 1611 verbo
3485 1559 3654 1612 suae
3692 1540 3956 1613 doctri-

850 1677 981 1729 nae
1036 1661 1107 1730 et
1160 1658 1349 1730 vitae
1412 1656 1837 1732 arctitudine
1908 1660 2169 1730 multas
2241 1659 2542 1732 virtutes
2606 1657 2682 1730 in
2743 1658 3078 1730 Poloniae
3149 1658 3394 1750 Regno
3465 1659 3944 1750 plantaverat,

852 1797 1264 1867 persuasus,
1323 1778 1572 1850 fundat
1624 1778 2122 1850 monasterium
2179 1799 2304 1851 seu
2355 1777 2708 1869 hospitale
2764 1776 3009 1850 Sancti
3063 1777 3374 1868 Spiritus
3422 1779 3496 1850 111
3534 1779 3738 1851 Nova
3777 1779 3954 1852 San-

856 1896 1053 1984 decz,
1110 1897 1195 1969 de
1250 1897 1485 1970 eodem
1542 1896 1781 1968 ordine
1834 1897 2550 1985 Praemonstratensi,
2608 1901 2678 1970 et
2732 1896 2846 1969 illi
2898 1917 3021 1988 pro
3061 1896 3222 1968 dote
3261 1897 3511 1969 villam
3549 1919 3704 1970 sum
3743 1900 3954 1970 Dam-

856 2015 1167 2104 browka‚
1234 2016 1403 2088 item
1467 2016 1725 2108 viginti
1789 2037 2055 2088 marcas
2120 2037 2372 2089 census
2435 2017 2651 2089 annui
2704 2015 2779 2088 in
2815 2015 3080 2107 Zuppis
3144 2015 3661 2089 Vielicensibus
3727 2017 3954 2090 consi-

858 2139 1058 2226 gnat,
1116 2135 1570 2227 abbatemque
1624 2135 1699 2219 in
1734 2135 1862 2208 illo
1899 2125 2280 2208 infulatum
2325 2135 2673 2224 instituit,
2739 2135 3116 2226 hospitalis
3170 2136 3590 2209 monasterio
3637 2135 3954 2227 contigui

860 2258 932 2327 et
986 2255 1244 2326 annexi
1298 2260 1369 2328 et
1422 2255 1931 2328 miserabilium
1985 2275 2438 2347 personarum
2493 2256 2566 2328 in
2620 2255 2746 2328 illo
2803 2255 3207 2348 degentium
3261 2277 3500 2329 curam
3539 2259 3610 2328 et
3642 2255 3956 2347 regimen

860 2372 1289 2447 habiturum.

856 2725 1249 2799 wladislaus
1290 2726 1457 2813 Rex,
1502 2727 1839 2816 imperatis
1883 2731 2111 2799 contra
2156 2727 2510 2798 cruciferos
2555 2728 2778 2814 armis,
2823 2727 3212 2817 praesidium
3256 2727 3668 2816 metuendis
3711 2727 3953 2800 finibus

1883 2846 2087 2936 ungui
2133 2847 2214 2917 ab
2259 2847 2581 2936 Hungaria
2625 2847 2922 2919 collocat.

1068 3093 1513 3184 Perpendens
1566 3092 2005 3164 Wladislaus
2059 3093 2394 3166 Poloniae
2433 3093 2620 3181 Rex,
2663 3093 2846 3184 quod
2900 3095 3099 3165 nulla
3135 3094 3272 3166 sibi
3311 3095 3395 3167 de
3429 3095 3748 3167 habenda
3782 3116 3953 3187 pace

856 3232 1015 3284 cum
1068 3211 1437 3284 cruciferis
1474 3232 1633 3302 spes
1669 3216 1997 3300 restaret,
2054 3212 2374 3285 omnibus
2426 3212 2836 3300 baronibus,
2895 3212 3244 3286 militibus
3309 3218 3379 3286 et
3409 3213 3738 3287 'subditis
3795 3215 3937 3288 Re-

857 3331 981 3423 gni
1018 3331 1130 3402 sui
1166 3332 1501 3405 Poloniae
1556 3337 1627 3405 et
1678 3332 2139 3404 dominiorum
2197 3331 2420 3404 eidem
2475 3332 2980 3420 subiectorum,
3037 3353 3228 3404 arma
3273 3353 3634 3424 capessere
3675 3340 3946 3406 313311-

860 3458 973 3525 tra
1010 3451 1397 3526 Cruciferos
1451 3453 1525 3525 in
1572 3453 1934 3524 Prussiam
1978 3452 2380 3543 procedere,
2438 3452 2675 3524 miss-is
2712 3452 2940 3525 literis
2978 3457 3049 3525 et
3085 3453 3389 3526 restibus
3429 3455 3507 3542 ¹),
3565 3455 3945 3546 praecepit.

858 3574 1120 3646 Volens
1174 3595 1337 3647 vero
1392 3575 1566 3646 fines
1622 3573 1851 3664 Regni
1906 3571 2020 3644 sni
2074 3572 2158 3644 ab
2215 3572 2580 3665 Hungaria
2627 3571 3023 3662 relinquere
3073 3593 3383 3660 securos,
3440 3574 3826 3647 Iohannem
3853 3575 3950 3646 de

858 3693 1323 3785 Sczekocziny
1376 3693 1838 3765 castellanum
1892 3691 2426 3781 Lublinensem,
2483 3693 2570 3764 de
2618 3693 2816 3787 domo
2867 3691 3331 3765 Odrowansch
3360 3692 3422 3783 2)
3477 3695 3815 3782 11111113111,
3874 3694 3950 3766 111

857 3813 1109 3904 oppido
1164 3818 1234 3884 et
1287 3816 1515 3885 castro
1572 3810 2037 3884 Sandeczensi
2092 3811 2533 3903 capitaneum
2586 3812 2907 3903 reliquit,
2967 3817 3037 3884 31
3091 3833 3328 3884 31111133
3391 3813 3654 3887 milites
3711 3814 3796 3886 (13
3833 3815 3944 3886 (11-

859 3931 1224 4004 strictibus
1299 3931 1759 4004 Sandeczensi
1830 3936 1900 4004 31
1972 3930 2387 4004 Gziriczensi
2418 3930 2505 4020 ³),
2579 3932 2748 4004 item
2819 3932 3085 4004 milites
3149 3933 3231 4006 de
3285 3937 3472 4006 terra
3539 3935 3952 4025 Byeczensi‚

860 4073 1070 4144 quam
1124 4055 1294 4124 tunc
1348 4052 1649 4124 Thomas
1702 4051 2027 4143 episcopo
2082 4051 2413 4143 Agriensi
2467 4056 2537 4124 et
2591 4052 2790 4124 fratri
2846 4073 2972 4123 suo
3009 4052 3336 4124 Ladislao
3374 4053 3459 4126 (13
3497 4054 3824 4126 Lndoncz
3855 4054 3954 4143 ⁴),

860 4194 903 4244 a
939 4171 1115 4244 facie
1169 4170 1605 4263 Sigismundi
1640 4171 2048 4264 Hungariae
2084 4171 2301 4264 Regis
2341 4172 2807 4264 fugientibus,
2865 4172 3150 4245 dederat
3187 4173 3261 4244 in
3297 4177 3646 4262 tenutam,
3690 4195 3732 4244 a
3767 4174 3956 4245 Pru-

859 4292 1139 4365 thenica
1194 4290 1637 4382 expeditione
1694 4291 2063 4363 absolvens
2094 4291 2181 4381 5),
2239 4291 2313 4363 in
2369 4291 2702 4364 solatium
2733 4292 2795 4382 6)
2851 4292 3277 4366 defensionis
3341 4298 3412 4365 et
3476 4293 3960 4366 dimicationis

859 4413 1171 4500 futurae,
1231 4410 1293 4483 si
1344 4411 1529 4483 bello
1565 4411 1626 4500 7)
1682 4432 1723 4482 a
1778 4411 2228 4503 Sigismundo
2293 4413 2486 4504 Rege
2551 4412 2956 4505 Hungariae
3011 4415 3184 4485 fines
3213 4411 3277 4500 8)
3331 4411 3559 4504 Regni
3613 4411 3964 4486 Poloniae

857 4530 1359 4604 invaderentur
1387 4530 1473 4619 ⁹),
1530 4533 1772 4621 parere
1828 4530 2143 4623 singulos
2197 4533 2540 4622 praedicti
2601 4532 2938 4605 Iohannis
2994 4532 3078 4604 de
3133 4530 3600 4622 Scz'ekocziny
3653 4531 3964 4622 imperio

860 4651 1142 4738 iubens,
1200 4649 1553 4722 adiunxit.

1075 4939 1121 5020 ¹)
1167 4942 1418 5002 testibus
1460 4937 1587 5001 Ed.
1634 4937 1814 5022 Lips.
1873 4937 1925 5018 ⁹)
1974 4939 2292 5001 Odrowasz
2343 4935 2496 5002 Cod.
2545 4937 2736 5002 Rozr.
2795 4939 2846 5019 ³)
2893 4941 3273 5001 Sczirzicensi
3318 4938 3444 5001 Ed.
3489 4937 3670 5022 Lips.
3727 4937 3781 5021 ⁴)
3829 4941 3973 5004 Lu—

860 5045 1061 5105 domcz
1111 5039 1261 5106 Cod.
1307 5041 1483 5106 Kost.
1528 5043 1846 5103 Laudoncz
1891 5039 2016 5103 Ed.
2063 5039 2243 5126 Lips.
2307 5041 2362 5122 ⁵)
2409 5062 2510 5103 eos
2567 5044 2883 5104 absolvens
2928 5041 3053 5104 Ed.
3100 5040 3280 5126 Lips.
3344 5041 3400 5122 ⁶)
3443 5045 3724 5104 auxilium
3793 5042 3975 5109 cod.

782 5189 785 5192 -
857 5142 1051 5209 Rozr.
1102 5144 1155 5228 ⁷)
1200 5147 1421 5210 bellum
1474 5143 1625 5212 eod.
1670 5142 1863 5207 Rozr.
1913 5142 1961 5225 ⁸)
2006 5147 2223 5206 finibus
2278 5141 2428 5207 Ood.
2475 5143 2666 5207 Rozr.
2715 5143 2770 5225 ⁹)
2813 5146 3127 5207 inferretur
3173 5141 3325 5208 Cod.
3369 5143 3562 5208 Rozr.
