4342 6384
878 573 1028 648 224
2060 592 2288 648 men
2339 591 2797 648 annuemus.
3432 565 3568 671 (Α.
3601 565 3697 646 0.
3737 565 3971 671 1419.)

886 781 1105 872 „mihi
1160 779 1439 852 omnino
1490 777 2011 872 gravissimum.
2090 779 2200 851 Ex
2267 801 2404 871 quo
2467 778 2734 868 evenit,
2798 783 2882 850 ut
2941 799 3072 872 ego
3137 798 3262 871 spe
3307 778 3518 870 ‚pacis
3589 783 3976 872 perpetuae

886 921 1053 992 „per
1104 921 1221 988 eos
1275 903 1553 972 vestrae
1606 898 2021 971 Sanctitatis
2076 897 2386 971 Nuntios
2437 898 2948 990 componendae
3003 899 3400 988 n-ustraror,
3456 905 3528 972 et
3581 899 3974 974 adversarii

886 1020 1065 1110 „mei
1079 1076 1096 1109 ,
1154 1021 1285 1093 hoc
1334 1018 1648 1110 ipsorum
1712 1017 2117 1091 testimonio
2181 1017 2352 1091 elati
2367 1073 2385 1106 ,
2450 1017 2540 1090 ad
2603 1016 2974 1092 ineundam
3037 1017 3474 1092 concordiam
3535 1018 3976 1094 difficiliores

882 1139 1401 1230 „redderentur.
1484 1137 1622 1211 Sed
1682 1159 1822 1210 non
1886 1140 1995 1210 est
2055 1139 2190 1210 hoc
2250 1157 2510 1210 novum
2581 1141 2706 1210 ant
2769 1137 3138 1210 insolitum
3207 1137 3396 1230 parti
3453 1139 3828 1228 adversae,
3895 1145 3980 1214 ut

882 1259 1459 1353 „quibuscunque
1493 1256 1635 1330 viis
1690 1261 1815 1331 aut
1868 1257 2093 1330 modis
2148 1261 2478 1349 possunt,
2535 1277 2764 1330 meum
2817 1262 3062 1330 curent
3097 1279 3350 1331 nomen
3386 1257 3748 1334 infamare.
3787 1259 3978 1334 Nam

882 1384 997 1469 „ot
1048 1400 1173 1471 per
1224 1377 1607 1452 Iohannem
1658 1376 2123 1468 Falkemberg
2177 1377 2620 1460 monachum,
2677 1396 2882 1467 quem
2939 1397 3171 1450 carcer
3217 1377 3636 1452 sanctitatis
3693 1383 3979 1452 vestrae

886 1498 1177 1590 „merito
1229 1495 1529 1584 detinet,
1586 1494 1767 1568 alias
1821 1517 1931 1570 me
1990 1497 2329 1569 notabant
2393 1501 2464 1568 et
2517 1495 3008 1588 multipliciter
3069 1496 3534 1584 infamabant,
3599 1497 3808 1589 quasi
3865 1501 3976 1574 fu-

884 1623 1131 1707 „turus
1184 1637 1409 1690 essem
1464 1615 1801 1689 ecclesiae
1854 1614 1985 1688 Dei
2037 1616 2432 1689 destructor
2485 1621 2556 1688 et
2609 1615 2981 1688 subversor
3033 1615 3198 1689 fidei
3259 1615 3706 1692 christianae.
3781 1618 3972 1692 Nam

886 1737 1235 1830 „qualiter
1273 1737 1330 1827 ¹)
1384 1734 1677 1829 egerim,
1736 1733 1887 1808 sive
1940 1734 2015 1806 in
2068 1734 2280 1808 bellis
2317 1755 2481 1827 erga
2533 1734 2792 1826 ipsoS,·
2818 1734 2940 1826 qui
2991 1734 3325 1808 dicuntur
3376 1735 3744 1812 domestici
3779 1739 3976 1828 fidei,

886 1857 1079 1947 „sive
1135 1855 1209 1928 in
1262 1876 1432 1948 pace
1488 1874 1651 1947 erga
1704 1853 1971 1926 alienos
2026 1859 2097 1926 et
2148 1853 2470 1928 infideles
2523 1855 2610 1927 ad
2647 1854 2854 1927 fidem
2907 1853 3366 1926 orthodoxam
3417 1855 3854 1931 reducendos
3885 1857 3974 1947 ²),

888 1997 1069 2066 „non
1122 1979 1266 2047 tam
1322 1973 1535 2047 verba
1586 1995 1795 2065 quam
1830 1975 2017 2046 facta
2068 1972 2551 2046 testimonium
2605 1973 2995 2065 perhibent.
3053 1975 3224 2047 Cum
3261 1974 3432 2047 olim
3485 1997 3596 2050 me
3649 1979 3738 2050 ad
3783 1978 3978 2052 bella

888 2094 1433 2186 „concitassent,
1500 2091 1785 2166 violatis
1848 2098 2226 2184 perpetuae
2287 2092 2482 2184 pacis
2537 2093 2962 2181 foederibus,
3029 2113 3208 2185 quae
3261 2094 3540 2168 fuerant
3590 2095 3778 2170 inter
3835 2098 3974 2172 Re-

888 2236 1145 2308 „gnum
1214 2235 1445 2288 meum
1518 2217 1589 2287 et
1657 2212 1883 2304 ipsos,
1950 2218 2127 2284 nutu
2190 2211 2432 2285 divino
2505 2213 2580 2284 in
2651 2232 2890 2304 campo
2969 2233 3086 2284 eos
3149 2213 3532 2304 prostravi,
3609 2220 3678 2288 et
3755 2217 3977 2292 maio-

888 2355 1077 2425 „rem
1130 2339 1399 2426 partem
1458 2337 1796 2405 terrarum
1858 2330 2141 2404 illarum
2206 2352 2398 2404 meae
2452 2329 2706 2404 ditioni
2770 2330 3066 2420 subieci,
3123 2336 3195 2403 et
3256 2332 3332 2406 in
3385 2354 3622 2427 pugna
3684 2335 3976 2428 quidem

888 2452 1199 2546 „periere
1236 2451 1359 2544 qui
1394 2451 1841 2525 resistebant.
1896 2451 1983 2523 In
2010 2449 2476 2542 acquisitione
2513 2471 2678 2522 vero
2733 2455 3073 2523 terrarum
3111 2471 3466 2542 nunquam
3505 2452 3780 2545 aliquid
3817 2477 3977 2530 cru-

888 2570 1246 2662 „delitatis
1276 2568 1339 2659 3)
1396 2571 1708 2660 exercui,
1785 2570 1957 2662 quin
2018 2569 2256 2662 potius
2319 2589 2476 2643 cum
2539 2569 2728 2642 omni
2780 2569 3221 2644 humanitate
3285 2575 3508 2645 terras
3561 2571 3758 2664 ipsas
3813 2595 3976 2649 cnm

888 2689 1267 2784 „captivis,
1322 2690 1411 2763 ad
1462 2711 1703 2782 pacem
1758 2689 2167 2778 domnione,
2225 2710 2441 2781 parva
2494 2689 2806 2762 mercede
2857 2687 3165 2764 restitui.
3241 2689 3462 2780 Quam
3516 2711 3757 2782 pacem
3813 2715 3978 2768 cum

889 2813 1186 2902 „iterum
1251 2809 1670 2896 violassent,
1746 2815 1817 2882 et
1881 2831 2005 2902 ego
2070 2829 2229 2882 cum
2293 2807 2608 2882 exercitu
2673 2827 2823 2880 meo
2895 2813 3118 2882 terras
3181 2808 3465 2882 illorum
3528 2809 3976 2904 invasissom‚

890 2929 1496 3021 „munitionesque
1548 2928 1899 3002 notabiles
1964 2930 2035 3001 et
2096 2949 2236 3000 non
2297 2948 2557 3019 pancas
2619 2927 2930 3018 ipsorum
2993 2927 3444 3018 recepissem:
3511 2930 3979 3022 requisitione

890 3056 1165 3136 „tamen
1218 3051 1291 3120 et
1342 3046 1871 3119 adhortamento
1900 3046 1964 3135 ⁴)
2022 3045 2292 3119 Summi
2344 3045 2742 3134 Pontificis,
2799 3045 2922 3138 qui
2975 3051 3144 3120 tunc
3195 3053 3378 3136 erat,
3435 3069 3560 3139 per
3611 3049 3977 3124 dominum

892 3167 1453 3256 „Lausanensem
1484 3165 1545 3254 ⁵)
1602 3164 1980 3254 Nuntium,
2036 3185 2163 3238 nec
2197 3187 2334 3239 non
2371 3164 2634 3239 domini
2671 3165 3105 3258 Sigismundi
3139 3168 3610 3242 Romanorum
3663 3174 3735 3243 et
3769 3171 3976 3244 Hun-

891 3285 1167 3379 „gariae
1221 3285 1473 3377 Regis,
1530 3284 1879 3359 exercitus
1934 3306 2125 3358 meos
2177 3285 2478 3373 retraxi,
2535 3305 2664 3358 nec
2716 3285 2982 3358 vastari
3038 3285 3467 3359 territorium
3523 3309 3760 3362 eorum
3813 3311 3977 3380 per·

891 3405 1129 3495 „misi,
1204 3404 1327 3478 sed
1380 3405 1469 3477 ad
1522 3409 1805 3498 treugas
1860 3404 2141 3494 deveni,
2209 3424 2529 3496 sperans,
2596 3410 2978 3496 tenensque
3031 3405 3387 3492 fiduciam,
3455 3407 3642 3499 quod
3695 3429 3786 3482 ex
3839 3410 3982 3482 hac

888 3524 1274 3614 „facilitate
1304 3526 1366 3613 ⁶)
1432 3545 1584 3598 mea
1645 3524 1734 3596 ad
1797 3523 2103 3617 aliquem
2177 3523 2532 3597 tramitem
2595 3523 2975 3615 aequitatis
3039 3527 3114 3596 et
3164 3524 3386 3598 bonae
3439 3526 3636 3618 pacis
3689 3547 3977 3601 concor·

888 3643 1119 3734 „diam
1172 3643 1611 3732 devenirent3
1666 3664 1825 3717 cum
1879 3664 1957 3717 eo
2012 3643 2316 3716 multum
2371 3642 2674 3716 exaltari
2728 3663 2838 3716 me
2873 3642 3253 3731 crederem,
3313 3643 3374 3716 si
3428 3645 3694 3718 talibus
3748 3649 3978 3720 moni-

888 3763 1205 3854 „toribus
1268 3767 1339 3836 ot
1400 3761 1879 3836 hortatoribus
1940 3762 2362 3853 paruissem:
2439 3765 2511 3835 et
2572 3782 2890 3856 magnam
2947 3761 3329 3836 'victoriam
3399 3783 3834 3854 quaererem,
3911 3767 3980 3838 si

891 3882 1245 3975 „ipsorum
1298 3881 1787 3954 crudelitatem
1863 3885 1933 3953 et
1986 3881 2319 3953 hostilem
2349 3882 2411 3969 ⁷)
2473 3879 2737 3953 rabiem
2805 3881 3244 3956 humanitate
3307 3881 3635 3956 vicissem
3663 3882 3752 3972 8).
3833 3884 3982 3958 Sed

894 4009 1006 4092 „et
1056 4023 1281 4094 nuper
1315 4021 1622 4094 quoque,
1678 4000 1890 4073 Pater
1936 3998 2348 4092 beatissime
2377 4001 2466 4090 ⁹),
2523 4020 2680 4074 cum
2715 3999 2917 4072 nulla
2951 3999 3378 4092 peramplius
3416 4001 3775 4075 videretur
3809 4023 3980 4096 spes

892 4141 1299 4213 „superesse
1350 4120 1544 4212 pacis
1598 4119 1783 4193 inter
1820 4139 1945 4192 nos
1982 4119 2527 4211 componendae;
2585 4138 2880 4210 cumque
2935 4138 3088 4192 cum
3144 4121 3358 4193 fratre
3395 4141 3546 4194 meo
3575 4121 3980 4195 Withawdo

892 4241 1183 4331 „Magno
1222 4239 1413 4311 Duce
1460 4238 1878 4311 Lithnaniae
1932 4238 2316 4312 exercitum
2371 4237 3094 4329 congregavissemus,
3145 4239 3267 4331 qui
3303 4261 3512 4331 quam
3565 4239 3976 4314 innumero-

897 4379 1061 4448 „sus
1099 4358 1190 4448 ¹⁰)
1240 4361 1465 4446 esset,
1532 4379 1741 4448 quam
1792 4357 1967 4430 bene
2020 4357 2234 4430 armis
2287 4356 2636 4445 munitus,
2704 4377 3048 4449 quamque
3111 4358 3480 4450 expeditus
3531 4359 3620 4432 ad
3679 4361 3984 4452 bellum,

892 4477 1177 4570 „linquo
1242 4475 1343 4550 eis
1404 4476 1633 4550 dicere
1697 4476 1819 4568 qui
1882 4477 2258 4564 videbant3
2339 4477 2618 4569 iamque
2682 4481 2994 4550 essemus
3065 4498 3278 4570 prope
3341 4482 3566 4552 terras
3636 4480 3978 4554 hostiles:

892 4601 1257 4688 „respectu
1295 4596 1384 4685 ¹¹)
1438 4595 1799 4670 reverendi
1851 4600 2086 4669 tamen
2138 4595 2363 4687 patris
2410 4595 2676 4668 domini
2713 4595 3232 4670 Bartholomaei
3283 4596 3792 4691 archiepiscopi
3830 4599 3980 4672 Me-

892 4715 1363 4805 „diolanensis
1426 4735 1517 4787 ex
1576 4721 1775 4806 parto
1828 4715 1999 4788 dicti
2052 4715 2270 4806 Regis
2305 4715 2777 4787 Romanorum
2829 4735 2957 4788 nos
2995 4716 3470 4804 adhortantis,
3525 4717 3612 4788 ab
3651 4717 3984 4810 ingressu

892 4841 1279 4924 „terrarum
1332 4834 1643 4926 ipsarum
1698 4839 1977 4906 nostros
2032 4833 2384 4907 exercitus
2439 4833 2880 4906 cohibuimns
2943 4839 3014 4906 et
3069 4839 3351 4927 treugas
3415 4836 3981 4926 acceptavimus:

1098 5125 1143 5201 ¹)
1188 5142 1343 5201 quae
1386 5127 1516 5203 ipse
1565 5119 1717 5186 Cod.
1757 5118 1950 5183 Rozr.
2000 5119 2053 5199 ²)
2098 5121 2434 5181 reducendo
2483 5115 2632 5181 0001.
2685 5117 2874 5182 Rozr.
2921 5119 2979 5197 8)
3021 5139 3320 5198 nunquam
3365 5123 3774 5186 crudelitatem
3822 5121 3986 5192 cod.

883 5225 1077 5290 Rozr.
1126 5225 1179 5304 ⁴)
1224 5227 1634 5288 adhortatione
1682 5221 1834 5288 Cod.
1866 5221 2059 5285 Rozr.
2110 5221 2161 5302 ⁶)
2211 5223 2654 5284 Lausanensem
2703 5218 2855 5285 Cod.
2901 5219 3092 5284 Βοιὼ.
3156 5222 3213 5308 ⁶)
3260 5225 3540 5285 felicitate
3589 5219 3746 5290 cod.
3797 5223 3988 5291 Cale.

886 5327 941 5406 ¹¹)
986 5329 1370 5390 hostilitatem
1414 5347 1484 5390 ac
1532 5323 1685 5391 Cod.
1732 5325 1923 5388 Romu
1982 5324 2038 5402 ⁸)
2082 5343 2439 5402 superarem.
2489 5321 2641 5388 eod.
2689 5322 2881 5386 Rozr.
2945 5323 2998 5404 ⁹)
3043 5327 3534 5390 excellentissime
3582 5321 3736 5392 Coa.
3781 5327 3988 5393 Rozr.

893 5428 977 5515 ¹⁰)
1022 5431 1174 5491 bene
1216 5446 1561 5492 numerosus
1606 5426 1731 5491 Ed.
1779 5425 1961 5510 Lips.
2019 5425 2095 5506 ¹¹)
2140 5433 2415 5504 respectu
2458 5424 2628 5490 deest
2671 5427 2744 5489 in
2790 5423 2943 5490 Cod.
2993 5422 3170 5492 Cale.
