4342 6384
868 558 1016 637 258
1423 533 1432 541 ’
2053 579 2281 638 unua
2332 579 2791 637 nnnncmua
3406 553 3539 662 (Α.
3577 558 3670 635 D.
3710 552 3971 659 1420.)

905 893 1298 965 wladislau
1341 891 1643 964 Poloniae
1685 890 1825 962 nox
1869 891 2130 963 uberto
2175 890 2655 980 lutrinum:
2701 892 3002 982 episcopo
3048 889 3454 964 cracoviensi
3498 891 3580 963 nt
3615 890 3928 963 infestus.

1072 1131 1185 1204 Ex
1237 1130 1391 1202 Ilza
1429 1130 1484 1219 ¹)
1541 1128 1978 1202 Wladislaus
2034 1128 2371 1202 Poloniae
2425 1130 2582 1202 Rex
2640 1129 3185 1217 Sandomiriam,
3242 1128 3495 1202 abinde
3532 1128 3966 1215 cracoviam,

863 1252 1196 1344 posthaec
1251 1271 1414 1322 vero
1486 1249 1562 1322 in
1626 1249 1960 1321 Maiorem
2023 1248 2388 1321 Poloniam
2460 1270 2585 1340 per
2649 1249 2861 1322 solita
2932 1249 3316 1322 stationum
3380 1249 3535 1322 loca
3594 1248 3973 1340 processit.

863 1373 1046 1444 Dum
1100 1374 1333 1444 autem
1389 1369 1464 1442 in
1501 1369 1911 1442 Klobuczko
1964 1389 2090 1460 pro
2146 1368 2513 1442 Dominica
2566 1369 2815 1441 Indica
2868 1373 3138 1461 ageret,
3198 1368 3537 1442 Albertus
3582 1368 3967 1440 Iastrzam·

859 1493 1070 1584 byecz
1147 1490 1517 1582 episcopus
1583 1487 2062 1562 cracoviensis
2147 1492 2219 1560 et
2290 1488 2637 1582 Sbigneus
2713 1490 2796 1562 de
2869 1489 3167 1562 Brzesze
3196 1486 3258 1579 ²)
3330 1489 3560 1582 Regni
3630 1488 3975 1561 Poloniae

861 1612 1246 1684 marsalcus
1303 1631 1392 1684 ex
1445 1607 1910 1682 Wratislavia
1963 1607 2371 1683 adveniunt.
2456 1609 2591 1701 Qui
2656 1629 2813 1682 cum
2876 1609 3155 1700 plenam
3218 1609 3303 1683 de
3367 1610 3722 1697 omnibus,
3792 1628 3977 1701 quae

863 1733 1049 1824 apud
1103 1729 1640 1803 Wratislaviam
1704 1749 1862 1802 cum
1921 1728 2373 1820 Sigismundo
2428 1731 2901 1803 Romanorum
2966 1733 3038 1802 et
3090 1729 3503 1822 Hungariae
3557 1731 3755 1822 Rege
3808 1750 3972 1821 egc-

859 1855 1055 1941 rant,
1113 1850 1460 1942 qualeque
1515 1869 1929 1940 responsum
1983 1849 2353 1936 haberent,
2409 1849 2821 1923 relationem
2878 1848 3242 1937 fecissent3
3299 1847 3715 1942 intelligens
3736 1931 3747 1940 ‚
3772 1848 3973 1920 Wla-

863 1973 1134 2045 dislaus
1189 1969 1525 2042 Poloniae
1579 1970 1769 2058 Rex,
1835 1968 1976 2040 iam
2037 1969 2309 2041 nullam
2374 1990 2568 2061 spem
2633 1970 2718 2043 de
2770 1969 3179 2062 corrigenda
3242 1967 3563 2042 arbitrali
3618 1967 3979 2042 sententia

865 2091 1003 2164 sibi
1059 2110 1456 2184 superesse,
1523 2110 1795 2162 omnem
1851 2109 2020 2161 suae
2085 2087 2593 2182 indignationis
2667 2089 2845 2162 iram
2918 2089 3003 2162 de
3066 2089 3247 2161 male
3300 2087 3763 2180 pronuntiata
3816 2109 3975 2162 sen·

863 2211 1090 2284 tentia
1144 2213 1491 2299 exortam,
1557 2209 1634 2281 in
1689 2208 2061 2282 Albertum
2127 2208 2685 2300 Iastrzambyecz
2748 2209 3151 2300 episcopum
3213 2208 3747 2282 cracoviensem
3811 2229 3977 2281 con-

865 2331 1112 2420 vertit,
1185 2329 1612 2422 graviusque
1675 2333 1844 2400 tunc
1908 2327 1982 2401 in
2045 2329 2286 2417 illum,
2362 2349 2569 2421 quam
2636 2328 2815 2422 Regi
2877 2328 2949 2400 in
3013 2328 3413 2421 pontificem
3484 2329 3976 2417 conveniebat,

865 2452 1185 2524 invectus
1241 2454 1381 2539 est,
1437 2469 1790 2536 asserens,
1848 2447 2128 2520 iniussu
2166 2470 2325 2537 suo,
2384 2470 2463 2521 eo
2494 2445 2558 2538 ³)
2598 2447 2809 2521 etiam
2864 2452 3177 2538 vetante,
3235 2450 3521 2540 plenum
3574 2449 3653 2522 in
3686 2469 3979 2522 causam

865 2569 1441 2662 compromissum
1509 2591 1647 2640 non
1702 2567 2091 2640 limitatum
2147 2567 2518 2660 scripsisse
2573 2572 2643 2640 et
2700 2567 3086 2662 sigillasse:
3154 2590 3342 2658 cum,
3403 2569 3469 2642 si
3520 2568 3977 2660 compromis-

867 2713 1054 2779 sum,
1121 2689 1326 2762 iuxta
1389 2689 1788 2782 aliquorum
1851 2687 2413 2761 consiliariorum
2476 2689 2691 2780 probe
2754 2692 2823 2761 et
2888 2688 3183 2763 solerter
3254 2688 3680 2781 sapientium
3743 2688 3981 2762 consi-

867 2811 1044 2882 lium
1074 2811 1162 2900 4),
1219 2808 1646 2883 limitatione
1697 2808 2032 2900 temporis
2071 2809 2325 2882 fuisset
2360 2808 2796 2896 restrictum,
2852 2830 3211 2901 nunquam
3245 2815 3393 2882 tam
3427 2809 3629 2904 gravi
3666 2813 3737 2882 et
3774 2828 3979 2900 prac-

867 2930 1191 3003 iudiciali
1255 2929 1602 3003 sententia
1664 2927 1984 3022 Regnum
2049 2928 2385 3002 Poloniae
2456 2929 2861 3020 perculsum
2923 2929 3125 3002 foret.
3206 2929 3449 3003 Facile
3510 2934 3747 3002 autem
3808 2928 3983 3000 huic

871 3050 1269 3124 invectivae
1324 3051 1664 3122 Albertus
1719 3048 2089 3140 episcopus
2145 3047 2657 3138 cracoviensis,
2714 3051 2944 3122 tectus
2998 3049 3428 3138 innocentia,
3484 3048 3852 3142 respondit
3910 3051 3987 3121 et

871 3171 1062 3244 iusta
1116 3169 1567 3243 excusatione
1621 3167 1891 3241 facinus
1947 3168 2295 3242 obiectum
2350 3167 2576 3256 elisit,
2634 3168 2982 3242 deducens
3038 3191 3113 3241 se
3177 3169 3253 3241 in
3304 3190 3381 3242 re
3434 3169 3593 3263 ipsa
3645 3168 3831 3241 nihil
3890 3189 3985 3240 ex

869 3290 1151 3384 proprio
1206 3289 1529 3377 arbitrio,
1587 3288 1710 3361 sed
1747 3287 1980 3360 omnia
2035 3309 2120 3361 ex
2159 3289 2375 3381 Regis
2432 3288 2657 3382 egisse
2695 3288 3011 3380 imperio.
3070 3289 3473 3382 Indignatio
3512 3293 3745 3362 tamen
3781 3289 3989 3382 regia

873 3409 1129 3482 humili
1185 3413 1256 3482 et
1308 3409 1624 3480 modesta
1675 3406 2128 3500 responsione
2182 3407 2453 3481 remitti
2506 3428 2645 3480 non
2684 3411 2992 3499 poterat,
3052 3408 3487 3482 clandestino
3543 3414 3615 3482 et
3648 3409 3987 3502 vigoroso

877 3532 1181 3602 fomento
1237 3528 1516 3601 assidue
1571 3526 1646 3598 in
1699 3525 1918 3618 Regis
1973 3528 2252 3618 pectore
2308 3530 2734 3600 coacervata.
2816 3526 3186 3600 Elisabeth
3238 3527 3587 3620 siquidem
3639 3528 3989 3602 Poloniae

873 3649 1146 3742 Regina
1215 3647 1443 3721 filium
1526 3669 1729 3720 suum
1813 3665 1902 3718 ex
1969 3645 2341 3718 Vincentio
2416 3645 2841 3739 Granowsky
2916 3650 3353 3738 susceptum,
3434 3647 3819 3722 Iohannem
3898 3650 3989 3721 de

873 3770 1146 3857 Pilcza,
1206 3789 1248 3841 a
1283 3768 1677 3841 Wladislao
1733 3765 2066 3839 Poloniae
2103 3766 2297 3858 Rege
2348 3765 2423 3837 in
2460 3767 2798 3841 Comitem
2852 3767 3103 3856 creari,
3162 3773 3234 3840 et
3288 3787 3457 3840 suae
3510 3767 3767 3842 ditioni
3802 3790 3986 3842 non·

873 3891 1111 3961 nullos
1175 3889 1446 3961 milites
1509 3893 1580 3961 et
1641 3886 1914 3959 nobiles
1986 3886 2170 3960 circa
2233 3887 2563 3981 oppidum
2629 3890 2961 3961 Iaroslaw
3026 3887 3527 3976 consistenteS,
3602 3910 3739 3980 quo
3806 3910 3989 3964 suus

877 4009 1264 4082 comitatus
1318 4007 1715 4081 diuturnior
1768 4011 1840 4080 et
1893 4007 2185 4080 solidior
2237 4009 2465 4097 fieret,
2524 4009 2781 4081 subiici
2834 4012 2905 4082 et
2958 4008 3306 4082 infeudari
3360 4008 3735 4083 ordinavit.
3792 4011 3991 4083 Dum

877 4133 1112 4200 autem
1165 4128 1413 4202 literae
1477 4125 1852 4200 creationis
1915 4126 2321 4201 huiusmodi
2385 4129 2821 4220 conscriptae
2878 4132 3135 4217 forent,
3202 4128 3543 4203 Albertus
3596 4130 3990 4203 Iastrzam-

879 4249 1089 4340 byecz
1145 4247 1514 4338 episcopus
1569 4245 2048 4320 cracoviensis
2103 4248 2478 4321 creationis
2542 4249 2947 4322 huiusmodi
3002 4271 3076 4322 se
3132 4249 3698 4323 constantissime
3762 4271 3991 4343 oppo-

883 4369 1059 4456 suit,
1117 4367 1678 4459 creationemque
1741 4371 1813 4439 et
1875 4367 2319 4441 donationem
2382 4369 2817 4459 huiusmodi,
2894 4369 3273 4462 perniciem
3338 4371 3579 4462 Regno
3642 4371 3995 4446 Poloniae

882 4490 1289 4576 allaturam,
1347 4487 1667 4559 omnibus
1722 4487 2088 4560 conatibus
2143 4509 2467 4579 perosus,
2528 4489 2740 4562 etiam
2795 4491 2881 4562 ad
2938 4489 3394 4582 sigillandum
3447 4491 3723 4580 literas,
3784 4494 3996 4565 velut

881 4607 1346 4682 cancellarius
1401 4607 1662 4699 Regni,
1721 4607 1918 4678 nullo
1973 4611 2179 4698 pacto
2216 4613 2493 4698 poterat
2545 4609 2814 4683 induci:
2874 4610 3163 4702 eiusque
3219 4611 3439 4685 solius
3492 4612 3883 4686 renitentia
3924 4619 3997 4688 et

883 4728 1322 4822 oppositione
1388 4727 1644 4800 creatio
1699 4727 1997 4818 praefati
2051 4727 2387 4801 Iohannis
2442 4729 2526 4801 de
2580 4728 2820 4802 Pilcza
2874 4729 2947 4802 in
3011 4730 3348 4804 comitem
3413 4731 3673 4804 infecta
3724 4736 3797 4804 et
3860 4735 3995 4808 ab·

881 4853 1126 4942 rogata
1193 4851 1322 4920 est.
1407 4848 1657 4939 Magno
1721 4846 1962 4938 itaque
2029 4847 2306 4921 fremitu
2382 4852 2451 4922 et
2513 4848 2786 4942 ingenti
2852 4851 3135 4924 cholera
3208 4851 3575 4925 Elisabeth
3646 4853 3997 4927 Poloniae

883 4969 1156 5061 Regina
1208 4967 1504 5040 iniurias
1562 4987 1726 5040 suas
1792 4967 1866 5038 in
1923 4968 2215 5040 Alberto
2284 4967 2607 5062 episcopo
2674 4970 3119 5044 cracoviensi
3182 4971 3413 5044 ultum
3470 4971 3559 5044 iri
3624 4978 3993 5065 satagenS,

885 5087 1357 5161 Wladislaum
1410 5087 1744 5159 Poloniae
1798 5089 2061 5181 Regem
2116 5088 2190 5160 in
2248 5088 2453 5161 illum
2508 5089 2933 5178 concitabat;
2992 5096 3061 5166 et
3116 5091 3281 5164 dum
3335 5091 3409 5163 in
3462 5092 3775 5164 thalamo
3834 5093 3999 5168 sine

1104 5359 1150 5438 ¹)
1197 5362 1352 5420 Islza
1413 5353 1566 5422 Cod.
1624 5359 1798 5428 Galv.
1869 5360 1917 5442 ²)
1964 5363 2205 5423 Brzezic
2270 5357 2419 5425 Cod.
2466 5360 2657 5425 Rozr.
2728 5361 2784 5444 8)
2830 5383 2901 5425 ac
2960 5383 3031 5425 eo
3100 5359 3253 5426 Cod.
3309 5362 3500 5428 Rozr.
3572 5361 3625 5445 ⁴)
3673 5367 3999 5430 consilium

894 5459 1064 5528 deest
1105 5461 1178 5526 in
1226 5457 1376 5524 Cod.
1422 5458 1598 5525 Calv.
