4342 6384
395 527 527 627 (Α.
567 528 657 601 D.
700 525 953 639 1444.)
1529 552 1757 606 mann
1808 555 2318 610 Duomacnms.
3336 546 3374 615 7
3385 544 3485 615 23

392 734 569 809 Pars
624 736 1045 809 Teucrorum
1098 736 1447 829 fugientes
1502 737 1669 812 hinc
1719 738 1881 815 inde
1930 742 2308 834 Hungaros
2363 748 2436 817 et·
2471 743 2826 835 dispersos
2879 746 3160 839 aurigas
3215 767 3490 840 quoque

394 861 634 927 secant
687 860 757 931 et
810 856 1201 947 trucidant,
1254 880 1417 951 pars
1472 880 1635 932 vero
1692 862 2111 934 subvertunt
2176 864 2450 955 aliquot
2503 885 2748 937 currus
2805 869 2875 937 et
2929 865 3259 957 spoliant.
3336 868 3490 940 Alii

393 978 627 1047 autem
681 976 1027 1050 vexillum
1083 977 1328 1052 Sancti
1380 979 1695 1052 Ladislai
1749 979 2023 1073 magnis
2078 982 2512 1055 circumdant
2572 984 2879 1072 viribus;
2956 986 3079 1059 sed
3134 985 3302 1077 quia
3357 990 3487 1061 sub

392 1094 545 1185 ipso
601 1097 815 1169 fortes
878 1101 1075 1170 erant
1138 1098 1440 1189 militae,
1514 1106 1585 1173 et
1645 1099 1721 1172 in
1778 1122 1993 1173 unum
2046 1102 2364 1195 globum,
2433 1102 2911 1196 circulumque
2981 1106 3352 1197 prostrati,
3410 1129 3489 1181 ac

392 1235 637 1289 versus
693 1218 994 1290 Teucros
1036 1218 1088 1307 1)
1153 1219 1452 1294 inermes
1508 1220 1834 1312 cuspides
1898 1224 2261 1295 hastarum
2326 1225 2852 1312 convertebant,
2919 1246 3058 1297 non
3111 1231 3492 1317 potuerunt

392 1337 701 1411 animose
753 1339 1125 1435 pugnando
1182 1341 1661 1435 quoquomodo
1724 1362 1766 1413 a
1820 1340 2276 1415 multitudine
2328 1341 2637 1416 hostium
2695 1345 3032 1437 superari.

1073 1702 1405 1775 wladislai
1449 1704 1645 1793 Regis
1689 1703 2011 1777 fortitudo
2055 1706 2126 1777 in
2170 1722 2392 1795 pugna
2435 1705 2798 1780 vamensi.

604 1940 1045 2015 Wladislaus
1100 1962 1265 2015 vero
1320 1943 1476 2015 Rex
1549 1941 1672 2015 ubi
1725 1942 1908 2016 vidit
1962 1944 2337 2036 Hungaros
2403 1966 2444 2016 a
2497 1945 2745 2018 dextro
2801 1967 3015 2020 cornu
3080 1951 3278 2042 terga
3332 1970 3485 2023 ver-

393 2069 623 2139 tentes
688 2068 757 2137 et
812 2085 1024 2154 supra
1085 2063 1396 2155 reliquas
1460 2064 1798 2155 plurimas
1863 2065 2286 2139 Teucrorum
2316 2064 2380 2154 ²)
2444 2070 2764 2139 catervas
2828 2066 3222 2160 insurgere,
3295 2069 3488 2161 ipsas

393 2187 814 2259 Teucrorum
846 2181 907 2272 3)
963 2182 1182 2271 acies,
1240 2184 1365 2257 ubi
1416 2185 1579 2275 plus
1636 2184 2042 2259 advertebat
2096 2185 2450 2277 interponi
2485 2186 2944 2275 discriminis,
3003 2190 3201 2261 velut
3255 2190 3488 2263 clarus

393 2307 785 2397 Imperator
839 2307 909 2376 et
964 2304 1144 2375 alter
1197 2303 1445 2377 Caesar
1498 2303 1791 2392 invasit,
1850 2310 1919 2378 et
1956 2326 2196 2377 omnes
2251 2326 2406 2378 cum
2445 2306 2594 2377 suis
2650 2305 3001 2381 militibus
3038 2310 3278 2398 hasta,
3334 2312 3485 2402 gla-

394 2425 645 2517 dioque
676 2480 693 2512 ,
752 2427 1096 2515 quotquot
1166 2423 1488 2513 offendit,
1563 2429 1685 2497 aut
1748 2431 1971 2499 morte
2034 2425 2354 2515 afflixit„
2400 2429 2522 2497 aut
2575 2426 2649 2498 in
2704 2448 3044 2517 errorem,
3103 2430 3483 2522 fugamque

395 2544 761 2619 convertit.
819 2543 1038 2636 Regis
1093 2545 1491 2635 exemplum
1544 2545 1890 2618 Iohannes
1946 2546 2366 2636 Woyewoda
2411 2544 2832 2637 capitaneus
2887 2548 3239 2622 exercitus
3292 2570 3487 2623 secu·

393 2671 511 2738 tus
567 2670 707 2753 est,
767 2664 889 2755 qui
942 2668 1312 2755 postquam
1370 2684 1526 2735 cum
1581 2663 1899 2753 vexillis,
1958 2664 2317 2756 copiisque
2369 2663 2584 2757 regiis
2642 2685 2716 2737 se
2742 2656 3172 2756 coniunxit,
3228 2689 3486 2761 magno

394 2784 623 2858 animo
678 2784 754 2856 in
806 2784 1109 2856 Teucros
1164 2783 1407 2870 irruit3
1483 2788 1551 2855 et
1614 2788 1914 2874 quatuor
1967 2784 2286 2857 millibus
2349 2805 2686 2875 passuum
2750 2785 2907 2858 Rex
2971 2784 3488 2860 invictissimus

394 2904 694 2977 Teucros
748 2904 1157 2995 insequens,
1216 2907 1486 2977 tantam
1539 2902 1613 2975 in
1670 2923 1787 2975 eos
1818 2903 1881 2993 ⁴)
1936 2905 2248 2992 caedem,
2313 2908 2756 2997 stragemque
2822 2904 3060 2978 emisit
3088 2904 3176 2995 5),
3242 2910 3322 2978 ut
3378 2907 3485 2980 in·

395 3024 727 3098 credibile
782 3023 879 3095 sit
932 3022 1381 3096 audientibus
1445 3027 1516 3096 et
1567 3023 1713 3112 his,
1790 3023 1912 3115 qui
1975 3044 2206 3097 coram
2269 3022 2628 3112 viderunt,
2702 3024 3132 3114 mirandum,
3199 3031 3484 3118 stupen-

394 3146 729 3236 dumque,
788 3142 971 3236 quod
1034 3143 1109 3216 in
1162 3143 1295 3215 tali
1347 3142 1673 3234 Principe
1738 3145 1919 3215 tales
1976 3143 2161 3218 vires
2230 3147 2464 3217 essent
2529 3149 2599 3217 et
2654 3147 2854 3217 tanta
2908 3144 3274 3219 vivacitas.
3347 3147 3485 3219 Re-

394 3286 641 3338 versus
693 3268 939 3355 postea
972 3264 1129 3336 Rex
1168 3262 1253 3335 ad
1290 3264 1519 3335 locum
1554 3263 1739 3337 unde
1777 3262 2198 3337 discesserat
2243 3264 2330 3336 ad
2366 3264 2678 3357 reliquos
2714 3267 2954 3338 hostes
2989 3265 3484 3358 profligandos,

392 3390 763 3475 postquam
817 3382 999 3455 vidit
1060 3382 1408 3455 vexillum
1472 3382 1715 3456 Sancti
1768 3382 2081 3456 Ladislai
2146 3405 2190 3456 a
2241 3383 2528 3457 Teucris
2557 3384 2622 3471 ⁶)
2677 3384 2932 3457 acriter
2997 3386 3388 3477 expugnari
3421 3386 3484 3475 ⁷)

392 3509 463 3577 et
513 3525 765 3597 magno
802 3503 1090 3577 subesse
1125 3504 1460 3595 periculo,
1516 3502 1779 3593 pietate
1834 3504 2110 3593 ductuS,
2166 3525 2292 3596 pro
2331 3503 2746 3577 liberatione
2779 3503 3090 3595 undique
3129 3526 3170 3576 a
3199 3505 3485 3578 Teucris

395 3624 1020 3698 circumventorum
1059 3624 1391 3711 accurrit3
1448 3623 1649 3696 cuius
1686 3623 2083 3714 praesentia
2119 3622 2327 3696 Turci
2365 3622 2675 3715 cognita,
2731 3627 2994 3696 terrore
3032 3625 3484 3715 consternati,

393 3744 651 3836 partim
705 3743 921 3833 caesi,
977 3743 1235 3835 partim
1299 3744 1375 3816 in
1430 3744 1665 3836 fugam
1720 3743 2038 3816 conversi
2094 3748 2292 3830 sunt,
2361 3742 2634 3834 triaque
2687 3743 2918 3816 millia
2972 3745 3351 3817 Turcorum
3407 3744 3486 3817 in

395 3864 521 3937 illo
576 3865 924 3937 duntaxat
959 3864 1111 3936 loco
1166 3863 1512 3937 corruisse
1566 3863 1719 3935 visa
1758 3868 1924 3937 sunt
1980 3868 2049 3936 et
2087 3864 2290 3955 quasi
2328 3862 2402 3935 in
2440 3869 2786 3936 momento
2825 3863 3077 3937 deleta.
3135 3864 3228 3935 Et
3267 3884 3485 3969 quan-

396 4006 601 4076 quam
656 3984 1001 4076 plurimae
1066 3989 1135 4056 et
1189 3984 1465 4055 validae
1520 4005 1759 4056 eorum
1822 3984 2006 4057 acies
2060 3984 2227 4057 hinc
2293 3984 2454 4057 inde
2517 3984 2592 4055 in
2646 3982 2970 4075 pluribus
3025 3983 3200 4055 locis
3255 3982 3488 4058 victae

394 4105 610 4197 Regis
665 4103 930 4176 virtute
984 4103 1433 4192 cecidissent,
1492 4104 1749 4196 exigua
1804 4109 2036 4176 tamen
2089 4104 2164 4176 in
2205 4126 2322 4177 eos
2359 4104 2729 4176 videbatur
2783 4108 3052 4195 strages
3090 4103 3484 4191 commissa,

392 4228 677 4318 propter
729 4224 1019 4296 nimiam
1074 4245 1308 4297 eorum
1372 4223 1930 4313 multitudinem,
1999 4225 2164 4296 dum
2229 4228 2541 4297 recentes
2607 4227 2678 4295 et
2731 4244 2950 4297 novae
3015 4222 3259 4311 victi8‚
3328 4246 3484 4314 pro·

396 4344 673 4433 stratis,
734 4347 856 4416 aut
912 4342 1343 4435 fugientibus
1401 4344 1849 4431 succederent
1901 4345 2109 4417 acies,
2187 4346 2440 4437 Magna
2491 4343 2798 4434 profecto
2855 4343 3143 4436 insuper
3197 4343 3483 4431 astutia,

394 4484 802 4557 summaque
855 4463 1246 4537 calliditate
1300 4465 1717 4537 Teucrorum
1747 4463 1812 4553 ⁸)
1867 4464 2285 4555 procedebat
2338 4463 2718 4551 exercituS,
2785 4462 2968 4535 inter
3023 4483 3195 4554 quos
3252 4466 3321 4535 et
3376 4484 3484 4535 sa-

393 4584 667 4679 gittarii
723 4583 933 4657 etiam
988 4589 1347 4675 equestres
1404 4584 1723 4672 aderant,
1780 4587 1851 4657 et
1886 4589 1967 4656 ut
2020 4585 2258 4676 plures
2295 4583 2638 4671 referunt,
2695 4583 3022 4656 mulieres
3078 4604 3288 4674 quam
3322 4584 3483 4674 plu-

393 4728 505 4779 res
560 4706 1026 4793 adduxerant,
1086 4725 1379 4795 quarum
1417 4702 1556 4776 viri
1593 4705 1875 4777 fuerunt
1902 4704 1966 4795 9)
2023 4704 2370 4778 inhabiles
2425 4703 2511 4775 ad
2548 4702 3034 4795 pugnandum,
3089 4707 3172 4773 ut
3208 4724 3294 4775 ex
3335 4702 3484 4775 illis

396 4825 636 4913 maior,
696 4824 1214 4915 terribiliorque
1268 4829 1632 4915 appareret
1688 4824 2061 4896 exercitus.
2121 4824 2414 4916 Gregem
2468 4824 2757 4914 insuper
2809 4822 3205 4895 habuerunt
3260 4810 3480 4895 came-

394 4946 653 5031 lorum,
708 4944 966 5035 partim
1020 4942 1305 5016 sericeis
1359 4944 1612 5035 pannis
1653 4947 2093 5032 onustorum,
2150 4944 2432 5036 partim·
2464 4942 2747 5035 sagittis
2805 4947 2875 5015 et
2909 4942 3118 5015 rebus
3155 4943 3243 5013 ad
3278 4963 3485 5041 usum

608 5234 654 5315 ¹)
697 5237 926 5296 Turcos
975 5229 1126 5296 Cocl.
1173 5231 1309 5295 Lis.
1382 5231 1433 5311 ²)
1479 5235 1805 5294 Turcorum
1863 5230 1990 5294 Ed.
2047 5230 2229 5315 Lips.
2301 5231 2353 5311 ³)
2399 5234 2724 5293 Turcorum
2786 5228 2910 5292 Ed.
2958 5229 3138 5313 Lips.
3196 5228 3248 5311 ⁴)
3293 5232 3352 5307 in
3399 5232 3487 5308 eis

308 5334 323 5349 ’
392 5337 517 5405 Ed.
566 5336 744 5421 Lips.
794 5336 847 5415 ⁵)
896 5337 1185 5398 commisit
1226 5333 1353 5397 Ed.
1401 5334 1582 5419 Lips.
1631 5333 1683 5415 ⁸)
1731 5337 1944 5396 Turcis
1994 5331 2145 5397 Cod.
2181 5333 2315 5397 Lis.
2375 5332 2428 5414 ⁷)
2473 5336 2804 5413 oppugnari
2849 5330 2972 5407 Ed.
3017 5332 3192 5416 Lips.
3249 5332 3299 5414 ⁸)
3335 5336 3484 5394 Tur-

394 5460 591 5505 corum
641 5436 793 5503 Cod.
842 5438 977 5503 Lis.
1024 5438 1077 5521 ⁹)
1126 5457 1372 5516 quorum
1416 5440 1575 5501 vires
1620 5440 1853 5500 fuerant
1894 5436 2021 5499 Ed.
2064 5435 2247 5519 Lips.
