4342 6384
349 607 485 708 (Α.
526 609 615 682 D.
656 608 913 709 1438.)
1507 635 1734 686 mmm
1786 633 2298 687 Duonncmus.
3295 612 3438 684 597

348 843 472 911 per
527 822 875 894 cancellos
932 820 1260 893 cimiterii
1316 821 1649 894 ecclesiae
1702 825 2099 912 praetactae
2156 821 2641 909 consisterem,
2701 821 3115 911 nullumque
3154 819 3292 890 iam
3331 835 3442 891 ae-

352 941 663 1014 dificium
726 942 911 1014 inter
974 942 1199 1032 ipsam
1264 942 1624 1014 ecclesiam
1694 947 1763 1013 et
1828 963 2059 1012 muros
2125 942 2648 1029 cracovienseS‚
2727 961 2862 1032 quo
2926 941 3055 1012 illa
3117 939 3448 1012 tendebat

350 1062 735 1151 processio,
793 1062 1131 1149 viderem,
1189 1063 1277 1134 ad
1332 1068 1604 1154 tergum
1660 1084 1767 1134 me
1823 1082 2119 1152 sequens
2187 1062 2524 1153 quaedam
2587 1083 2912 1153 procerae
2979 1065 3292 1133 staturae
3349 1060 3446 1132 fe-

352 1183 573 1269 mina,
632 1185 915 1273 totaque
971 1205 1010 1253 a
1066 1203 1334 1254 summo
1388 1204 1613 1274 usque
1668 1182 1987 1254 deorsum
2053 1183 2234 1255 albis
2291 1186 2639 1284 contecta,
2707 1183 2808 1254 sic
2863 1203 2970 1254 me
3026 1181 3444 1272 alloquitur:

354 1302 574 1373 Filia!
635 1302 911 1393 quaeris
968 1303 1207 1375 venire
1262 1304 1345 1374 ad
1402 1303 1816 1394 Magistrum
1865 1306 2109 1374 tuum?
2166 1303 2326 1374 Non
2364 1307 2644 1392 estque
2687 1302 2938 1375 tendiS.
2997 1303 3088 1374 Et
3123 1307 3450 1393 protensa

354 1422 427 1492 in
483 1423 801 1494 dextram
856 1447 1167 1510 manum,
1228 1423 1681 1514 indicansque
1734 1446 1943 1495 11116111
2002 1445 2231 1495 6686111
2288 1425 2686 1514 parvulam,
2755 1445 2893 1494 non
2946 1424 3154 1514 longe
3209 1428 3288 1493 ut
3341 1422 3446 1492 vi-

356 1545 679 1616 debatur:
741 1545 883 1630 Ibi,
942 1545 1206 1636 inquit,
1266 1567 1419 1616 eum
1476 1545 1777 1637 reperies
1834 1551 1902 1616 et
1959 1544 2056 1615 ibi
2111 1565 2437 1635 properes
2494 1564 2868 1616 ascensura
2919 1544 3213 1636 graduS,
3273 1563 3448 1634 quos

355 1665 453 1737 ibi
510 1644 781 1738 videbis
838 1665 913 1736 in
970 1688 1242 1738 sursum
1304 1671 1592 1737 6166168.
1654 1666 1759 1736 Ad
1817 1664 2300 1736 huiuscemodi
2357 1665 2600 1751 verba,
2659 1687 2836 1755 quae
2874 1664 3084 1736 etiam
3126 1685 3282 1735 cum
3321 1662 3449 1735 im-

352 1786 672 1876 properio
730 1786 904 1857 mihi
958 1786 1147 1857 dicta
1202 1787 1557 1877 perpensi,
1616 1786 1923 1876 processi
1978 1787 2250 1857 concito
2305 1807 2551 1877 gressu
2607 1785 2692 1857 ad
2749 1786 2938 1856 latus
2995 1785 3148 1856 viae
3188 1784 3273 1856 ad
3311 1784 3448 1856 cel-

352 1907 493 1978 lam
549 1905 1009 1998 praedictam,
1080 1911 1148 1978 et
1205 1907 1425 1998 ipsam
1483 1911 1563 1977 ut
1618 1907 1810 1978 valui
1877 1906 2309 1998 ingrediens,
2381 1929 2535 1978 cum
2591 1911 2662 1977 et
2717 1907 2912 1978 locus
2978 1909 3212 1977 arctus
3268 1909 3454 1976 esset

354 2033 423 2098 et
478 2028 773 2099 introitu
838 2028 1207 2099 admodum
1273 2027 1677 2117 depressuS‚
1746 2027 1991 2116 aspexi
2055 2027 2348 2118 gradum
2415 2049 2634 2097 unum
2702 2027 3058 2100 excelsum
3115 2023 3326 2095 nimis
3383 2029 3453 2096 et

354 2170 647 2220 ascensu
702 2148 1082 2238 plurimum
1141 2147 1492 2219 horridum
1552 2153 1621 2218 61
1674 2146 2065 2219 difficilem:
2126 2153 2325 2218 erant
2363 2146 2546 2218 enim
2587 2146 3078 2218 interscalares
3119 2144 3346 2236 ipsius
3383 2148 3454 2216 et

358 2268 657 2340 multum
715 2267 1057 2340 distantes
1114 2272 1183 2339 et
1237 2267 1697 2339 foraminibus
1764 2267 2178 2357 fissurisque
2244 2267 2466 2358 pleni,
2534 2273 2614 2337 111
2667 2267 2912 2338 11111166
2975 2287 3299 2356 pavorem
3354 2265 3454 2335 fa-

358 2387 491 2459 cile
546 2388 939 2460 incuterent
996 2387 1420 2460 ascendenti.
1478 2387 1713 2458 Huius
1770 2409 2043 2478 quoque
2098 2387 2355 2478 gradus
2396 2387 2766 2459 summitas
2805 2386 2986 2458 nulli
3025 2391 3174 2459 erat
3209 2384 3456 2456 innixa

359 2509 824 2589 firmamento,
884 2508 1115 2580 sedin
1171 2508 1351 2580 aeris
1408 2508 1633 2579 medio
1689 2507 2059 2580 videbat-ur
2118 2529 2486 2599 suspensa.
2546 2509 2754 2579 Hunc
2807 2508 3102 2599 gradum
3137 2528 3295 2577 cum
3333 2526 3454 2576 ne-

376 2649 567 2700 cesse
621 2627 1022 2700 habuissem
1062 2629 1461 2715 ascendere,
1520 2628 1838 2699 collectis
1878 2633 2234 2719 utcunque
2273 2628 2575 2714 viribuS,
2634 2627 2935 2699 transire
2991 2626 3220 2716 coepi,
3279 2630 3348 2697 et
3385 2624 3461 2695 in

372 2747 646 2819 modum
714 2749 1087 2838 reportatis
1143 2749 1465 2820 manibus
1530 2770 1610 2819 ac
1664 2748 1958 2838 pedibus
2027 2749 2338 2838 adusque
2405 2747 2880 2819 summitatem
2945 2746 3096 2819 eius
3153 2743 3456 2831 ascendi,

364 2889 540 2958 quae
596 2869 763 2955 etsi,
821 2873 901 2938 111
956 2868 1221 2940 dictum
1285 2873 1422 2954 est,
1489 2868 1672 2939 nulli
1736 2867 2157 2940 inniteretur
2223 2869 2691 2954 firmament0,
2759 2866 2846 2937 ad
2901 2866 3296 2956 proximum
3353 2869 3456 2935 ta-

364 3009 517 3058 men
576 3010 615 3058 a
670 2989 887 3060 latere
942 2988 1179 3060 aderat
1237 2989 1579 3079 quoddam
1618 2987 2125 3078 pavimentum:
2187 3009 2322 3078 quo
2363 2989 2663 3075 calcato,
2704 2987 2852 3058 vidi
2888 2986 3106 3058 alium
3143 2984 3460 3077 gradum,

365 3107 483 3178 sed
540 3110 763 3179 multo
818 3109 1203 3181 breviorem
1260 3114 1329 3181 et
1386 3108 1665 3180 facilius
1714 3108 2103 3181 meabilem.
2162 3107 2371 3178 Hunc
2408 3107 2662 3179 iterum
2701 3128 2856 3178 cum
2896 3104 3456 3196 pertransissem,

363 3228 653 3316 perveni
708 3229 794 3299 ad
852 3228 1136 3300 tertium
1200 3231 1491 3320 gradum
1556 3233 1625 3300 et
1688 3230 1877 3299 hunc
1941 3229 2222 3319 quidem
2285 3228 2811 3316 brevissimum,
2886 3231 2956 3298 et
3008 3227 3166 3298 luce
3220 3223 3462 3297 claris-

367 3344 545 3416 sima
602 3352 670 3417 et
724 3347 977 3418 mirum
1034 3348 1107 3419 in
1164 3348 1439 3420 modum
1478 3347 1637 3420 visu
1678 3347 2084 3420 delectabili
2122 3349 2516 3438 perfusum:
2575 3351 2724 3418 erat
2761 3346 2944 3419 enim
2985 3366 3196 3436 super
3231 3344 3465 3437 ipsum

368 3466 673 3538 fenestra
726 3490 895 3555 11116,
956 3491 1131 3559 quae
1185 3467 1669 3540 huiuscemodi
1723 3467 1991 3539 lumine
2043 3466 2334 3558 gradum
2391 3467 2596 3538 illum
2635 3467 3036 3538 irradiabat.
3095 3466 3466 3538 Praeterea

372 3593 521 3657 erat
577 3591 644 3658 et
700 3587 799 3659 ibi
867 3588 937 3659 in
996 3588 1336 3678 superiori
1400 3593 1597 3678 parte
1660 3587 2006 3678 quoddam
2072 3586 2521 3677 palatiolum,
2599 3587 2672 3658 in
2746 3586 2930 3676 quod
2993 3587 3158 3656 dum
3225 3605 3464 3675 perve-

367 3707 665 3789 nissem,
725 3707 912 3778 sensi
967 3730 1073 3778 me
1129 3708 1511 3797 plurimum
1568 3709 1987 3780 oblectatam
2044 3707 2180 3778 loci
2219 3707 2418 3778 illius
2457 3707 2908 3792 amoenitate3
2967 3711 3036 3778 et
3092 3705 3259 3797 quia
3306 3704 3463 3775 nul-

371 3827 514 3897 lum
574 3827 815 3898 adesse
873 3827 1053 3915 vidi,
1112 3827 1682 3917 circumspiciens
1740 3827 2174 3900 consideravi
2231 3827 2316 3898 ad
2373 3827 2732 3898 dexteram
2789 3826 3048 3897 ostium
3084 3847 3303 3898 unum
3342 3845 3464 3916 pa-

370 3955 525 4020 tens
584 3947 702 4020 sed
757 3969 1082 4038 parvum,
1144 3953 1213 4019 et
1252 3948 1743 4038 introspiciens
1792 3948 2015 4020 medio
2054 3947 2258 4038 quasi
2296 3967 2578 4037 corpore
2615 3946 2962 4034 immisse,
3022 3946 3167 4017 vidi
3206 3947 3466 4018 lectum

369 4089 584 4138 unum
640 4068 815 4138 miro
872 4068 1071 4138 modo
1128 4068 1568 4152 deliciosum,
1630 4069 1751 4158 qui
1810 4073 2033 4139 totum
2091 4067 2271 4139 illud
2328 4067 2762 4138 commodum
2811 4071 3304 4156 occupaverat,
3362 4069 3466 4137 at-

370 4187 651 4280 tingens
708 4209 747 4259 a
802 4189 937 4258 fine
992 4209 1215 4278 usque
1282 4189 1367 4259 ad
1422 4190 1631 4260 finem
1694 4189 1894 4276 adeo,
1955 4193 2034 4258 ut
2088 4192 2325 4260 arctus
2389 4186 2772 4277 plurimum
2839 4187 3183 4258 transitus
3239 4187 3466 4278 ingre-

370 4308 591 4381 dienti
646 4313 1053 4380 remaneret.
1112 4309 1199 4379 In
1253 4309 1383 4380 hoc
1437 4309 1589 4380 loco
1654 4309 2171 4380 recumbentem
2235 4306 2516 4397 respexi
2579 4327 2944 4397 personam
3001 4306 3202 4397 quasi
3259 4327 3470 4378 sexus

373 4427 685 4514 feminei,
744 4427 1104 4500 reverendi
1160 4428 1531 4500 admodum
1596 4429 1869 4514 vultus,
1940 4433 2299 4518 totamque
2364 4426 2881 4499 candidissimis
2947 4427 3293 4512 carbasis,
3352 4447 3470 4515 pe-

370 4549 651 4640 plisque
706 4547 779 4619 in
835 4547 1065 4638 capite
1120 4553 1537 4638 coopertam.
1598 4546 1708 4618 Ad
1762 4553 1972 4637 caput
2028 4547 2193 4619 lecti
2232 4546 2433 4618 illius
2474 4548 2670 4619 sedes
2711 4551 2860 4616 erat
2899 4546 3165 4636 posita,
3223 4545 3298 4616 in
3337 4566 3473 4635 qua

374 4669 723 4741 sedentem
780 4667 926 4738 vidi
990 4667 1539 4758 praedicatorem
1594 4667 1831 4754 illum,
1908 4672 1976 4738 et
2048 4666 2250 4757 quasi
2283 4667 2646 4757 ‚quaedam
2701 4667 2956 4752 relata,
3015 4664 3474 4738 commissave

373 4811 415 4860 a
468 4788 655 4860 dicta
708 4787 989 4859 domina
1055 4788 1589 4878 suscipientem,
1657 4808 1833 4878 quae
1899 4809 1971 4859 se
2024 4788 2392 4878 paululum
2461 4787 2850 4875 acclinanS,
2917 4785 3054 4858 sibi
3107 4785 3182 4857 in
3237 4802 3475 4858 aurem

374 4908 577 5000 quasi
632 4908 1071 4999 loquebatur.
1130 4908 1323 4980 Haec
1378 4909 1621 4981 videns
1677 4908 2071 4981 retrocessi.
2130 4908 2434 4998 Moxque
2491 4907 2614 4979 ille
2669 4905 2930 4978 reflexa
2987 4907 3162 4978 facie
3215 4906 3319 4977 sic
3367 4925 3476 4978 me

375 5029 726 5100 allocutus
784 5033 962 5098 erat:
1020 5027 1241 5099 Filia!
1302 5049 1425 5100 cur
1480 5028 1788 5100 venisti?
1846 5027 1985 5100 cito
2040 5028 2418 5100 revertaris
2474 5027 2788 5112 domum;
2857 5047 2983 5118 ego
3041 5047 3316 5117 quoque
3371 5045 3476 5096 se-

377 5170 551 5239 quar
606 5170 641 5219 e
696 5148 994 5240 vestigio
1053 5155 1145 5220 te.
1205 5149 1313 5220 Ad
1369 5149 1550 5220 hanc
1588 5169 1825 5220 vocem
1862 5148 2066 5239 quasi
2122 5147 2404 5220 solicita
2455 5147 2539 5219 de
2577 5146 2924 5224 iussione.
2982 5145 3300 5219 celeriori
3341 5165 3479 5236 quo

374 5268 574 5360 potui
630 5269 829 5339 modo
885 5269 1233 5341 descendi.
1293 5269 1392 5340 At
1446 5269 1609 5339 dum
1665 5268 1751 5338 ad
1802 5268 2097 5358 gradum
2155 5267 2360 5339 illum
2417 5267 2814 5339 inferiorem
2853 5266 3168 5340 fixissem
3205 5266 3480 5358 pedem,

377 5389 524 5461 vidi
578 5410 615 5461 6
667 5394 854 5460 16116
908 5389 1119 5460 aliam
1176 5388 1588 5460 muliebrem
1645 5409 2009 5478 personam
2065 5388 2584 5474 ascendentem,
2644 5393 2714 5458 et
2753 5387 2930 5458 hanc
2967 5387 3250 5478 quidem
3291 5407 3479 5458 cras-

379 5530 529 5582 sam
583 5513 653 5581 et
707 5508 983 5581 obesam
1041 5529 1353 5600 corpore,
1410 5509 1495 5580 ab
1553 5507 1739 5580 intra
1793 5510 2026 5580 autem
2080 5527 2396 5598 purpura
2450 5505 2784 5580 vestitam
2823 5511 2894 5580 et
2929 5505 3228 5598 desuper
3273 5505 3486 5578 flavei
