4342 6384
437 577 570 677 (Α.
612 576 702 651 D.
746 573 999 672 1434.)
1639 595 1864 647 nrm-:n
1919 596 2377 647 unm-:emus
3387 578 3528 648 551

439 783 920 874 Przeschburg
957 784 1012 869 1)
1067 781 1150 853 de
1203 780 1523 872 partibus
1587 780 1820 851 Rheni
1882 801 2006 869 per
2066 780 2334 851 Istrum
2402 780 2930 853 descendentem
2987 781 3360 868 adeunteS,
3418 802 3530 854 co-

437 904 643 975 miter
697 909 767 975 et
821 901 1119 993 benigue
1182 901 1267 973 ab
1333 921 1411 972 eo
1477 900 1754 990 excepti
1809 906 1880 971 et
1933 922 2056 991 per
2121 922 2359 972 omnes
2424 900 2605 988 dieS,
2674 900 2929 991 quibus
2988 903 3057 972 et
3112 900 3184 972 in
3240 901 3435 972 curia
3465 898 3529 988 2)

439 1029 508 1095 et
563 1022 636 1093 in
693 1021 1040 1093 Dominiis
1098 1019 1246 1091 suis
1303 1020 1784 1107 morabantur,
1840 1019 2164 1092 honorati
2204 1026 2271 1091 et
2312 1020 2595 1091 tractati
2627 1018 2711 1108 ³),
2771 1040 3101 1091 concessa
3130 1019 3192 1108 ⁴)
3248 1020 3533 1093 audien-

437 1142 571 1227 tia,
631 1142 956 1213 mandata
1010 1146 1402 1230 exponunt,
1459 1138 1642 1211 nihil
1699 1139 1926 1226 aliud,
1988 1161 2194 1231 quam
2252 1140 2435 1231 qnod
2491 1139 2884 1211 iniunctum
2942 1145 3091 1210 erat
3145 1138 3325 1226 illis,
3383 1140 3533 1211 affi-

439 1261 730 1332 nitatem
787 1281 912 1351 per
965 1261 1182 1331 filiam
1241 1260 1516 1331 Alberti
1558 1259 1774 1331 Ducis
1815 1260 2179 1345 Austriae,
2238 1267 2642 1349 proneptem
2684 1280 2910 1345 suam,
2956 1258 3375 1349 iungendam
3412 1280 3528 1349 pe-

440 1384 627 1461 tunt.
685 1380 983 1451 Miratur
1019 1380 1438 1470 Imperator,
1479 1378 1661 1451 nihil
1699 1379 1782 1451 de
1818 1380 2325 1470 gubernatione
2366 1379 2589 1469 Regni
2629 1379 2961 1450 Poloniae
3000 1379 3073 1449 in
3112 1400 3269 1451 eum
3308 1385 3534 1450 trans-

443 1499 792 1572 fundenda
863 1500 1131 1590 legatos
1200 1500 1504 1585 locutos3
1563 1506 1632 1571 et
1687 1498 1850 1569 dum
1917 1520 2060 1570 rem
2119 1500 2481 1570 confictam
2539 1504 2609 1570 et
2662 1503 2921 1570 temere
2976 1520 3017 1569 a
3072 1520 3146 1571 se
3201 1498 3535 1571 creditam

443 1624 512 1690 et
567 1619 926 1711 vulgatam
986 1618 1489 1706 intellexisset,
1549 1618 1858 1690 solicitat
1911 1639 2034 1707 per
2086 1617 2582 1690 cancellarium
2634 1640 2835 1689 suum
2874 1618 3250 1709 Casparnm
3292 1617 3537 1691 Schlik

443 1759 580 1809 non
637 1738 870 1811 verbis
928 1737 1185 1819 solum,
1245 1737 1363 1809 sed
1419 1737 1818 1827 promissiS,
1880 1738 2148 1829 legatos
2206 1738 2569 1821 Poloniae,
2646 1737 2937 1810 offerens
3004 1737 3296 1810 cuilibet
3344 1738 3539 1811 mille

444 1858 858 1929 florenorum
915 1880 1220 1929 annuum
1287 1858 1652 1943 salarium,
1721 1863 2066 1948 quatenus
2133 1857 2218 1928 ad
2284 1856 2691 1928 abolendam
2759 1857 2870 1928 sui
2926 1856 3211 1947 pudoris
3274 1862 3535 1946 notam,

443 1977 1016 2068 gubernat-ionem
1071 1977 1182 2050 illi
1237 1976 1467 2069 Regni
1521 1977 1884 2064 Poloniae,
1943 1998 2152 2068 quam
2209 1998 2283 2048 se
2336 1976 2733 2067 repromisit
2779 1978 3071 2050 honeste
3109 1982 3532 2069 spreturum,

447 2096 793 2169 offerrent.
851 2098 1099 2189 Legati
1163 2098 1662 2189 necquicquam
1728 2097 1961 2169 verbis
2026 2102 2148 2168 ant
2202 2096 2569 2186 promissis
2624 2096 2829 2175 moti.
2896 2101 3220 2169 asserunt
3275 2097 3347 2168 id
3402 2096 3538 2170 sibi

447 2218 853 2289 nullatenus
907 2218 1148 2305 licere,
1207 2238 1293 2290 ne
1347 2218 1432 2290 de
1487 2218 1718 2291 miuus
1775 2217 2038 2289 sincere
2103 2217 2449 2288 mandatis
2514 2216 2730 2308 regiis
2787 2222 2856 2289 et
2910 2217 3137 2308 Regni
3192 2216 3536 2308 expositis

449 2336 958 2409 incusarentur.
1017 2337 1451 2429 Quapropter
1506 2342 1574 2409 et
1629 2337 2020 2428 Imperator
2074 2338 2304 2409 animo
2344 2335 2679 2423 offensuS‚
2737 2337 2993 2428 legatis
3050 2336 3382 2409 Poloniae
3428 2357 3534 2409 re-

451 2457 778 2548 spondet:
855 2456 1014 2527 Non
1095 2478 1248 2529 esse
1311 2458 1678 2529 honestum
1743 2463 1867 2529 aut
1931 2478 2228 2548 aequum
2301 2456 2681 2529 affinitates
2752 2456 3073 2548 iungere,
3137 2455 3278 2527 nisi
3342 2456 3539 2547 prius

451 2574 772 2647 omnibus
827 2574 1230 2663 discordiiS,
1289 2576 1606 2663 iniuriiS,
1662 2575 1944 2647 offensis
2000 2582 2070 2646 et
2125 2575 2643 2663 simultatibuS,
2702 2594 2924 2667 aequo
2975 2576 3125 2649 iure
3179 2575 3364 2647 inter
3400 2576 3535 2649 Re—

449 2714 572 2786 ges
627 2699 698 2765 et
751 2694 996 2787 Regna
1051 2696 1318 2767 sanatis
1358 2700 1426 2767 et
1463 2695 1891 2786 compositis,
1952 2695 2146 2786 Quod
2184 2700 2265 2765 ut
2302 2695 2581 2767 facilius
2618 2694 2975 2786 procedat,
3037 2714 3378 2767 consensu
3434 2696 3531 2768 le-

449 2821 769 2906 gatorum
857 2815 1108 2885 festum
1181 2815 1627 2887 Pentecostes
1711 2815 1876 2885 anni
1959 2816 2178 2886 fut-uri
2242 2835 2367 2905 pro
2434 2815 2889 2917 conventione
2974 2814 3531 2887 consiliariorum

451 2933 820 3023 utriusque
895 2934 1121 3025 Regni
1195 2934 1562 3021 indicitur,
1639 2936 1725 3005 ad
1781 2933 1964 3025 quod
2028 2954 2101 3006 se
2155 2933 2548 3025 Imperator
2608 2934 3035 3025 repromittit
3098 2934 3537 3006 consiliarios

455 3052 858 3125 missurum.
929 3056 1235 3144 Accepto
1301 3074 1667 3145 responso,
1726 3055 1945 3145 legati
2018 3053 2300 3145 navigio
2368 3074 2454 3126 ex
2508 3054 2992 3144 Przeschburg
3020 3054 3082 3140 ⁵)
3139 3054 3210 3126 in
3270 3053 3539 3125 Budam

453 3177 524 3245 et
579 3172 830 3245 exinde
885 3175 1196 3246 terrestri
1256 3175 1504 3246 itinere
1558 3174 1630 3246 in
1686 3174 2046 3246 Poloniam
2080 3174 2142 3262 θ)
2198 3179 2668 3246 revertuntur.
2727 3174 3036 3245 Mittitur
3088 3177 3160 3245 et
3223 3174 3310 3244 ad
3365 3172 3538 3245 Con·

455 3293 698 3364 cilium
754 3293 1150 3365 Basiliense
1203 3295 1550 3369 Iohannes
1606 3294 2000 3365 Luthlronis
2055 3294 2139 3365 de
2196 3295 2491 3365 Brzesze
2524 3296 2585 3381 ⁷)
2642 3293 3027 3365 Canonicus
3084 3292 3537 3381 Gnesnensis,

454 3417 536 3483 ut
589 3433 740 3485 cum
802 3413 1154 3485 Stanislao
1212 3414 1534 3506 episcopo
1601 3414 2061 3486 Posnaniensi
2129 3422 2199 3485 et
2254 3415 2546 3485 Nicolao
2602 3414 2996 3503 Lassoczky
3052 3412 3309 3485 decano
3374 3412 3535 3485 Cra-

455 3531 764 3604 coviensi
820 3532 1135 3619 iunctus,
1177 3534 1676 3606 ambasiatores
1705 3533 1768 3621 8)
1825 3532 2038 3625 Regis
2077 3539 2146 3605 et
2184 3533 2409 3625 Regni
2456 3538 2997 3624 repraesentent.
3055 3530 3432 3603 Pontifices
3470 3537 3541 3603 et

451 3652 748 3725 barones
804 3652 1097 3723 maiores
1152 3652 1341 3724 mitti
1398 3675 1536 3725 non
1590 3652 1890 3745 placuit,
1949 3657 2029 3723 ut
2083 3653 2292 3724 rebus
2348 3652 2652 3743 publicis
2709 3651 2959 3723 melius
2998 3651 3269 3723 consuli
3308 3651 3539 3742 provi-

457 3771 743 3861 derique
780 3770 1027 3861 possit.
1087 3772 1414 3843 Adventu
1464 3771 1859 3843 Luthkonis
1917 3772 1987 3844 in
2039 3772 2391 3845 Basileam
2457 3792 2641 3844 mors
2676 3771 2891 3862 Regis
2922 3770 2986 3859 ⁹)
3039 3778 3373 3841 renovata
3408 3776 3540 3858 est,

455 3890 858 3961 dolentibus
915 3890 1234 3962 omuibus
1291 3891 1748 3963 excellentiae
1803 3896 2039 3963 tantae
2077 3894 2337 3983 Regem
2378 3898 2447 3962 et
2484 3891 2645 3963 fidei
2694 3890 3119 3962 christianae
3159 3889 3540 3961 maximum

455 4016 980 4099 propagatorem
1051 4011 1494 4101 absumptum
1561 4032 1736 4082 esse.
1803 4011 2203 4082 celebratae
2260 4016 2424 4081 sunt
2479 4010 2589 4082 illi
2648 4010 2718 4081 in
2776 4010 3067 4082 ecclesia
3131 4009 3543 4097 cathedrali,

456 4127 796 4216 impensis
845 4128 1185 4199 Stanislai
1224 4129 1518 4219 Czyolek
1575 4129 1880 4219 episcopi
1937 4130 2467 4216 Posna-niensiS,
2523 4130 2793 4220 regales
2831 4134 2899 4201 et
2939 4130 3344 4221 magnificae
3381 4150 3541 4202 exe·

457 4248 696 4337 quiae,
756 4252 826 4317 et
880 4248 1104 4318 omnis
1161 4248 1378 4317 honos
1434 4268 1589 4319 cum
1647 4250 1870 4319 multa
1924 4248 2291 4320 devotione
2347 4248 2644 4339 primum
2700 4248 3019 4340 habitu&
3080 4249 3361 4319 Branda
3397 4248 3541 4340 epi-

458 4386 665 4455 scopo
720 4366 1096 4437 Portuensi
1151 4367 1500 4438 Cardinali
1557 4367 2001 4455 Placentino,
2073 4368 2354 4438 missam
2412 4368 2839 4456 celebrante,
2898 4376 2969 4439 et
3024 4368 3359 4459 Magistro
3414 4368 3543 4439 Ni-

456 4485 654 4556 colao
709 4484 1150 4575 Kozlowsky‚
1229 4486 1349 4576 qni
1423 4487 1802 4577 Sbigneum
1878 4488 2277 4578 episcopum
2354 4487 2906 4575 Cracoviensem,
2981 4488 3067 4560 ab
3142 4509 3221 4559 eo
3286 4487 3545 4558 missus

454 4604 1055 4693 repraesentabat,
1114 4605 1185 4675 in
1224 4606 1442 4676 latino
1485 4628 1866 4677 sermonem
1905 4607 2209 4678 nobilem
2262 4608 2585 4678 faciente:
2644 4608 2715 4679 in
2756 4630 2891 4699 quo
2930 4609 3019 4694 10)
3074 4608 3157 4679 de
3198 4607 3543 4679 excelleu-

458 4723 686 4810 tibus,
743 4724 1132 4815 magnificis
1189 4728 1258 4796 et
1313 4724 1709 4817 insignibus
1766 4726 2083 4798 victoriis
2141 4726 2322 4814 suis,
2381 4726 2548 4799 item
2605 4727 2687 4799 de
2742 4727 3091 4817 religiosis
3131 4732 3200 4799 et
3238 4726 3543 4799 devotis-

679 5030 725 5110 ¹)
771 5032 1055 5109 Prisburg
1104 5028 1257 5095 Cocl.
1302 5030 1493 5094 Rozr.
1557 5031 1605 5113 2)
1654 5034 1714 5093 in
1761 5034 1924 5094 curia
1968 5052 2076 5094 sua
2125 5028 2275 5095 Cod.
2338 5030 2531 5096 Rozr.
2596 5032 2649 5114 ³)
2692 5034 2928 5095 tractati
2974 5041 3113 5096 sunt
3158 5028 3310 5097 Cod.
3330 5028 3335 5031 ’
3359 5030 3551 5096 Rozr.

459 5132 516 5211 ⁴)
564 5152 850 5195 concessa
905 5136 1142 5195 tandem
1193 5130 1344 5199 Cod.
1393 5134 1584 5196 Rozr.
1636 5134 1690 5215 ⁵)
1735 5137 2022 5212 Prisburg
2070 5132 2223 5199 Cod.
2272 5134 2463 5199 Rozr.
2527 5136 2579 5215 ⁶)
2627 5140 2685 5197 in
2734 5137 3111 5198 Lithuaniam
3160 5134 3312 5198 Cod.
3374 5134 3549 5197 Kost.

460 5236 516 5313 ⁷)
567 5238 806 5297 Brzezie
857 5234 1008 5297 Cod.
1055 5236 1231 5299 Kost.
1282 5236 1332 5315 ⁸)
1381 5240 1612 5313 legatos
1661 5234 1812 5299 Cod.
1859 5236 2051 5299 Rozr.
2101 5238 2155 5315 9)
2201 5240 2513 5299 wladislai
2556 5242 2740 5316 Regis
2789 5236 2943 5301 Cod.
2992 5238 3183 5301 Rozr.
3244 5239 3319 5319 ¹⁰)
3363 5240 3423 5299 in
3469 5241 3551 5299 la-

455 5342 586 5401 tino
633 5358 900 5400 sermone
943 5342 1200 5401 nobilem
1244 5342 1581 5401 concionem
1627 5342 1906 5421 faciente,
1951 5344 2010 5401 iu
2057 5361 2177 5418 qua
2224 5338 2375 5403 Cod.
2426 5341 2614 5405 Rozr.
