4342 6384
433 538 574 641 (Α.
607 539 706 625 D.
737 536 978 644 mm.)
1609 564 1834 620 LIBER
1883 565 2359 633 numenius.
3450 549 3543 619 27

438 752 704 844 optem:
763 746 886 823 ubi
936 752 1174 824 tamen
1229 747 1680 840 permittente
1737 750 1880 823 Deo
1936 771 2243 843 pugnam
2308 753 2584 838 funesto
2652 753 2875 836 Marte
2928 752 3096 824 iniri
3150 753 3544 845 contigerit,

443 873 754 956 strenue,
797 868 1371 965 quemadmodum
1431 870 1758 962 sanguini
1804 869 2106 963 ingenuo
2154 872 2514 961 convenit,
2556 873 2955 961 decertab03
2996 877 3075 945 tu
3113 894 3309 961 vere,
3352 873 3543 965 quid,

445 988 749 1087 qualiter
803 993 874 1061 et
929 989 1269 1081 quomodo
1326 988 1668 1077 consuliS,
1737 991 2223 1081 providentius
2288 992 2641 1081 attendas,
2714 992 2920 1084 idque
2978 1014 3185 1084 quam
3240 992 3545 1067 maxime

439 1129 716 1195 caveas,
775 1130 861 1183 ne
917 1108 1085 1201 quid
1120 1110 1170 1198 ¹)
1226 1109 1414 1183 intra
1468 1111 1598 1183 hos
1647 1110 1957 1201 parietes
2015 1112 2340 1185 ferociter
2392 1112 2476 1185 de
2512 1112 2698 1183 bello
2756 1112 3129 1203 disputans
3159 1112 3247 1201 2),
3306 1135 3393 1185 ex
3434 1116 3541 1185 fu-

437 1234 596 1299 tura
650 1228 1130 1316 dimicatione,
1187 1230 1388 1303 velut
1440 1232 1759 1323 galeatus
1813 1232 2052 1323 lepus,
2111 1234 2345 1324 fugam
2382 1253 2731 1323 capescas.
2790 1232 3130 1324 Coeperat
3181 1235 3541 1325 posthaec,

439 1348 668 1431 rixam
725 1349 1373 1450 commendatorum
1429 1350 1966 1443 intercipiendo,
2025 1375 2217 1423 uuus.
2264 1374 2351 1425 ex
2390 1353 2769 1427 baronibus
2806 1353 3248 1447 Hungariae,
3309 1354 3540 1429 Stibo-

433 1468 584 1545 rius
640 1470 724 1540 de
781 1469 1240 1558 Stiborzicze,
1303 1470 1472 1543 aliis
1535 1471 1843 1563 itemque
1905 1472 2070 1550 aliis
2127 1472 2379 1546 mediis
2434 1495 2671 1565 pacem
2728 1474 3056 1562 suadere,
3114 1478 3183 1546 et
3238 1473 3543 1547 militem

432 1610 508 1661 se
564 1594 1002 1679 veteranum,
1063 1590 1134 1663 in
1189 1590 1398 1664 bellis
1451 1591 1846 1679 assiduum,
1913 1594 2177 1666 multas
2245 1614 2521 1685 quoque
2580 1593 2759 1667 belli
2812 1593 3193 1667 varietates
3250 1598 3321 1667 et
3374 1616 3532 1669 con·

433 1710 735 1800 ditiones
774 1714 1170 1803 expertum,
1211 1712 1523 1787 crederet
1559 1713 1814 1785 saltem
1853 1713 2020 1809 sibi,
2071 1718 2141 1787 et
2179 1714 2345 1787 dum
2382 1713 2657 1802 liceret,
2696 1734 2939 1807 pacem
2977 1736 3113 1787 non
3151 1720 3533 1807 respueret.

433 1831 725 1926 Accepit
793 1835 1026 1905 autem
1080 1854 1122 1903 a
1175 1832 1513 1925 Magistro
1587 1832 1920 1905 Prussiae
1994 1834 2239 1907 Ulrico
2310 1855 2759 1925 responsum:
2834 1831 3206 1931 Loqueris„
3280 1834 3536 1925 inquit,

433 1949 772 2039 Stiborie,
840 1955 920 2023 ut
973 1952 1315 2043 Polonus3
1385 1951 1644 2026 scimus
1712 1952 1895 2025 enim
1961 1964 2030 2026 te
2096 1974 2185 2025 ex
2248 1952 2545 2029 Polonia
2611 1958 2679 2027 et
2734 1975 2823 2026 ex
2879 1958 3065 2027 terra
3119 1954 3539 2046 Cuyaviensi

423 2076 662 2151 ‚ortum
717 2092 902 2161 esse,
961 2076 1032 2143 et
1085 2076 1450 2166 propterea
1501 2072 1577 2146 in
1631 2078 1902 2164 partem
1959 2078 2027 2146 et
2083 2076 2389 2147 favorem
2442 2074 2677 2169 gentis
2734 2078 2896 2147 tuae
2950 2094 3191 2173 pacem
3246 2096 3533 2165 persua-

423 2192 556 2269 ,des
610 2196 681 2273 et
735 2191 1079 2283 consuliS,
1139 2214 1348 2283 quam
1401 2194 1811 2268 nullatenus
1869 2193 2041 2273 mihi
2098 2199 2167 2267 et
2207 2193 2452 2269 Ordini
2508 2194 2675 2267 licet
2710 2198 3097 2289 acceptare.
3159 2193 3308 2284 Qua
3346 2194 3421 2267 in
3456 2216 3533 2267 re

427 2333 758 2408 magnum
811 2316 1090 2388 constat
1144 2312 1399 2396 ‚vitium
1451 2313 1962 2390 Cruciferorum
2031 2336 2217 2403 esse,
2288 2315 2470 2407 quod
2536 2315 2908 2406 superbam
2972 2314 3538 2405 praeseferebant

427 2430 932 2525 arrogantiam,
1004 2431 1358 2525 tantisque
1426 2455 1500 2507 se
1565 2437 1636 2507 et
1700 2433 1972 2507 viribus
2037 2440 2110 2507 et
2161 2434 2413 2526 opibus
2480 2434 2836 2509 iactabant
2898 2435 3198 2525 pollere,
3262 2439 3343 2505 ut
3398 2456 3535 2517 non

428 2552 838 2644 putaverint
867 2551 929 2641 ³)
984 2553 1169 2625 inter
1233 2554 1460 2646 Reges
1526 2553 1732 2627 Orbis
1800 2558 1943 2627 fore
2009 2576 2460 2647 quemquam,
2531 2554 2653 2645 qui
2716 2554 2866 2626 illis
2932 2554 3119 2645 bello
3174 2560 3245 2626 et
3298 2576 3535 2647 pugna

431 2673 718 2765 aequari
780 2673 1040 2765 possit:
1110 2677 1525 2765 tantumque
1591 2675 1729 2747 sibi
1785 2696 1825 2747 a
1880 2675 2172 2749 caeteris
2239 2673 2560 2747 omnibus
2624 2674 2879 2747 deferri
2932 2674 3180 2748 debere
3236 2673 3531 2747 arbitra-

430 2794 720 2882 bantur,
781 2798 1121 2885 quantum
1177 2793 1316 2866 sibi
1371 2792 1548 2885 ipsis
1604 2794 1834 2866 animo
1892 2799 1961 2867 et
2015 2794 2440 2887 cogitatione
2505 2793 2913 2867 fiduciarum
2970 2799 3531 2886 assumpserant3

431 2914 880 3006 fugiebatque
922 2914 1092 3001 illos
1131 2914 1262 2998 tali
1301 2912 1603 3006 caligine
1638 2914 2079 3003 obcoecatos,
2135 2914 2519 3003 nem-inem,
2576 2918 2773 2987 tauto
2812 2934 3157 2987 consensu
3196 2912 3529 3003 omnium,

429 3035 798 3127 probatum
853 3039 977 3106 aut
1030 3033 1342 3106 validum
1399 3032 1647 3122 fuisse,
1706 3034 1817 3106 cui
1871 3034 2300 3126 periculum,
2359 3034 2571 3106 etiam
2626 3034 2712 3107 ab
2769 3033 3139 3122 imbecilli,
3208 3054 3347 3105 non
3402 3033 3531 3105 im-

429 3152 716 3231 mineat.
792 3155 1102 3245 Batones
1175 3152 1579 3253 Hungariae
1643 3152 1960 3239 ‚animum
2027 3153 2351 3247 Magistri
2404 3159 2476 3227 et
2530 3175 2815 3230 suorum
2884 3154 3533 3238 commendatorum

425 3275 912 3369 intelligentes
983 3274 1071 3347 ad
1139 3295 1381 3367 pacem
1460 3273 1706 3365 aequis
1779 3274 2299 3347 conditionibus
2384 3272 2937 3370 suscipiendam,
3024 3273 3533 3349 inexorabilem

415 3417 614 3483 esse,
680 3394 1012 3477 nuntium
1075 3394 1347 3487 regium
1410 3396 1698 3493 Petrum
1765 3394 2134 3489 Korczbog
2163 3395 2226 3482 ⁴)
2298 3394 2702 3481 remittunt,
2780 3394 3259 3486 significantes
3332 3394 3529 3465 Wla-

427 3515 651 3602 dislao
705 3516 1130 3591 Polonorum
1161 3512 1223 3603 5)
1278 3514 1490 3612 Regi,
1550 3536 1624 3588 se
1679 3514 1961 3605 quidem
2001 3514 2235 3587 omnia
2274 3514 2540 3603 studia,
2598 3514 2879 3607 ingenia
2943 3536 3022 3587 ac
3080 3515 3353 3590 labores
3400 3514 3526 3601 im-

423 3636 784 3729 pendisse,
842 3634 1280 3735 impensuros
1319 3656 1622 3727 quoque,
1683 3634 1866 3726 quod
1913 3633 2189 3721 licebit,
2249 3636 2423 3707 fore:
2482 3636 2788 3715 nondum
2836 3643 3069 3707 tamen
3109 3634 3527 3730 Magistrum

427 3762 497 3829 et
550 3754 1154 3835 Commendamres
1211 3776 1374 3849 suos
1431 3755 1502 3826 in
1557 3755 2049 3847 acceptandam
2105 3776 2345 3847 pacem
2420 3754 2873 3843 conduxisse,
2948 3754 3241 3828 necdum
3316 3753 3527 3840 etiam

425 3899 615 3969 spem
673 3874 1092 3960 ordinandae
1145 3875 1339 3967 pacis
1394 3874 1830 3967 deposuisse;
1887 3875 2251 3951 offerentes
2306 3897 2381 3949 se
2436 3876 2697 3969 Regem
2748 3896 2876 3967 per
2929 3873 3287 3966 proprium
3346 3896 3524 3945 nun-

421 3997 600 4069 tium
651 3998 728 4071 in
784 3995 1087 4069 crastino
1144 3994 1597 4084 mittendum,
1653 3998 1738 4069 de
1795 3995 1992 4068 finali
2030 3995 2420 4070 intentione
2458 3995 2781 4087 Magistri
2818 3999 2895 4067 et
2934 4014 3252 4072 suorum,
3309 3992 3517 4065 certi-

420 4120 777 4198 ficaturos.
845 4116 1207 4189 Redeunte
1273 4121 1506 4189 autem
1537 4118 1599 4207 6)
1665 4118 1876 4191 Petro
1957 4116 2325 4209 Korczbog
2356 4117 2415 4207 ⁷)
2497 4115 2583 4198 ad
2656 4116 2916 4209 Regem
2982 4118 3051 4187 et
3114 4136 3523 4205 responsum

425 4239 760 4313 baronum
825 4235 1230 4328 Hungariae
1293 4236 1671 4324 referente,
1741 4236 2020 4327 singula
2085 4256 2391 4326 quoque,
2461 4256 2639 4325 quae
2706 4233 2888 4307 idem
2952 4235 3207 4315 Petrus
3264 4234 3523 4307 Korcz-

415 4360 558 4450 ,bog
585 4356 649 4449 8)
706 4356 780 4432 in
836 4355 1343 4431 Cruciferorum
1401 4356 1712 4429 exercitu
1751 4356 2024 4428 viderat
2061 4360 2130 4427 et
2169 4355 2613 4442 odoraverat,
2672 4355 3102 4442 declarante,
3158 4353 3525 4440 ,intellexit

423 4477 864 4565 wladislaus
921 4474 1253 4551 Poloniae
1309 4476 1465 4556 Rex
1521 4476 1792 4549 nullam
1858 4474 2162 4567 amplius
2230 4475 2313 4547 de
2368 4496 2537 4567 pace
2592 4474 2907 4547 habenda
2962 4473 3099 4549 sibi
3154 4496 3349 4565 spem
3406 4494 3521 4545 su·

417 4620 726 4690 peresse.
783 4599 869 4669 In
924 4619 1074 4669 eam
1129 4594 1478 4687 siquidem
1535 4594 1747 4683 diem,
1807 4600 1950 4667 tam
2007 4594 2445 4667 Wladislaus
2500 4593 2835 4667 Poloniae
2889 4594 3047 4667 Rex
3104 4597 3173 4667 et
3210 4594 3521 4668 Alexan-

423 4719 546 4791 der
597 4715 1024 4793 Lithuaniae
1079 4716 1274 4803 Dux,
1345 4738 1550 4807 quam
1616 4737 1850 4789 eorum
1913 4736 2235 4807 proceres
2291 4719 2359 4789 et
2414 4713 2832 4803 consiliarii,
2898 4735 3138 4807 pacem
3196 4718 3265 4785 et
3321 4717 3516 4803 opta-

423 4840 592 4913 bant
645 4844 715 4911 et
769 4837 1172 4930 sperabant:
1233 4840 1302 4908 et
1358 4858 1438 4909 oa
1493 4857 1614 4927 spe
1655 4835 1910 4923 illecti,
1969 4834 2056 4907 ad
2092 4834 2405 4907 fluminis
2444 4836 2821 4910 Drwancza
2854 4834 3083 4926 ripas,
3141 4834 3228 4906 ad
3259 4832 3321 4921 ⁷)
3376 4837 3516 4906 sta-

421 4957 570 5032 tiva
631 4956 1138 5031 cruciferorum
1210 4954 1446 5048 regius
1517 4955 1868 5029 exercitus
1941 4955 2489 5047 propinquabat,
2568 4958 2648 5043 ut
2714 4954 2776 5026 si
2828 4974 3071 5047 pacem
3140 4951 3517 5044 practicari

636 5246 682 5326 ¹)
729 5266 804 5309 ne
848 5247 1007 5327 quod
1049 5244 1174 5313 Ed.
1223 5244 1402 5331 [αἶρε.
1454 5243 1509 5325 ⁹)
1555 5246 1822 5324 disputas
1866 5242 1992 5305 Ed.
2040 5242 2223 5329 [Αἶρε.
2272 5242 2320 5321 ³)
2366 5248 2643 5321 putarent
2666 5238 2827 5317 cod.
2859 5240 3051 5305 Rozr.
3089 5238 3141 5324 ⁴)
3170 5242 3521 5317 Korczborg

421 5346 575 5413 cod.
641 5346 818 5413 Cabv.
886 5348 939 5431 ⁵)
999 5352 1282 5413 Poloniae
1357 5347 1506 5411 C'od.
1570 5346 1760 5410 Rozr.
1827 5345 1879 5423 ⁶)
1945 5367 2085 5409 vero
2152 5342 2303 5409 God.
2366 5344 2556 5411 Rozr.
2623 5343 2676 5427 ⁷)
2736 5346 3079 5423 Korczborg
3141 5338 3291 5407 Cod.
3343 5338 3517 5407 Calv.

426 5453 477 5533 ⁸)
515 5432 868 5533 ,Korcaborg
916 5448 1064 5522 Cad.
1118 5448 1292 5517 Cet-lv.
1345 5450 1395 5531 ⁰)
1446 5457 1504 5513 et
1545 5446 1703 5513 Cocl.
1753 5448 1944 5512 Roz-r.
