4342 6384
450 599 581 701 (Α.
622 601 713 676 D.
754 599 1007 700 1427.)
1616 626 1839 678 LIBER
1890 625 2348 680 imbuentes.
3387 596 3536 670 349

446 929 720 1020 Sophiae
764 931 1049 1022 aeginae
1066 989 1083 1018 ,
1146 931 1325 1004 odito
1366 933 1503 1004 tilio
1544 932 1772 1005 itidem
1816 933 2137 1004 Kazimiro
2156 987 2174 1019 ,
2234 933 2626 1006 sacrmenti
2682 933 2984 1022 purgatio
3045 930 3126 1003 do
3170 929 3541 1020 suspicione

736 1053 1039 1125 adulterii
1080 1053 1411 1140 indicitur,
1458 1057 1529 1125 et
1571 1054 2035 1144 prognosticon
2078 1053 2275 1124 trium
2317 1054 2593 1125 tiliorum
2635 1054 2952 1143 regiorum
2996 1052 3270 1142 capitur.

651 1291 1123 1365 conventione
1184 1291 1259 1364 in
1324 1293 1591 1365 Hrodlo
1654 1292 2013 1384 expedita,
2086 1292 2520 1366 wladislaus
2585 1293 2740 1365 Rex
2813 1291 2888 1363 in
2953 1296 3174 1364 terras
3237 1289 3539 1363 Russiae

444 1410 689 1498 rediit,
748 1415 817 1483 et
871 1413 1191 1485 autumni
1248 1418 1554 1503 temporo
1609 1415 1793 1504 apud
1848 1413 2013 1485 illas
2060 1417 2342 1501 exacto,
2403 1411 2472 1484 in
2512 1411 2936 1484 Lithuaniae
2975 1416 3196 1484 terras
3251 1410 3533 1482 descon-

444 1529 573 1616 dit,
630 1535 842 1622 atque
880 1531 1031 1604 illic
1068 1537 1286 1604 totam
1342 1533 1674 1620 hiemem,
1714 1533 2003 1606 venatui
2046 1534 2099 1622 ¹)
2154 1533 2378 1605 dando
2435 1553 2745 1624 operam,
2803 1529 3219 1622 absumpsit.
3276 1528 3539 1620 Sophia

444 1655 677 1722 autem
732 1651 1065 1724 Poloniae
1119 1650 1390 1744 Regina
1453 1653 1537 1724 de
1606 1657 1771 1725 nota
1799 1651 1861 1742 2)
1936 1653 2070 1725 sibi
2134 1659 2208 1726 et
2283 1675 2408 1724 suo
2465 1650 2727 1724 nomini
2795 1672 2882 1724 ex
2938 1649 3352 1742 captivitate
3407 1646 3536 1720 mi·
3645 1691 3658 1698 -

444 1769 653 1841 litum
726 1775 795 1843 et
856 1771 1285 1863 relegatione
1346 1771 1701 1865 virginum
1766 1773 2131 1864 imposita,
2197 1773 2390 1845 ultra
2462 1793 2669 1864 quam
2735 1771 2921 1845 credi
2976 1775 3238 1862 potest,
3307 1767 3537 1841 tristis

444 1895 515 1961 ot
568 1888 811 1978 anxia,
868 1889 1151 1962 fletibus
1217 1895 1287 1963 et
1342 1891 1669 1964 lamentis
1737 1914 2024 1979 vacanS,
2093 1893 2514 1984 querebatur
2569 1912 2642 1964 se
2698 1891 2986 1964 sinistre
3051 1895 3121 1963 et
3173 1910 3299 1980 per
3353 1887 3536 1961 iniu-

442 2009 616 2080 riam
680 2008 1115 2082 infamatam.
1198 2009 1652 2083 Ordinationo
1716 2016 1950 2084 autem
2024 2017 2093 2084 et
2156 2012 2358 2084 iussu
2429 2009 2810 2083 Wladislai
2881 2010 3098 2102 Regis
3170 2029 3258 2080 ex
3331 2006 3538 2080 terris

444 2129 743 2202 Russiae
812 2129 1213 2202 Cracoviam
1278 2151 1352 2203 so
1415 2131 1749 2218 contulit,
1808 2139 1877 2204 ot
1938 2131 2051 2204 die
2118 2131 2408 2204 Saturni
2479 2131 2870 2222 penultima
2933 2129 3385 2215 Novembris,
3461 2127 3536 2200 in

444 2247 689 2340 vigilia
760 2249 1003 2322 Sancti
1074 2250 1395 2322 Andreae
1462 2247 1831 2342 Apostoli,
1908 2251 2196 2324 tertium
2267 2251 2526 2339 filium,
2601 2271 2644 2322 a
2717 2249 3022 2343 Sbigneo
3095 2245 3537 2322 cracoviensi

442 2368 797 2459 episcopo,
873 2368 985 2440 die
1048 2369 1235 2442 Solis
1308 2369 1643 2443 vicesima
1704 2370 1931 2462 prima
1994 2371 2430 2457 Decembris,
2506 2370 2837 2443 videlicet
2909 2368 2982 2441 in
3047 2371 3224 2442 festo
3293 2366 3538 2440 Sancti

442 2487 743 2561 Thomae
798 2488 1155 2580 Apostoli,
1223 2489 1408 2581 apud
1473 2491 1995 2564 cracoviensem
2061 2491 2426 2564 ecclesiam
2492 2491 2923 2582 baptisatum
2999 2493 3068 2561 et
3131 2487 3535 2560 Kazimirus

444 2615 799 2694 vocatum,
866 2607 1133 2682 effudit.
1218 2609 1805 2699 Quemadmodum
1878 2617 2110 2683 autem
2185 2616 2431 2702 partus
2503 2610 2713 2702 primi
2776 2609 2910 2682 filii
2983 2609 3095 2681 sui
3157 2604 3537 2680 Wladislai

442 2727 747 2819 propriis
800 2728 937 2800 fuit
1000 2728 1335 2820 optabilis
1398 2735 1469 2802 et
1528 2731 2009 2822 gratissimae,
2076 2731 2470 2804 forensibus
2532 2751 2694 2802 vero
2760 2735 2832 2803 et
2884 2727 3140 2802 vicinis
3207 2725 3530 2798 formido-

441 2849 635 2920 losus
690 2851 761 2921 et
814 2849 1247 2921 tremendus:
1324 2849 1425 2922 ita
1481 2871 1568 2922 cx
1624 2849 1973 2923 contrario
2027 2851 2239 2924 huius
2293 2849 2634 2923 nativitas
2689 2848 2992 2942 propriis
3049 2847 3330 2940 quidem
3385 2851 3534 2918 erat

441 2968 737 3040 molesta
790 2972 859 3042 et
914 2969 1365 3057 execrabiliS,
1436 2969 1794 3042 extraneis
1848 2992 2013 3043 vero
2077 2971 2384 3044 iucunda
2448 2977 2520 3043 et
2573 2971 2857 3056 hilaris,
2927 2969 3046 3061 qui
3103 2973 3338 3038 notam
3394 2966 3529 3037 Re-

441 3086 645 3180 ginae
700 3091 771 3160 et
822 3087 1078 3160 infanti
1132 3087 1441 3161 inustam
1496 3091 1757 3162 fabulis
1813 3096 1885 3163 et
1920 3090 2244 3164 irrisione
2291 3091 2922 3182 prosequebantur:
2981 3089 3066 3161 ad
3107 3107 3312 3179 quam
3369 3085 3530 3157 abo-

441 3208 748 3297 lendam,
790 3208 1217 3281 consiliariis
1254 3210 1734 3283 sancientibus
1756 3209 1843 3300 ³),
1884 3211 2208 3303 purgatio
2247 3211 2552 3302 Sophiae
2590 3211 2896 3303 Reginae
2937 3212 3288 3282 metsexta
3324 3225 3534 3277 manu

440 3326 707 3400 indicta
772 3333 901 3400 est.
983 3328 1202 3418 Quam
1277 3327 1581 3421 Sbigneo
1652 3330 2095 3403 cracoviensi
2166 3329 2522 3421 episcopo,
2599 3330 2900 3403 cristino
2957 3331 3041 3402 de
3096 3329 3364 3401 Ostrow
3425 3345 3536 3397 ca·

440 3448 737 3520 stellano
754 3461 787 3534 ,⁸
828 3447 1139 3520 Iohanne
1204 3448 1286 3520 de
1342 3450 1631 3520 Tarnow
1692 3449 2037 3541 palatino,
2106 3449 2716 3538 cracoviensibuS,
2784 3453 2854 3524 et
2907 3449 3198 3522 Nicolao
3263 3448 3346 3518 de
3401 3443 3530 3516 Mi-

439 3567 703 3639 chalow
756 3567 1069 3658 palatino
1128 3567 1678 3642 Sandomiriensi
1746 3575 1815 3642 et
1868 3569 2232 3660 capitaneo
2289 3569 2762 3657 cracoviensi,
2821 3568 3353 3660 accipientibus,
3411 3584 3536 3656 per

442 3709 513 3759 se
570 3692 640 3758 et
696 3691 961 3778 septem
1018 3686 1437 3780 insigniores
1492 3689 1789 3762 feminas
1845 3693 1916 3761 et
1952 3693 2307 3762 matronas
2360 3689 2665 3782 peregit,
2723 3689 3054 3763 videlicet
3090 3685 3530 3761 catherinam

440 3806 719 3880 Nicolai
770 3807 1071 3898 palatini
1128 3808 1715 3881 Sandomiriensis
1770 3814 2200 3897 consortem,
2270 3811 2546 3882 Annam
2603 3809 2892 3902 Sbignei
2921 3810 2984 3898 ⁴)
3043 3805 3370 3880 marsalci
3422 3825 3527 3876 re-

439 3925 709 4014 lictam,
766 3926 1131 3999 Kochnam
1164 3926 1224 4015 5)
1280 3927 1521 4001 Iacobi
1570 3929 1656 4000 de
1692 3929 2227 4021 Konyeczpolye
2281 3928 2582 4020 palatini
2639 3927 3059 4002 Siradiensis
3114 3929 3527 4009 consortem,

438 4045 814 4139 Hedvigim
868 4045 1204 4119 Iohannis
1242 4049 1561 4120 clowacz
1615 4047 1911 4140 palatini
1950 4049 2336 4137 Masoviae,
2395 4049 2774 4122 Klichnam
2812 4049 2878 4120 N
2885 4046 3132 4140 awogii
3177 4045 3262 4117 do
3299 4045 3527 4116 Mokr-

438 4167 563 4238 sko
616 4165 923 4250 relictas,
982 4172 1053 4238 et
1107 4167 1446 4240 Helenam
1504 4175 1891 4242 consortem
1949 4169 2157 4242 Pauli
2211 4169 2296 4242 de
2336 4168 2920 4262 Bogumilowioze
2975 4166 3230 4239 iudicis
3285 4165 3526 4236 craco-

438 4285 734 4375 viensiS,
792 4307 873 4359 ac
925 4287 1265 4359 Helenam
1302 4288 1590 4360 Kothka
1618 4290 1683 4376 θ)
1723 4289 2097 4381 virginem,
2154 4289 2486 4362 Floriano
2524 4287 3034 4378 Paczanowsky
3086 4285 3528 4377 postmodum

440 4407 951 4498 desponsatam.
1018 4407 1189 4479 Erat
1244 4429 1325 4480 ea
1379 4415 1796 4499 tempestate
1852 4409 1925 4482 in
1982 4409 2425 4483 cracoviensi
2483 4409 2733 4483 Studio
2790 4407 3127 4500 Magister
3180 4403 3528 4478 Henricus

434 4547 685 4619 genere
740 4525 1123 4615 Bohemus,
1182 4527 1254 4599 in
1310 4527 1777 4600 astronomica
1830 4534 1980 4602 arte
2035 4535 2180 4602 tam
2235 4535 2486 4603 natura
2551 4551 2759 4622 quam
2814 4527 3131 4600 doctrina
3185 4523 3530 4618 singulari

437 4646 819 4737 praeditus.
877 4645 1015 4719 Hic
1068 4646 1155 4718 ad
1210 4646 1550 4740 Reginam
1607 4648 1939 4739 Sophiam
1995 4649 2065 4721 in
2103 4650 2362 4740 primo,
2419 4650 2722 4722 secundo
2779 4651 2850 4720 et
2895 4645 3106 4719 tertio
3158 4643 3528 4736 puerperio

434 4763 915 4852 intromissae,
980 4765 1521 4858 primogenitum
1588 4766 2058 4840 Wladislaum
2125 4769 2506 4840 multorum
2572 4768 2968 4860 Regnorum
3025 4771 3097 4838 et
3158 4764 3522 4855 Principa-

436 4889 635 4956 tuum
691 4885 1072 4957 dominium
1106 4885 1166 4974 ⁷)
1230 4891 1631 4974 nacturum,
1708 4887 1769 4959 si
1836 4889 1979 4960 fata
2041 4908 2290 4961 aevum
2354 4887 2468 4960 illi
2522 4887 2801 4980 longius
2866 4907 3003 4958 non
3057 4883 3524 4972 invidissent3

435 5003 1054 5098 secundogenitum
1126 5005 1562 5079 Kazimirum
1625 5006 1991 5100 genitricis
2058 5027 2227 5080 suae
2300 5007 2850 5080 fervidissimum
2923 5011 3335 5092 amatorem,
3404 5003 3526 5078 sed

646 5295 693 5376 ¹)
740 5299 1040 5359 venationi
1107 5295 1260 5361 eod.
1307 5295 1499 5361 Rozr.
1570 5297 1626 5378 ⁹)
1674 5299 1747 5360 de
1804 5299 2081 5362 adulterii
2144 5305 2286 5362 nota
2346 5293 2498 5362 God.
2544 5295 2736 5360 Rozr.
2814 5296 2862 5376 ³)
2909 5298 3298 5359 sentientibus
3370 5292 3528 5360 God.

433 5397 625 5462 Rozr.
695 5397 749 5480 ⁴)
794 5401 1035 5478 Sbignei
1082 5403 1157 5462 (le
1200 5403 1442 5463 Brzezie
1503 5396 1655 5464 Cod.
1702 5399 1895 5464 Rozr.
1960 5400 2011 5482 ⁶)
2062 5403 2360 5464 Concham
2409 5397 2560 5466 Cod.
2594 5398 2786 5463 Rozr.
2857 5397 2910 5480 ⁶)
2957 5401 3326 5462 Kostkowna
3373 5395 3526 5463 God.

431 5500 610 5565 Kost.
662 5500 713 5582 ⁷)
760 5508 820 5564 et
848 5504 1233 5565 dominiorum
1278 5505 1683 5582 Principatum
1723 5503 1851 5568 Ed.
1884 5502 2066 5589 Lips.
