4342 6384
1321 513 1478 588 496
2514 530 2741 586 mam
2792 528 3253 583 cumcuma.
3865 505 3999 607 (A.
4038 506 4130 581 D.
4171 507 4342 583 1433.

1325 717 1433 808 (in
1487 714 1776 788 Italiam
1831 714 2015 787 enim
2072 734 2196 805 pro
2243 733 2492 787 corona
2546 713 2896 805 imperiali
2953 713 3332 786 obtinenda
3385 713 3861 802 discesserat),
3918 733 4041 803 per
4096 712 4342 785 Mislimi

1325 856 1442 908 cze
1480 837 1534 925 1)
1592 839 1664 908 et
1718 834 1860 907 alia
1913 834 2067 906 loca
2122 833 2352 925 Regni
2405 832 2738 907 Poloniae
2796 833 3075 925 irrupit.
3145 834 3440 908 Clausae
3503 838 3737 907 autem
3794 837 3992 906 erant
4047 853 4171 924 per
4224 833 4342 905 arbo

1319 978 1477 1028 rum
1531 937 1910 1027 incisiones
1965 952 2291 1026 mandato
2347 954 2565 1046 Regis
2620 958 2691 1025 et
2746 953 3307 1025 consiliariorum
3357 954 3587 1046 Regni
3627 954 3960 1025 Poloniae
4014 953 4205 1040 viae3
4255 975 4342 1044 pr<

1323 1075 1564 1150 hibere
1617 1073 1804 1147 enim
1861 1072 2237 1146 transitum
2293 1073 2445 1146 illis
2501 1073 2576 1144 in
2628 1073 3067 1165 Hungariam
3123 1073 3565 1146 Wladislaus
3625 1075 3779 1147 Rex
3837 1094 4243 1164 magnopere
4290 1094 4342 1145 cu

1324 1195 1596 1288 piebat‚
1653 1200 1723 1268 et
1778 1198 2117 1286 quantum
2172 1194 2246 1265 in
2303 1215 2382 1265 eo
2439 1199 2620 1281 erat,
2688 1194 2981 1266 moleste
3045 1193 3312 1266 ferebat
3368 1195 3746 1286 Hungaros
3803 1195 3890 1265 ab
3946 1192 4095 1264 illis
4162 1214 4342 1265 vexat.

1325 1315 1701 1389 Exercitus
1764 1320 1998 1387 tamen
2064 1314 2419 1405 praefatus
2484 1313 2894 1405 intelligens
2958 1314 3220 1406 Regem
3285 1320 3354 1387 et
3418 1315 3721 1387 Polonos
3787 1313 4170 1412 domestico
4234 1313 4342 1385 bell

1326 1439 1733 1528 occupatoS,
1791 1433 1975 1506 nihil
2030 1432 2371 1506 incisione
2425 1433 2746 1506 arborum
2804 1439 2875 1506 et
2927 1434 3412 1524 praeclusione
3468 1434 3741 1506 viarum
3783 1434 4108 1519 territus,
4167 1433 4342 1505 securi

1325 1556 1460 1630 bus
1524 1559 1594 1628 et
1649 1554 1810 1647 igne
1841 1552 1902 1642 2)
1958 1558 2245 1626 truncos
2312 1553 2671 1625 obstantes
2737 1560 3189 1642 consumunt,
3259 1560 3328 1626 et
3393 1554 3747 1627 obstantia
3812 1574 4164 1645 quaeque,
4222 1554 4342 1625 null

1329 1696 1446 1749 eos
1501 1675 1921 1761 lacessente,
1979 1673 2369 1765 depellunt.
2426 1673 2518 1744 Et
2572 1673 2741 1746 licet
2797 1673 3203 1766 Hungariae
3267 1673 3595 1762 baroneS,
3663 1675 3940 1766 cognito
4005 1696 4233 1747 eorum
4289 1673 4342 1744 ad

1330 1799 1580 1884 ventu,
1640 1795 1931 1867 collecto
1985 1792 2334 1880 exercitu,
2402 1793 2503 1865 ire
2561 1793 2634 1866 in
2690 1793 2966 1866 obviam
3022 1798 3091 1866 et
3146 1794 3473 1885 congredi
3537 1815 3695 1867 cum
3761 1794 3910 1867 illis
3966 1796 4342 1867 statuissent

1330 1914 1574 1988 audita
1617 1919 1852 1988 tamen
1889 1933 2123 1987 eorum
2160 1914 2503 2004 pertinaci
2542 1914 2615 1985 in
2651 1914 2973 2006 Regnum
3012 1914 3416 2007 Hungariae
3453 1914 3877 2006 irruptione,
3918 1921 4124 2007 rupto
4163 1935 4342 2004 camp<

1330 2034 1854 2127 disperguntur.
1911 2034 2207 2125 Propter
2261 2034 2446 2125 quod
2501 2035 2967 2107 Bohemorum
3020 2040 3264 2126 gentes
3320 2035 3393 2106 in
3441 2041 3695 2108 terram
3737 2035 4257 2126 Scepusiensem
4288 2033 4342 2105 de

1333 2175 1653 2229 sconsum
1718 2153 2086 2236 facienteS,
2162 2154 2494 2245 oppidum
2561 2155 2908 2227 Kesmark
2983 2175 3279 2227 vacuum
3345 2155 3829 2228 defensoribus
3904 2161 4172 2247 (omnes
4236 2155 4342 2226 eni1

1332 2279 1530 2347 erant
1592 2274 1897 2347 adventu
1953 2295 2189 2347 eorum
2222 2271 2284 2362 3)
2338 2273 2702 2365 repentino
2766 2295 3023 2365 pavore
3075 2274 3292 2347 nimio
3346 2274 3685 2366 perculsi)
3744 2279 3817 2347 et
3853 2275 4342 2367 intercipiunt<

1333 2395 1956 2487 comprehendunt,
2026 2394 2149 2467 ubi
2214 2415 2503 2486 magnas
2560 2415 2757 2485 opes,
2834 2394 3160 2486 pluribus
3226 2394 3429 2470 annis
3498 2398 3898 2486 congestas,
3972 2396 4342 2487 reperiente

1334 2515 1658 2608 spoliatis
1713 2514 1966 2589 vicinis
2023 2514 2301 2606 oppidis
2356 2520 2427 2586 ct
2480 2513 2712 2602 villis,
2773 2519 2976 2606 capto
3032 2514 3242 2587 etiam
3307 2515 3717 2607 Praeposito
3783 2515 4226 2606 Scepusiensi
4281 2514 4342 2586 G«

1334 2636 1560 2728 orgio,
1618 2635 1739 2727 qui
1796 2634 1867 2707 in
1921 2635 2221 2726 Pragam
2261 2634 2632 2722 deductus,
2689 2633 2841 2707 illic
2880 2635 3237 2722 occubuit,
3280 2639 3351 2707 et
3385 2635 3717 2707 districtu
3755 2636 4035 2709 Thurek
4071 2634 4342 2727 praedat

1333 2777 1458 2848 per
1510 2760 1780 2829 montes
1836 2755 1908 2827 in
1962 2754 2246 2846 propria
2298 2776 2455 2826 cum
2512 2753 2968 2828 multitudine
3022 2755 3470 2847 praedarum,
3528 2755 3678 2827 sine
3718 2756 3957 2847 aliqua
3994 2756 4342 2829 animadve]

1335 2876 1528 2948 sione
1580 2879 1656 2947 et
1711 2875 2107 2963 obstaculo,
2165 2895 2487 2947 reversae
2544 2879 2733 2947 sunt.

1339 3229 1582 3304 melia
1626 3230 1936 3304 semoviti
1981 3229 2306 3303 lexoviae
2351 3230 2541 3303 Ducis
2582 3232 2719 3303 fllia
2751 3230 3067 3321 Bognslao
3096 3231 3249 3303 nuci
3278 3232 3608 3322 Stolpensi
3652 3232 3870 3318 nubit,
3918 3234 3989 3303 et
4031 3231 4342 3303 Hatsiun

1762 3352 2116 3425 auxiliaros
2161 3354 2385 3443 copiae
2431 3370 2472 3423 a
2513 3352 2770 3424 Polonis
2813 3353 2882 3425 in
2927 3353 3164 3425 novam
3210 3353 3549 3425 larchiarn
3595 3352 4020 3425 deducuntur.

1548 3601 1908 3675 Celebrato
1962 3602 2275 3674 Paschae
2328 3600 2612 3674 Domini
2664 3601 2776 3675 die
2833 3601 2904 3673 in
2959 3600 3289 3689 Kalisch,
3347 3601 3786 3673 Wladislaus
3839 3602 3995 3675 Rex
4052 3601 4130 3674 in
4174 3600 4342 3674 Posn

1222 3752 1238 3770 ·
1339 3721 1528 3794 niam
1601 3721 1824 3794 venit:
1901 3720 2021 3794 ubi
2092 3721 2273 3793 Duci
2344 3723 2695 3814 Bognslao
2764 3721 3155 3814 Stolpensi,
3224 3727 3390 3794 tunc
3455 3722 3585 3795 sub
3658 3721 3889 3811 specie
3950 3718 4301 3814 peregrini

1339 3842 1764 3915 Posnaniam
1827 3840 2171 3929 venienti,
2240 3846 2522 3932 neptem
2586 3863 2784 3914 suam
2850 3862 2937 3913 ex
3002 3862 3234 3914 sorore
3297 3862 3627 3933 germana
3656 3840 3743 3929 ⁴),
3818 3839 4042 3912 filiam
4104 3841 4342 3913 Semov

1344 3960 1562 4034 Ducis
1601 3961 1985 4048 Masoviae,
2026 3961 2376 4034 Ameliam
2407 3960 2469 4051 5)
2525 3961 2901 4055 virginem,
2941 3962 3017 4034 in
3053 3961 3577 4033 matrimonium
3614 3960 3861 4048 tradit,
3904 3964 3976 4033 et
4011 3959 4342 4053 regalesc

1343 4079 1572 4153 lebrat
1623 4080 1908 4173 nuptias
1974 4084 2043 4154 et
2097 4081 2354 4154 curias.
2427 4081 2592 4154 Illic
2621 4082 2685 4171 θ)
2740 4082 2825 4153 de
2875 4080 3188 4155 exercitu
3237 4082 3733 4168 Bohemorum,
3792 4080 4027 4172 quise
4070 4079 4341 4172 Orphan

1344 4199 1827 4291 appellabant,
1885 4221 2180 4292 quorum
2234 4201 2582 4275 Iohannes
2637 4201 2905 4292 Czapek
2959 4201 3042 4273 de
3098 4202 3279 4273 Szan
3312 4203 3371 4290 ⁷)
3428 4205 3579 4274 erat
3621 4199 3872 4273 unicus
3918 4200 4181 4272 ductor
4216 4197 4342 4271 et(

1342 4319 1704 4412 pitaneuS,
1763 4325 1832 4393 et
1869 4321 1989 4412 qui
2029 4324 2197 4393 tunc
2233 4320 2715 4413 depopulando
2754 4325 2823 4393 et
2861 4321 3254 4413 quassando
3309 4322 3729 4409 AlmannOS,
3785 4320 4170 4409 Missnam,
4227 4319 4342 4391 Sar

1344 4440 1534 4514 niam
1598 4445 1670 4515 et
1731 4461 1921 4513 oram
1994 4439 2062 4512 N
2065 4440 2700 4533 urembergensem,
2766 4442 2953 4515 bello
3009 4445 3077 4513 et
3131 4441 3527 4514 vastatione
3590 4440 4034 4533 affligebant,
4108 4458 4342 4513 veneru

1343 4560 1581 4636 nuntii
1635 4561 1721 4633 ad
1777 4561 2068 4652 Regem,
2128 4560 2493 4635 offerentes
2550 4583 2623 4635 se
2680 4562 3041 4653 quodlibet
3095 4560 3488 4634 subsidium
3534 4567 3776 4633 contra
3810 4561 4220 4634 cruciferos
4254 4578 4342 4650 pn

1344 4682 1666 4755 stituros.
1723 4681 2040 4772 Excepta
2093 4685 2204 4753 est
2257 4702 2493 4755 eorum
2550 4682 2845 4771 oblati0,
2905 4683 3071 4755 licet
3107 4681 3180 4753 id
3219 4681 3355 4753 viri
3394 4681 3853 4755 ecclesiastici
3908 4680 4342 4753 dissuasisse

1347 4822 1505 4876 cum
1539 4800 2007 4895 gratitudine,
2057 4800 2376 4892 iussique
2413 4807 2580 4874 sunt
2616 4822 2772 4875 cum
2811 4801 2999 4874 omni
3037 4801 3350 4875 exercitu
3389 4801 3461 4874 in
3499 4801 3567 4874 N
3572 4823 3770 4873 oram
3809 4801 4240 4888 Mar-chiam,
4278 4821 4342 4890 qr

1346 4923 1422 4996 in
1477 4921 1812 4996 ditionem
1868 4919 2379 4994 cruciferorum
2434 4928 2903 5012 concesserat,
2960 4922 3315 5011 accedere,
3375 4926 3444 4995 et
3497 4922 3695 4995 illam
3751 4942 3907 4993 cum
3964 4921 4342 5013 gentibus:

1566 5212 1616 5292 ¹)
1657 5214 1985 5275 Mislinicze
2028 5210 2155 5275 Ed.
2204 5210 2385 5296 Lips.
2435 5212 2490 5292 ²)
2534 5214 2672 5290 igne
2716 5220 2857 5275 tunc
2906 5208 3056 5274 cod.
3104 5210 3295 5275 Rozr.
3348 5212 3400 5292 ³)
3446 5213 3700 5274 hostium
3744 5209 3872 5273 Ed.
3918 5208 4122 5295 Lipa.
4173 5210 4228 5290 4)
4265 5230 4329 5272 ex

1353 5336 1486 5379 rore
1530 5333 1813 5392 germana
1853 5316 2196 5379 Alexandra
2243 5310 2395 5379 Ood.
2441 5314 2632 5379 Rozr.
2684 5314 2734 5397 ⁶)
2778 5316 3090 5378 Aemiliam
3138 5311 3290 5378 Cod.
3340 5313 3530 5378 Rozr.
3579 5313 3631 5396 ⁶)
3665 5315 3861 5391 Atque
3891 5316 4046 5377 illuc
4084 5311 4241 5379 eod.
4267 5310 4342 5377 R«

1359 5417 1412 5500 ⁷)
1456 5419 1532 5480 de
1576 5418 1696 5479 San
1744 5414 1896 5480 Cod.
1941 5416 2133 5481 Rozr.
