4342 6384
826 542 979 615 680
1974 564 2204 619 menn
2251 566 2760 618 11110116οΜ116.
3355 545 3488 646 (Α.
3529 545 3618 620 D.
3661 544 3928 644 1442.)

821 769 981 821 nam
1034 768 1158 839 pro
1214 747 1651 840 Canisprivio
1709 750 1979 821 Budam
2034 749 2317 821 invitat.
2376 750 2529 822 Iam
2584 750 2768 823 enim
2823 751 3094 842 Regina
3147 751 3580 842 splendorem
3616 752 3920 825 virtutis

822 872 891 940 et
946 869 1325 941 modestiae
1382 890 1549 941 suae
1604 869 1977 958 admirata,
2036 869 2560 961 significaverat
2615 870 2752 943 sibi
2791 871 2844 959 ²)
2901 876 3194 959 secreto,
3255 872 3438 944 velle
3487 872 3604 943 illi
3649 873 3736 943 de
3773 873 3916 944 Re-

818 989 947 1081 gni
1006 988 1412 1081 Hungariae
1476 990 1707 1060 favere
1772 989 1981 1075 solie,
2051 993 2123 1062 et
2184 990 2337 1061 filia
2397 990 2656 1063 seniori
2720 990 2883 1061 data
2936 990 3012 1061 in
3063 1010 3385 1079 uxorem,
3454 1012 3590 1062 non
3657 991 3916 1063 minori

820 1107 1025 1181 illum
1083 1129 1290 1199 quam
1344 1107 1571 1179 filium
1638 1128 1843 1179 suum
1906 1108 2270 1199 proprium
2323 1109 2690 1199 complecti
2754 1109 3240 1183 benevolentia
3293 1114 3363 1181 et
3415 1109 3796 1183 dilectione
3823 1110 3913 1199 2),

822 1232 892 1299 61
928 1248 1168 1300 omnes
1203 1248 1437 1315 curae,
1496 1228 1955 1319 cogitationes
2009 1232 2079 1301 et
2133 1228 2368 1300 studia
2420 1248 2544 1319 pro
2600 1229 3061 1319 amplitudine
3117 1233 3186 1301 et
3229 1230 3487 1301 honore
3524 1230 3636 1301 sui
3679 1234 3916 1301 status

822 1351 1223 1421 conuertere
1253 1346 1341 1435 3).
1398 1348 1717 1439 Rogabat
1770 1348 2009 1439 itaque
2062 1348 2335 1440 Regina
2387 1349 2650 1439 Regem
2705 1369 2956 1439 magna
3008 1370 3240 1440 prece,
3300 1352 3378 1420 ut
3431 1349 3658 1421 filium
3699 1370 3911 1421 suum

821 1466 1259 1556 Ladislaum,
1319 1473 1529 1559 atque
1584 1488 1901 1539 coronam
1956 1468 2388 1541 materialem
2442 1468 2671 1561 Regni
2724 1469 3130 1560 Hungariae
3181 1470 3266 1541 de
3303 1469 3624 1542 manibus
3662 1470 3912 1541 Fride-

818 1585 951 1658 rici
1002 1588 1471 1659 Romanorum
1528 1587 1773 1680 Regis,
1830 1592 1951 1658 aut
2004 1587 2207 1659 bonis
2262 1588 2508 1660 mediis
2547 1594 2668 1660 aut
2703 1588 2888 1661 bello
2944 1592 3244 1677 attento,
3303 1588 3484 1679 quod
3520 1588 3708 1660 idem
3743 1589 3908 1659 Fri-

820 1704 1095 1779 dericus
1150 1707 1305 1782 Rex
1362 1708 1636 1779 Ducatu
1692 1707 2024 1779 Austriae
2076 1708 2500 1798 patrimonio
2555 1708 2690 1779 filii
2745 1707 2858 1779 sui
2913 1712 3276 1799 occupato,
3333 1728 3568 1779 omnes
3607 1708 3760 1779 eius
3795 1728 3906 1779 re-

819 1825 1013 1897 ditus
1078 1825 1217 1898 sibi
1279 1825 1696 1917 usurpabat,
1762 1826 2123 1913 liberaret,
2192 1826 2384 1919 Rege
2448 1832 2591 1899 tam
2647 1826 3065 1898 submissam
3129 1826 3540 1917 petitionem
3595 1827 3910 1918 Reginae

818 1965 958 2015 non
995 1944 1364 2017 abnuente.
1418 1944 1622 2018 Unde
1658 1949 1727 2017 et
1763 1945 2035 2037 Regina
2071 1948 2383 2037 petente,
2423 1944 2793 2018 Nicolaum
2830 1946 3224 2037 Lassoczky
3253 1947 3315 2033 ⁴)
3369 1945 3708 2019 decanum
3745 1946 3905 2019 Ora·

820 2064 1245 2153 coviensem,
1304 2063 1613 2136 omnium
1665 2064 2016 2137 actionum
2055 2086 2339 2138 suarum
2379 2071 2720 2139 secretum
2759 2071 2827 2137 et
2865 2066 3138 2137 fidelem
3193 2065 3707 2153 consiliarium,
3765 2067 3905 2137 dis·

822 2184 1073 2257 cedens
1136 2185 1320 2276 apud
1386 2205 1534 2257 eam
1596 2185 1969 2276 relinquit,
2038 2190 2383 2276 quatenus
2449 2185 2786 2259 secretius
2862 2191 2931 2257 et
3003 2185 3226 2277 magis
3288 2185 3507 2258 libere
3560 2186 3648 2257 de
3701 2186 3909 2257 rebus

822 2302 1123 2395 singulis
1177 2308 1415 2405 posset
1468 2325 1627 2377 cum
1682 2326 1759 2378 eo
1815 2307 2037 2377 facere
2094 2306 2404 2378 ordinem
2447 2310 2540 2378 .et
2593 2305 2899 2377 omnium
2973 2305 3394 2397 agendorum
3471 2326 3906 2377 consumma-

822 2422 1106 2499 tionem.
1164 2423 1301 2497 Sed
1354 2424 1501 2497 Deo
1557 2424 1817 2515 optimo
1864 2424 2347 2515 permittente,
2405 2425 2490 2497 dc
2524 2425 3090 2498 reconciliatione
3129 2430 3198 2499 et
3233 2426 3426 2517 pacis
3463 2424 3910 2497 conclusione

820 2548 963 2616 tam
1018 2543 1442 2633 necessaria,
1498 2545 1832 2637 gaudium
1890 2566 2028 2617 non
2082 2550 2190 2617 est
2241 2544 2561 2618 habitum
2616 2545 3048 2617 diuturnum.
3109 2546 3290 2617 Dum
3329 2545 3514 2617 enim
3550 2546 3908 2636 praefatus

820 2664 1121 2737 decanus
1195 2664 1427 2737 triduo
1492 2665 1567 2737 in
1628 2664 1915 2737 Iavrino
1979 2668 2246 2756 ageret,
2311 2664 2680 2737 Elisabeth
2740 2663 3012 2757 Regina
3074 2666 3406 2757 languore
3470 2664 3910 2755 dysenteriae

822 2788 893 2859 et
948 2805 1034 2857 ex
1088 2784 1401 2859 matricis
1456 2785 1721 2873 dolore,
1782 2784 1905 2876 qui
1960 2784 2095 2857 sibi
2134 2783 2502 2857 familiaris
2551 2788 2730 2873 6161,
2791 2804 2994 2876 quem
3033 2784 3319 2857 medicis
3362 2782 3768 2855 fastidiebat
3799 2804 3905 2855 re-

820 2906 1087 2992 velare,
1145 2905 1313 2977 adeo
1368 2904 1737 2977 debilitata
1791 2908 1931 2992 est,
1990 2909 2071 2975 ut
2125 2905 2324 2975 nullo
2360 2906 2668 2975 humano
2703 2904 3006 2977 remedio
3046 2903 3354 2977 succurri
3399 2906 3666 2994 posset.
3725 2902 3902 2993 Qua·

818 3029 1103 3115 propter
1153 3027 1314 3115 11061
1368 3024 1682 3095 triduum
1738 3045 1952 3115 quum
2008 3024 2336 3095 conclusa
2389 3044 2529 3114 pax
2568 3045 2648 3095 ea
2686 3030 2872 3097 esset
2903 3022 2987 3112 ⁵),
3045 3027 3317 3095 mortua
3355 3028 3461 3095 est
3501 3022 3685 3096 etin
3727 3022 3910 3093 Alba

820 3142 1074 3234 Regali
1111 3141 1185 3213 in
1224 3143 1591 3233 sepulchro
1646 3143 1784 3215 viri
1840 3143 1951 3215 sui
2005 3142 2285 3215 Alberti
2339 3142 2554 3235 Regis
2603 3145 2904 3234 sepulta.
2963 3143 3255 3233 Quidam
3293 3164 3442 3216 eam
3480 3162 3748 3214 veneno
3787 3161 3904 3213 ex·

820 3260 1114 3337 tinctam
1144 3260 1207 3350 6)
1261 3265 1629 3353 putavere,
1687 3266 1768 3335 ut
1823 3268 1989 3335 sunt
2042 3263 2358 3335 homines
2398 3262 2472 3334 in
2509 3263 2730 3335 malas
2787 3263 3222 3355 suspiciones
3251 3262 3312 3351 ⁷)
3365 3261 3676 3352 prompti
3713 3266 3785 3333 et
3819 3261 3904 3331 ad

819 3381 1327 3455 criminandum
1381 3383 1605 3475 magis
1661 3404 1869 3474 quam
1923 3382 2350 3455 laudandum
2405 3383 2578 3454 nati.
2637 3385 2740 3456 De
2777 3383 2979 3455 cuius
3017 3387 3236 3455 morte
3273 3382 3712 3454 Wladislaus
3747 3382 3902 3453 Rex

818 3503 1081 3574 multos
1134 3502 1283 3577 dies
1338 3501 1412 3576 16
1466 3503 1797 3575 0011116110
1849 3522 2156 3575 moerore
2204 3503 2580 3591 absumsit,
2642 3503 2967 3594 quoniam
3004 3523 3128 3593 per
3163 3503 3362 3574 illam
3399 3501 3725 3573 credebat
3761 3507 3899 3572 sta-

818 3626 969 3693 tum
1024 3642 1228 3694 suum
1281 3622 1696 3713 plurimum,
1752 3627 2037 3714 propter
2080 3644 2230 3695 eam
2269 3622 2737 3711 affectionem,
2797 3644 3003 3713 quam
3042 3622 3127 3694 dc
3165 3642 3248 3695 ea
3280 3624 3722 3711 conceperat,
3781 3640 3896 3691 au·

816 3742 965 3835 geri
1020 3746 1089 3815 et
1142 3743 1465 3834 Regnum
1518 3742 1923 3835 Hungariae
1975 3742 2274 3833 paccari.
2331 3742 2399 3814 N
2403 3763 2491 3815 on
2529 3747 2678 3815 erat
2713 3748 2946 3814 autem
2986 3742 3136 3814 sine
3174 3741 3304 3813 Dei
3339 3762 3590 3833 magno
3630 3740 3898 3812 occulte

819 3861 1109 3950 iudicio,
1177 3859 1299 3953 qui
1360 3882 1529 3953 pace
1594 3866 1835 3935 secuta
1898 3866 1967 3935 et
2032 3861 2376 3935 charitate
2439 3862 2622 3935 inter
2684 3865 2920 3953 partes
2974 3860 3397 3933 dissidentes
3449 3859 3896 3951 reintegrata,

818 3982 1132 4054 debitum
1188 3983 1461 4055 solvere
1514 3982 1855 4074 Reginam
1891 3981 2246 4073 permisit,
2304 3987 2385 4053 ut
2421 3982 2930 4055 demonstraret
2965 3982 3284 4073 Regnum
3323 3980 3503 4052 illud
3538 3998 3708 4070 pace
3746 3998 3892 4049 esse

817 4100 1213 4193 indignum,
1272 4105 1342 4173 et
1393 4101 1757 4173 hominum
1811 4101 2073 4174 scelera
2127 4102 2432 4174 nondum
2487 4122 2640 4175 esse
2677 4102 2889 4195 digna
2925 4099 3520 4173 animadversione
3567 4103 3892 4189 purgata:

818 4241 977 4294 nam
1039 4224 1201 4312 post
1264 4228 1556 4293 mortem
1610 4221 1925 4313 Reginae
1978 4222 2242 4293 bellum
2298 4242 2384 4293 ex
2439 4221 2712 4313 integro
2767 4226 3111 4308 coortum,
3169 4217 3496 4292 Bohemis
3548 4220 3750 4307 rapto
3787 4216 3889 4287 vi-

816 4361 978 4413 vere
1031 4340 1365 4429 66666116,
1432 4362 1873 4432 nequaquam
1931 4362 2169 4432 pacem
2237 4342 2705 4413 servantibus.
2771 4341 2881 4413 Ab
2938 4361 3016 4412 eo
3073 4338 3321 4411 deinde
3383 4342 3690 4427 tempore
3755 4341 3896 4407 tam

818 4460 1073 4537 Giskra
1109 4458 1199 4550 8),
1275 4481 1481 4552 quam
1545 4460 1671 4533 alii
1727 4465 2111 4533 cast-rorum
2177 4461 2401 4552 partis
2466 4460 2776 4553 Reginae
2839 4458 3186 4551 capitanei
3251 4463 3322 4531 et
3373 4455 3742 4544 tenutarii,
3813 4454 3896 4526 ad

816 4579 1251 4655 Fridericum
1305 4581 1775 4653 Romanorum
1829 4580 2094 4671 Regem
2149 4602 2418 4653 omnem
2475 4583 2968 4653 converterunt
3020 4583 3434 4670 respectum.

1030 4866 1075 4947 ¹)
1122 4870 1210 4929 illi
1260 4864 1411 4931 God.
1456 4868 1633 4933 Kost.
1683 4867 1739 4951 Ω)
1786 4890 1983 4931 amore
2032 4866 2185 4932 cod.
2243 4866 2415 4931 Kost.
2466 4867 2517 4949 ³)
2566 4869 2942 4930 committere.
2995 4864 3147 4930 Ood.
3192 4864 3368 4929 Kost.
3403 4862 3454 4945 ⁴¹)
3484 4865 3744 4927 Lasocki
3773 4836 3906 4927 Ed.

828 4970 1008 5055 Lips.
1058 4970 1113 5050 ⁶)
1158 4989 1333 5048 quam
1378 4975 1656 5035 conclusa
1695 4992 1815 5051 pax
1859 4980 1951 5035 est
2006 4970 2157 5034 0001.
2204 4970 2378 5034 Kost.
2428 4971 2481 5052 ⁶)
2527 4974 2842 5033 extinctam
2887 4990 3023 5032 esse
3065 4967 3192 5031 Ed.
3254 4966 3433 5052 Lips.
3486 4966 3536 5048 ⁷)
3584 4970 3647 5028 in
3690 4970 3896 5029 malam

814 5074 1207 5153 suspicionem
1248 5072 1375 5137 Ed.
1422 5070 1605 5159 Lips.
1654 5074 1705 5156 8)
1752 5076 1925 5137 Iskra
1967 5072 2092 5136 Ed.
2139 5069 2322 5156 Lips.
