4342 6384
348 599 482 704 (Α.
523 598 614 681 D.
655 604 886 705 1412.)
1525 623 1752 684 mmm
1803 623 2261 706 omnemne.
3299 606 3439 685 137

360 813 626 903 „debit,
685 814 801 887 vel
855 814 917 886 si
971 815 1223 886 saltem
1277 815 1354 887 in
1407 815 1699 888 servitio
1753 817 2114 890 memorati
2167 815 2453 890 Domini
2489 816 2869 890 Wladislai
2927 818 3165 910 RegiS,
3208 818 3445 890 fratris

359 934 626 1023 „nostri
681 933 1111 1022 charissimi,
1180 955 1337 1008 cum
1393 956 1521 1007 sua
1583 936 1900 1026 potentia
1951 939 2250 1028 protunc
2312 937 2491 1009 foret
2543 943 3114 1029 praeoccupatus,
3193 937 3328 1028 Qui
3384 938 3445 1010 si

357 1054 484 1143 „de
540 1054 866 1126 mandato
921 1054 1286 1128 memorati
1341 1054 1622 1126 Domini
1677 1055 2056 1128 Wladislai
2093 1056 2341 1149 RegiS,
2398 1061 2480 1128 ut
2531 1057 2987 1148 praelibatur,
3046 1056 3120 1129 in
3158 1077 3443 1129 succur-

365 1195 565 1262 „sum
621 1177 864 1246 contra
919 1175 1176 1246 Turcos
1224 1174 1341 1247 vel
1393 1174 1711 1247 infideles
1757 1174 2218 1266 personaliter
2281 1175 2552 1264 venire,
2619 1177 2737 1249 vel
2788 1175 3196 1251 infirmitate
3249 1197 3447 1268 prae-

359 1293 762 1382 „veniente,
820 1294 1100 1367 mittere
1155 1314 1355 1366 suam
1417 1293 1805 1385 potentiam
1859 1299 2244 1369 recusaret:
2322 1299 2581 1368 extunc
2634 1317 2761 1367 nos
2816 1296 3051 1385 ambe,
3118 1297 3450 1370 videlicet

358 1413 897 1506 „Sigismundus
961 1418 1031 1487 et
1094 1413 1534 1487 Wladislaus
1599 1414 1859 1506 RegeS,
1936 1414 2150 1486 simul
2221 1414 2626 1487 debebimus
2700 1420 2957 1487 terram
3031 1415 3444 1504 Moldaviae,

358 1553 540 1622 „non
595 1533 916 1606 obstante
950 1532 1307 1625 praedicta
1362 1533 1818 1624 obligatione,
1875 1536 2200 1624 potenter
2236 1533 2563 1608 invadere
2621 1539 2689 1608 et
2744 1535 2975 1626 ipsum
3014 1536 3447 1627 Wayvodam

358 1652 853 1740 „Moldvanum
894 1653 946 1743 ι)
1009 1653 1096 1724 ab
1161 1651 1399 1725 eadem
1461 1672 1780 1724 amovere
1813 1650 1876 1740 2)
1951 1656 2021 1725 et
2083 1652 2337 1724 ditioni
2400 1656 2680 1726 nostrae
2738 1654 3143 1746 subiugare,
3204 1654 3441 1727 obten-

357 1775 684 1863 „tamque
737 1772 922 1845 inter
973 1792 1100 1844 nos
1155 1772 1382 1864 Reges
1437 1771 1784 1860 dividere,
1851 1776 1922 1844 et
1983 1793 2106 1874 per
2168 1771 2436 1844 limites
2505 1794 2625 1845 seu
2691 1773 3023 1847 terminos
3088 1773 3443 1846 infrascri-

358 1895 558 1982 „ptos
590 1889 654 1981 ³)
708 1890 1142 1984 distinguere
1197 1896 1268 1964 et
1303 1891 1640 1965 celebrari
1695 1891 1825 1962 tali
1883 1891 2115 1962 modo:
2196 1891 2379 1982 qued
2434 1892 2656 1965 silvae
2709 1891 3004 1964 maiores
3061 1893 3447 1965 Bukowina

356 2009 662 2099 „dictae,
720 2010 1116 2102 incipiendo
1179 2031 1220 2082 a
1273 2010 1628 2082 montibus
1693 2031 1817 2083 seu
1882 2009 2187 2101 Alpibus
2252 2010 2481 2102 Regni
2535 2010 2972 2102 Hungariae,
3045 2011 3229 2084 inter
3282 2032 3441 2083 ean-

359 2130 556 2219 „dem
612 2135 869 2203 terram
923 2130 1314 2202 Moldaviae
1368 2135 1438 2203 et
1475 2135 1727 2202 terram
1787 2130 2378 2221 Sepenyczensem
2408 2129 2471 2218 ⁴)
2528 2130 2861 2219 situatae,
2919 2151 3133 2222 penes
3172 2131 3444 2217 Sereth,

357 2250 892 2340 „protendentes
949 2271 1022 2322 se
1091 2250 1182 2321 ad
1244 2249 1454 2322 aliam
1519 2230 1782 2320 'silvam
1845 2248 2183 2321 minorem
2248 2248 2635 2321 Bukowina
2702 2249 2991 2338 dictam,
3069 2271 3291 2341 usque
3360 2250 3447 2321 ad

359 2369 696 2457 „fluvium
751 2368 1014 2458 Pruth,
1079 2369 1332 2441 debent
1393 2389 1516 2459 per
1570 2367 1875 2440 medium
1942 2367 2165 2439 dividi
2224 2388 2347 2440 seu
2404 2367 2787 2456 dimidiari;
2857 2373 2926 2441 et
2982 2369 3165 2459 quod
3223 2370 3446 2440 forum

359 2488 807 2577 „Iasnasater
835 2486 896 2575 5)
965 2486 1038 2558 in
1115 2486 1404 2559 sinistra
1484 2490 1682 2578 parte
1747 2487 1994 2575 situm,
2071 2491 2349 2559 maneat
2412 2507 2534 2577 pre
2602 2487 2837 2560 eodem
2894 2487 3189 2559 Domino
3246 2487 3443 2559 Wla-

358 2607 624 2696 „dislao
681 2606 1016 2679 Poloniae
1069 2607 1294 2698 Rege;
1352 2608 1576 2678 forum
1632 2627 1794 2678 vero
1853 2627 1977 2678 seu
2032 2606 2209 2678 villa
2263 2606 2554 2678 Berleth
2620 2605 2695 2677 in
2742 2606 2991 2678 dextra
3042 2610 3241 2698 parte
3280 2605 3441 2693 sita,

359 2731 677 2815 „maneat
742 2725 944 2798 nobis
1017 2725 1464 2817 Sigismundo
1540 2725 1721 2818 Regi
1801 2731 1870 2798 et
1945 2725 2249 2798 Coronae
2321 2724 2547 2816 Regni
2623 2725 2846 2797 nostri
2876 2725 2941 2813 θ)
3013 2725 3440 2816 Hungariae.

357 2846 830 2934 „Transcenso
885 2848 1119 2916 autem
1183 2845 1400 2916 fluvio
1464 2845 1724 2933 Pruth,
1797 2844 2118 2917 residuae
2184 2844 2437 2931 silvae,
2503 2844 2765 2916 directe
2829 2844 3255 2934 procedendo
3322 2864 3446 2934 per

359 2983 682 3054 „campos
738 2964 1046 3037 desertos
1101 2985 1325 3055 usque
1381 2965 1467 3035 ad
1521 2984 1741 3052 mare,
1807 2962 1962 3054 pari
2016 2963 2216 3034 modo
2281 2983 2437 3035 cum
2494 2963 2754 3036 eisdem
2822 2962 3084 3054 campis
3141 2963 3437 3035 desertis

358 3103 524 3173 „per
579 3082 884 3154 medium
957 3082 1364 3154 dividantur
1437 3083 1569 3170 ita,
1647 3083 1832 3174 quod
1863 3082 1923 3170 ⁷)
1979 3082 2313 3154 Feiervar
2338 3081 2405 3172 ⁸)
2478 3081 2655 3153 alias
2711 3082 3058 3174 Belegrod
3112 3101 3268 3154 cum
3323 3102 3435 3153 ae·

360 3202 598 3293 „quali
654 3201 1027 3274 medietate
1098 3222 1222 3291 pro
1285 3202 1486 3274 nobis
1554 3201 2002 3294 Sigismundo
2058 3201 2251 3294 Rege
2306 3206 2377 3274 et
2430 3201 2693 3274 Corona
2722 3200 2785 3290 ⁰)
2839 3201 3244 3292 Hungariae
3298 3223 3441 3272 ma-

359 3326 613 3410 „neant
667 3321 908 3393 taliter
960 3319 1366 3393 dimidiatae
1427 3325 1498 3394 et
1562 3321 1864 3408 divisae3
1939 3324 2010 3391 et
2072 3341 2235 3412 pars
2291 3321 2450 3409 illa,
2519 3343 2695 3412 quae
2760 3341 2846 3393 ex
2902 3321 3033 3392 tali
3096 3319 3442 3392 divisione

359 3443 600 3530 „cedet
661 3439 956 3512 Domino
1011 3439 1404 3512 Wladislao
1468 3439 1648 3532 Regi
1711 3439 2102 3530 praedicto,
2180 3444 2536 3512 remaneat
2597 3440 2673 3512 in
2737 3440 3059 3512 manibus
3132 3439 3441 3512 eiusdem

359 3561 532 3652 „sub
590 3561 808 3631 forma
860 3558 1054 3649 pacis
1109 3563 1182 3632 et
1232 3563 1635 3651 treugarum
1691 3579 1900 3650 super
1965 3563 2147 3631 terra
2202 3559 2503 3632 Russiae
2567 3558 2890 3649 superius
2930 3559 3018 3648 ¹⁰)
3076 3579 3438 3650 expressa-

357 3703 579 3770 „rum.
638 3678 782 3751 Ubi
837 3682 1068 3751 autem
1122 3679 1481 3768 praefatus
1546 3678 1963 3750 Moldvanus
2002 3679 2092 3766 11)
2149 3681 2551 3750 constanter
2614 3680 2684 3750 et
2746 3678 3051 3750 fideliter
3114 3678 3442 3748 mandata

357 3821 525 3891 „per
576 3798 966 3890 praefatum
1020 3797 1394 3868 Dominum
1449 3797 1920 3869 Wladislaum
1976 3797 2240 3888 Regem
2296 3795 2433 3869 sibi
2489 3796 2937 3889 iniungenda,
2995 3797 3068 3868 iu
3122 3799 3439 3868 nostrum

358 3916 798 4009 „subsidium
853 3920 926 3988 et
989 3937 1394 3988 succursum
1461 3916 1904 4007 adimplebit,
1981 3921 2150 3988 tunc
2214 3915 2569 4006 praedicta
2624 3917 2867 3988 totalis
2931 3919 3119 3988 terra
3174 3916 3435 3987 Molda-

358 4038 560 4128 „viae
613 4034 1002 4109 remanebit
1053 4034 1237 4125 apud
1293 4035 1617 4122 eundem,
1677 4034 1886 4107 etiam
1941 4039 2102 4125 post
2155 4033 2423 4107 obitum
2462 4037 2752 4108 alterius
2807 4040 3124 4107 nostrum
3164 4035 3437 4126 Regum

356 4155 946 4248 „praedictorum,
1003 4155 1090 4225 ad
1129 4153 1680 4246 quinquennium
1736 4153 1865 4226 sub
1905 4153 2177 4226 foedere
2216 4156 2618 4245 treugarum
2654 4154 3198 4245 praedictarum,
3240 4154 3435 4225 salvo

356 4276 556 4365 ,3iure
607 4274 832 4366 partis
887 4272 1278 4364 utriusque.
1336 4273 1551 4360 Item,
1611 4272 1674 4345 si
1728 4271 1989 4363 aliquis
2043 4273 2160 4345 vel
2198 4272 2422 4363 aliqui
2476 4293 2562 4345 ex
2604 4272 2906 4345 subditis
2961 4273 3439 4362 cuiuscunque

355 4398 753 4484 „nostrum,
809 4392 1102 4465 alterius
1156 4392 1556 4484 Regnorum
1611 4395 2008 4462 nostrorum
2063 4397 2187 4462 aut
2239 4396 2582 4464 terrarum
2647 4393 2922 4482 aliquas
2978 4390 3435 4476 vastationes,

355 4512 726 4605 „praedaS,
784 4511 1099 4602 rapinaS,
1167 4511 1282 4583 vel
1346 4509 1696 4598 incendia,
1763 4511 1879 4582 vel
1942 4530 2415 4602 quaecumque
2480 4510 2976 4583 maleficiorum
3038 4529 3293 4602 genera
3366 4509 3439 4581 in

358 4630 670 4723 „Regnis
725 4633 795 4703 et
848 4629 1054 4702 terris
1109 4629 1403 4701 alterius
1458 4628 1914 4716 commiserit,
1972 4630 2087 4700 vel
2123 4629 2627 4717 commiserint,
2687 4630 2870 4721 quod
2922 4650 3045 4719 per
3080 4631 3212 4701 hoc
3246 4633 3434 4700 treu-

357 4770 528 4842 „gae
599 4747 1024 4840 praemissae
1095 4767 1233 4817 non
1305 4747 1816 4838 infringantur,
1895 4747 2014 4819 sed
2081 4747 2266 4838 quod
2336 4747 2549 4819 iidem
2621 4748 3100 4819 malefactores
3172 4747 3259 4817 ad
3323 4767 3431 4816 sa-

353 4865 871 4956 „tisfactionem
923 4865 1351 4938 iudicialiter
1402 4865 1912 4956 compellantur
1946 4863 2038 4952 12)
2077 4865 2203 4952 ita,
2264 4865 2447 4955 qued
2500 4865 2751 4936 damna
2802 4884 2926 4955 per
2978 4863 3169 4955 ipsos
3226 4865 3434 4952 facta,

559 5070 610 5150 ¹)
656 5070 994 5130 Moldavum
1057 5064 1208 5130 Cod.
1268 5065 1459 5130 Rozr.
1531 5064 1586 5142 ²)
1629 5083 1932 5128 removere
1998 5061 2147 5129 Cod.
2211 5063 2403 5126 Rozr.
2474 5063 2529 5144 ³)
2587 5066 2966 5142 infrapositos
3030 5058 3179 5126 Cod.
3242 5061 3435 5126 Rozr.

345 5171 395 5252 ⁴)
447 5173 960 5250 Sepenyeecnsem
1009 5166 1160 5234 Cod.
1195 5167 1386 5231 Rozr.
1437 5167 1488 5248 ⁶)
1533 5170 1944 5245 Hyasnasater
1991 5164 2140 5230 Cod.
2179 5163 2355 5230 Calv.
2400 5167 2814 5228 Iasznasather
2855 5163 2981 5228 Ed.
3014 5163 3193 5247 Lips.
3240 5165 3437 5244 (Iassy

345 5271 584 5357 hodie).
647 5271 701 5353 ⁸)
751 5279 812 5334 et
851 5273 1058 5349 Regno
1100 5277 1303 5332 nostro
1367 5266 1518 5332 Cod.
1563 5268 1754 5332 Rozr.
1822 5268 1874 5345 ⁷)
1926 5271 2126 5345 itaque
2185 5267 2311 5330 Ed.
2359 5265 2541 5351 Lips.
2605 5267 2660 5347 ⁸)
2704 5271 2995 5329 Ferernar
3044 5263 3195 5329 (lod.
3259 5265 3435 5328 Kost.

346 5378 631 5438 Feiernar
683 5373 810 5436 Ed.
860 5373 1038 5457 Lipe.
1109 5373 1164 5452 ⁹)
1207 5374 1415 5449 Regno
1479 5367 1629 5435 Cod.
1677 5370 1867 5434 Rozr.
1927 5367 2006 5452 ¹⁰)
2063 5372 2302 5448 saepius
2359 5367 2486 5432 Ed.
2532 5367 2715 5452 Dipo.
2794 5368 2872 5450 ¹¹)
2920 5369 3231 5429 Moldavus
3282 5363 3433 5430 Cod.

344 5477 534 5540 Rozr.
591 5475 668 5555 ¹²)
715 5478 1091 5554 impellantur
1131 5472 1258 5537 Ed.
1304 5472 1486 5557 Lips.

393 5628 440 5669 J.
466 5627 662 5678 mago..
689 5625 813 5667 mut.
839 5623 1001 5666 Polou.
1025 5624 1078 5667 r.
1103 5624 1184 5668 rv.
3059 5603 3127 5656 18
