4342 6384
401 540 533 639 (Α.
575 541 665 615 D.
708 538 937 638 1410.)
1570 561 1797 614 mer-213
1850 559 2308 612 Unnncmns
3401 537 3494 611 73

523 860 835 933 Hem-iens
879 859 1365 931 commendator
1410 858 1861 948 swyeozonsis
1904 859 2307 948 laricnburg
2352 862 2575 930 servat
2621 859 2945 948 pracsidio
2995 858 3382 929 firmissimo.

602 1107 959 1180 Henricus
1014 1107 1542 1180 commendator
1596 1106 1680 1179 de
1735 1105 2083 1198 Swyeczie
2122 1107 2202 1194 ¹),
2260 1105 2689 1197 comperiens
2745 1104 3159 1197 Magistrum
3198 1105 3497 1178 01116116-

396 1249 625 1301 rorum
692 1227 1013 1300 Ulricum
1078 1227 1162 1299 (16
1226 1226 1575 1319 Iuningen
1606 1225 1669 1316 2)
1739 1231 1809 1298 61
1876 1247 2144 1308 omnem
2213 1247 2416 1297 suum
2485 1225 2868 1297 exercitum
2934 1245 3213 1297 caesum
3289 1230 3498 1318 atque

401 1348 795 1420 conflictum
851 1368 1035 1437 esse,
1095 1352 1165 1419 et
1218 1368 1365 1418 rem
1404 1346 1684 1418 Ordinis
1723 1346 1797 1417 in
1837 1345 2212 1418 discrimen
2259 1345 2568 1433 venisse,
2628 1345 3086 1418 saluberrimo
3124 1367 3298 1418 usus
3337 1367 3496 1418 con-

402 1469 594 1556 silio,
652 1490 740 1540 ne
796 1467 1077 1540 Ordinis
1143 1467 1501 1559 negotium
1556 1467 1639 1538 ad
1699 1470 2087 1539 extremum
2142 1466 2530 1556 periculum
2607 1466 2976 1554 recideret,
3037 1467 3501 1558 ordinemque

405 1589 837 1680 contingeret
892 1588 1196 1660 deletum
1252 1587 1373 1671 iri,
1430 1608 1588 1659 cum
1633 1586 1953 1659 omnibus
1993 1607 2159 1657 31166
2193 1583 2253 1674 3)
2311 1585 2874 1658 Commendariae
2933 1586 3405 1676 Swyeczensis
3435 1588 3498 1674 4)

406 1708 731 1801 gentibus
786 1708 1229 1801 pedestribus
1286 1711 1355 1778 et
1412 1707 1857 1798 equestribus
1914 1706 1985 1778 in
2019 1705 2079 1794 5)
2137 1705 2584 1797 Marienburg
2636 1705 2989 1797 pervenit,
3048 1711 3117 1778 et
3173 1726 3320 1793 eos,
3377 1705 3502 1796 qui

406 1851 521 1921 per
578 1830 813 1920 fugam
854 1829 1007 1900 illic
1046 1829 1535 1920 confugerant,
1596 1825 1924 1899 donativo
1962 1825 2242 1898 liberali
2280 1827 2478 1914 date,
2537 1825 2611 1896 in
2651 1847 2842 1918 spem
2881 1825 3271 1913 meliorem,
3329 1847 3497 1896 non-

406 1950 633 2020 nullos
691 1969 854 2021 vero
910 1969 999 2020 ex
1055 1947 1217 2020 aliis
1274 1947 1526 2019 castris
1565 1951 1635 2020 et
1671 1945 2219 2033 munitionibus,
2281 1967 2458 2037 quae
2530 1946 3008 2033 deseruerant,
3084 1945 3370 2036 collegit
3434 1949 3503 2016 et

408 2073 707 2141 castrum
772 2068 1221 2159 Marienburg
1283 2088 1439 2139 cum
1505 2067 1813 2159 quinque
1877 2065 2196 2138 millibus
2265 2065 2572 2137 militum
2635 2065 2944 2138 animose
3011 2065 3192 2138 tueri
3247 2065 3497 2154 coepit.

410 2188 534 2278 Qui
588 2187 731 2260 nisi
786 2193 929 2260 tam
984 2187 1343 2260 celerrimo
1399 2208 1557 2259 cum
1610 2186 1940 2278 gentibus
1996 2185 2198 2257 novis
2255 2189 2325 2257 et
2379 2186 2775 2258 recentibus
2831 2186 3142 2258 venisset
3205 2187 3290 2257 ad
3355 2185 3498 2256 Ma-

408 2307 731 2401 rienburg
783 2329 992 2380 cursu
1056 2312 1125 2380 et
1180 2306 1569 2378 factivitate
1634 2328 1793 2394 sua,
1858 2303 2301 2396 providentia
2371 2311 2582 2396 atque
2654 2305 3036 2394 industria,
3104 2305 3372 2377 animos
3429 2305 3501 2376 in

411 2429 635 2519 fugam
694 2433 1090 2518 spectantes
1146 2426 1486 2499 erexisset
1541 2430 1610 2497 et
1666 2427 2180 2512 confirmasset,
2239 2446 2717 2516 summamque
2772 2425 2873 2498 rei
2929 2425 3001 2496 in
3059 2447 3131 2500 se
3167 2447 3351 2496 nnus
3391 2447 3499 2496 as-

412 2539 857 2639 sumpsisset,
924 2552 1156 2620 actum
1222 2548 1399 2618 foret
1463 2567 1597 2616 non
1654 2546 1737 2617 de
1793 2550 2020 2618 castro
2076 2545 2523 2636 Marienburg
2579 2546 2838 2632 solum,
2897 2546 3016 2617 sed
3074 2549 3144 2616 et
3197 2545 3280 2616 (16
3337 2546 3498 2617 11111-

417 2689 609 2738 verso
666 2667 921 2740 Ordine
975 2667 1513 2750 cruciferorum,
1574 2666 1693 2757 qui
1750 2671 1979 2737 castro
2044 2665 2490 2757 Matienburg
2541 2686 2665 2756 per
2717 2666 2980 2757 Regem
3035 2665 3500 2737 Wladislaum

413 2788 933 2877 comprehense,
992 2787 1245 2859 fuisset
1300 2787 1561 2877 absque
1620 2785 1805 2898 omni
1862 2784 2320 2877 ambiguitate
2377 2785 2885 2856 exterminatus
2942 2790 3010 2858 et
3065 2786 3361 2857 deletus.

1382 3139 1611 3210 castra
1654 3139 1952 3210 Pmssiac
1997 3139 2322 3210 deduntur
2365 3139 2543 3228 Regi.

621 3384 825 3458 Feria
880 3389 1111 3472 sexta,
1170 3383 1243 3456 in
1299 3382 1411 3456 die
1468 3383 1708 3456 Sancti
1762 3384 2145 3475 Arnolphi,
2213 3385 2480 3456 decima
2519 3389 2764 3456 oct-ava
2803 3385 3008 3474 Iulii,
3067 3391 3298 3458 movet
3351 3389 3506 3459 Rex

411 3527 616 3578 mane
667 3509 929 3593 castra,
988 3504 1181 3576 etad
1219 3503 1483 3591 lacum,
1525 3504 1645 3595 qui
1684 3508 1974 3576 vocatur
2028 3505 2438 3594 Hustensky
2471 3505 2533 3590 6)
2590 3505 2816 3593 166113,
2874 3505 3058 3577 inter
3113 3507 3399 3598 Morang
3437 3513 3506 3577 et

412 3628 771 3698 Hoensten
806 3625 1151 3716 positum,
1208 3623 1658 3715 perveniens,
1720 3623 1983 3694 stativa
2029 3625 2237 3696 locat.
2295 3623 2818 3696 Confluentibus
2857 3631 3090 3697 antem
3130 3647 3214 3698 ex
3256 3627 3506 3698 6631113

413 3747 667 3820 vicinis
729 3743 1037 3832 1111111113,
1116 3748 1501 3816 castrorum
1563 3743 1986 3816 deditionem
2052 3744 2532 3832 facientibuS,.
2582 3745 2740 3816 Rex
2806 3750 3035 3817 castra
3101 3767 3142 3817 a
3205 3747 3506 3837 singulis

410 3867 794 3959 accipienS,
852 3886 933 3937 ea
986 3863 1337 3936 militibus
1403 3863 1550 3935 suis
1612 3864 2063 3956 gubernanda
2128 3864 2530 3936 committit.
2588 3865 2937 3937 Henricus
2972 3865 3031 3953 7)
3087 3866 3172 3938 (16
3226 3867 3505 3938 Plawen

411 3987 972 4072 Commendator,
1039 3982 1455 4074 conquisitis
1520 4004 1723 4074 prece
1789 3987 1857 4056 et
1920 3983 2145 4074 pretio
2213 3983 2619 4075 quingentis
2683 3983 3195 4077 stipendiariiS,
3253 3987 3339 4058 ad
3395 4008 3504 4058 66-

412 4117 641 4181 strum
693 4104 1141 4194 Marienburg
1196 4102 1309 4202 die
1361 4103 1520 4191 illo,
1579 4104 1874 4175 tutelam
1931 4104 2044 4175 illi
2095 4108 2163 4176 et
2201 4104 2670 4176 defensionem
2727 4105 3204 4195 impensuruS,
3263 4127 3504 4197 perve-

414 4229 543 4300 nit.
604 4229 787 4299 Ante
843 4224 1043 4297 cuius
1098 4223 1475 4295 adventum
1532 4223 1658 4294 vix
1716 4222 2227 4315 quinquaginta
2280 4245 2614 4314 personae
2680 4225 2960 4314 pavoris
3025 4227 3272 4316 plenae
3329 4227 3506 4298 illud

410 4347 907 4432 observabant,
967 4343 1382 4434 facilemque
1421 4341 1653 4430 illius,
1713 4349 1781 4415 et
1818 4349 2322 4434 consequenter
2379 4344 2685 4416 omnium
2735 4345 3031 4416 aliorum
3083 4346 3504 4419 deditionem

409 4467 851 4540 Wladislaus
906 4462 1239 4535 Poloniae
1295 4463 1449 4536 Rex
1506 4461 1757 4536 fuisset
1825 4463 2151 4550 361111113,
2221 4463 2281 4535 si
2336 4463 2601 4555 praelio
2669 4464 2983 4552 obtento,
3052 4466 3345 4538 victoria
3401 4467 3507 4538 uti

410 4589 774 4674 scivisset,
834 4588 905 4657 et
957 4587 1241 4673 repente
1296 4583 1473 4654 illud
1531 4581 1890 4654 obsidione
1944 4584 2306 4654 vallasset.
2373 4585 2680 4656 Barones
2736 4584 3024 4675 insuper
3077 4586 3504 4677 Hungariae,

408 4709 599 4780 facto
656 4727 742 4778 ex
780 4710 1009 4778 castro
1065 4702 1513 4794 Marienburg
1568 4703 1914 4789 discessu,
1972 4702 2046 4774 in
2102 4703 2388 4775 Gdansk
2444 4725 2518 4776 se
2572 4705 2967 4792 conferunt,
3025 4705 3146 4775 ubi
3199 4705 3350 4776 illis
3397 4727 3502 4778 re-

406 4828 620 4901 sidua
678 4825 936 4919 viginti
1000 4824 1409 4894 florenorum
1486 4823 1711 4894 millia
1786 4822 2045 4893 dudum
2108 4843 2232 4914 per
2294 4823 2614 4895 Ulricum
2679 4824 3009 4896 Prussiae
3083 4825 3498 4916 Magistrum

409 4950 608 5021 fuere
664 4947 1095 5038 consignata.

404 5137 587 5146 ——nn-
1080 5130 1239 5139 --··-·-·-

630 5225 681 5312 ¹)
726 5231 985 5290 Swieczc
1042 5224 1192 5290 Cod.
1248 5227 1440 5291 Rozr.
1503 5231 1817 5292 Szwicczie
1870 5230 1996 5292 Ed.
2044 5231 2226 5314 Lips.
2285 5230 2336 5307 ²)
2385 5234 2632 5309 Innigcn
2679 5231 2804 5296 Ed.
2851 5231 3032 5316 Lips.
3082 5233 3134 5312 ³)
3183 5237 3305 5295 suis
3355 5231 3505 5296 Cod.

402 5330 602 5393 Rozr.
658 5328 713 5414 ⁴)
760 5333 1122 5392 Szwecensis
1167 5329 1293 5394 Ed.
1340 5329 1521 5414 Lips.
1572 5331 1622 5412 ⁶)
1672 5335 1749 5394 ad
1792 5332 1919 5395 Ed.
1966 5333 2147 5416 Lips.
2198 5333 2254 5414 6)
2298 5337 2718 5412 Hoenstensky
2770 5332 2922 5398 Cocl.
2969 5334 3160 5399 Rozr.
3215 5336 3266 5418 ⁷)
3296 5341 3507 5398 1161111-

400 5455 508 5497 cus
552 5453 707 5494 vero
755 5429 907 5495 Cod.
954 5431 1142 5496 Rozr.

452 5587 501 5632 J,
528 5585 730 5642 Dlugos.
758 5585 933 5626 Hister.
958 5585 1116 5627 Polou.
1144 5584 1181 5624 'l'
1225 5586 1305 5626 IV.
3095 5573 3165 5628 10

4145 6023 4168 6054 A
