4342 6384
906 560 1050 640 134
2078 588 2303 640 numu
2355 588 2811 641 munemne.
3439 566 3573 667 (Α.
3612 567 3703 642 D.
3744 566 3970 666 1412.)

899 792 1056 864 gem
1129 770 1402 844 noviter
1480 774 1914 862 assumptum
1986 790 2181 859 esse,
2267 774 2337 843 et
2407 772 2711 844 nondum
2794 773 3025 845 sedem
3098 771 3385 863 Imperii
3464 772 3551 844 ad
3621 772 3969 867 integrum

899 889 1412 976 conscendisse3
1484 910 1648 981 rogo
1713 888 1949 980 itaque
2001 893 2101 977 te,
2178 892 2520 980 quatenus
2585 890 3097 963 conclusionem
3150 891 3237 961 de
3290 890 3793 963 cruciferorum
3848 912 3967 964 ex-

897 1008 1219 1082 terminio
1293 1013 1363 1081 et
1438 1012 1659 1079 terrae
1729 1007 2060 1080 Prussiae
2131 1007 2505 1096 divisione,
2581 1009 3037 1101 stipulatione
3109 1009 3417 1081 manuali
3488 1015 3559 1082 et
3629 1009 3973 1101 corporali

898 1127 1284 1200 iuramento
1337 1126 1523 1199 inter
1574 1147 1701 1198 nos
1755 1128 2094 1199 firmatam
2112 1182 2128 1213 ‚
2184 1125 2413 1202 literis
2468 1128 2817 1200 foederum
2870 1127 3349 1200 communibus
3410 1149 3551 1199 non
3602 1128 3971 1219 permittas

897 1245 1206 1319 misceri:
1278 1265 1559 1338 gravem
1621 1244 2206 1337 indignationem,
2280 1265 2367 1317 ex
2430 1267 2567 1337 qua
2621 1268 2773 1319 mea
2833 1268 2973 1318 non
3002 1246 3409 1339 'ignominia
3462 1246 3967 1334 tantummodo,

899 1366 1018 1438 sed
1056 1365 1109 1452 ι)
1165 1386 1253 1437 ex
1282 1363 1584 1455 Imperio
1637 1363 1980 1455 depositio
2035 1364 2222 1454 apud
2257 1364 2547 1454 Imperii
2574 1364 2937 1438 'Electores
2991 1364 3363 1438 cruciferis
3415 1370 3699 1457 propter
3749 1386 3971 1458 genus

898 1488 970 1556 et
1021 1482 1356 1556 ditionem
1411 1484 1756 1571 faventes,
1815 1482 1987 1554 mihi
2041 1483 2516 1555 conflaturam.
2573 1484 2843 1555 Faveas
2897 1484 3169 1575 itaque,
3226 1483 3411 1556 sicut
3464 1485 3677 1557 frater
3730 1504 3969 1555 aman-

895 1601 1248 1689 tissimus,
1303 1600 1550 1673 honori
1602 1622 1786 1689 meo,
1851 1603 1922 1673 et
1984 1600 2360 1673 articulum
2420 1602 2885 1693 praedictum,
2956 1623 3079 1693 per
3132 1624 3335 1694 quem
3390 1623 3513 1695 ego
3568 1603 3751 1693 apud
3804 1602 3971 1674 Ele-

894 1722 1118 1792 ctores
1184 1724 1255 1791 et
1305 1719 1483 1791 alios
1537 1718 1898 1810 Principes
1951 1720 2242 1811 Imperii
2303 1721 2575 1812 magnis
2631 1720 2807 1793 odiis
2864 1725 2935 1793 et
2997 1721 3385 1812 opprobriis
3440 1741 3548 1794 me
3600 1720 3969 1793 insimula-

896 1842 1047 1909 tum
1099 1838 1191 1909 iri
1224 1858 1364 1909 non
1398 1837 1666 1926 dubito,
1724 1859 1942 1929 aequo
1981 1838 2211 1911 animo
2249 1859 2334 1912 ex
2372 1838 2904 1931 inscriptionum
2941 1840 3212 1912 foedere
3249 1838 3523 1912 detrahi
3573 1838 3970 1930 permittaS.

895 1957 1043 2049 Ego
1097 1956 1280 2029 enim
1351 1954 1725 2028 articulum
1785 1957 2022 2046 illum,
2101 1957 2673 2049 quemadmodum
2736 1957 2869 2030 tibi
2938 1957 3325 2031 iuramento
3388 1958 3751 2050 pollicitus
3804 1978 3965 2029 sum

895 2074 1266 2166 corporali,
1327 2079 1396 2147 et
1451 2095 1684 2148 omnes
1740 2076 1950 2164 alios,
2016 2076 2221 2148 iuxta
2287 2095 2458 2167 quos
2514 2076 2754 2149 foedus
2819 2076 3165 2148 sancitum
3221 2080 3358 2165 est,
3437 2077 3735 2165 sineere,
3791 2096 3974 2167 pure

897 2197 968 2265 et
1020 2193 1288 2285 integre
1342 2192 1740 2281 observab0‚
1800 2194 2083 2284 perinde
2121 2194 2265 2267 acsi
2318 2196 2495 2266 foret
2549 2194 2625 2265 in
2658 2194 2887 2267 literis
2943 2195 3295 2267 foederum
3326 2194 3387 2283 2)
3440 2195 3645 2286 plene
3681 2198 3973 2266 notatus

896 2315 966 2384 et
1019 2331 1415 2402 expressus
1487 2312 1760 2383 Annuit
1821 2313 2074 2386 iterum
2135 2312 2572 2385 Wladislaus
2635 2312 2970 2386 Poloniae
3032 2313 3187 2385 Rex
3251 2312 3683 2405 Sigismundi
3746 2312 3973 2403 Regis

753 2494 760 2500 .
894 2430 1189 2503 callidae
1241 2429 1599 2520 petitioni,
1658 2435 1727 2503 et
1779 2430 2152 2504 articulum
2206 2431 2291 2503 de
2344 2430 2849 2504 cruciferorum
2905 2430 3315 2504 exterminio
3371 2435 3441 2503 et
3492 2430 3819 2503 Prussiae
3856 2430 3971 2501 di-

893 2549 1162 2622 visione
1211 2548 1517 2622 rescindi
1569 2568 1656 2621 ex
1709 2548 1938 2622 literis
1993 2548 2372 2641 permittit:
2428 2548 2909 2622 huiuscemodi
2963 2570 3235 2641 quoque
3274 2550 3616 2623 venabulo
3670 2570 3745 2622 se
3778 2548 3971 2621 ludi-

890 2667 1106 2741 briari
1157 2688 1380 2759 neque
1417 2670 1652 2759 turpe,
1707 2688 1932 2759 neque
1966 2666 2347 2759 inglorium
2382 2668 2611 2740 duxit.
2668 2667 3212 2741 conscribuntur
3244 2668 3518 2758 itaque,
3556 2666 3976 2740 ordinantur

891 2790 962 2859 et
1025 2785 1434 2878 sigillantur
1495 2786 1772 2875 literae,
1846 2786 2142 2859 articulo
2206 2785 2465 2877 potiori
2536 2790 2605 2859 et
2667 2786 2939 2859 meliori
3010 2787 3363 2879 abrogato.
3436 2786 3662 2859 Tenor
3730 2790 3972 2857 autem

891 2903 1188 2978 foederis
1245 2907 1442 2977 extat
1493 2904 1684 2977 talis.

1108 3020 1297 3112 „Nos
1351 3020 1842 3113 Sigismundus
1904 3022 2036 3095 Dei
2087 3022 2315 3115 grat-ia
2376 3023 2845 3095 Romanorum
2912 3022 3067 3095 Rex
3131 3042 3407 3113 semper.
3452 3025 3823 3115 augustus,
3880 3040 3975 3092 ac

901 3138 1368 3231 „Hungariae,
1409 3138 1832 3228 Dalmatiae,
1863 3139 2183 3213 croaciae
2199 3196 2215 3228 ‚
2246 3140 2570 3229 Rasciae,
2612 3140 2925 3229 serviae,
2958 3140 3269 3213 caliciae
3288 3138 3375 3229 ³),
3406 3139 3850 3212 Lodomeriae
3870 3140 3971 3227 4),

898 3258 1346 3348 „Cumaniae,
1403 3258 1912 3350 Bulgariaeque
1965 3259 2154 3347 Rex,
2220 3260 2307 3331 ad
2360 3260 2845 3332 certitudinem
2910 3256 3381 3350 praesentium
3436 3263 3507 3330 et
3558 3256 3973 3329 memoriam

898 3378 1356 3466 „futurorum
1413 3376 1610 3449 Inter
1660 3374 1875 3449 bonas
1930 3376 2447 3464 solicitudineS,
2504 3397 2843 3469 curasque
2896 3377 3357 3467 multipliceS,
3416 3397 3593 3468 quae
3644 3374 3969 3447 ministe-

895 3496 1040 3585 „rio
1093 3495 1326 3587 regiae
1390 3494 1759 3587 dignitatis
1832 3494 2275 3583 incumbunt,
2350 3495 2435 3567 de
2496 3496 2782 3586 pacifico
2856 3499 2924 3567 et
2988 3495 3256 3568 salubri
3318 3499 3509 3566 statu
3563 3494 3974 3585 Regnorum

895 3618 1328 3703 „nostrorum
1393 3612 1666 3685 solicite
1719 3614 2026 3706 cogitare
2077 3634 2205 3685 nos
2260 3612 2616 3701 convenit,
2673 3618 2755 3685 ut
2806 3614 3073 3705 Regnis
3127 3614 3301 3705 ipsis
3356 3634 3436 3685 ac
3489 3612 3789 3685 subditis
3834 3632 3971 3683 no-

893 3733 1104 3822 „stris
1156 3732 1393 3824 vigeat
1444 3730 1830 3822 tranquilla
1880 3731 2241 3805 beatitudo
2298 3732 2590 3822 quietiS‚
2648 3737 2720 3803 et
2774 3731 3041 3803 solidae
3090 3732 3284 3822 pacis
3320 3732 3549 3822 gratia
3582 3730 3969 3802 nutriatur.

894 3851 1383 3941 „Summopere
1444 3850 1665 3942 igitur
1736 3853 1844 3921 est
1907 3849 2400 3922 occurrendum
2418 3904 2436 3937 ,
2509 3853 2590 3921 ut
2662 3870 2799 3921 non
2860 3853 3175 3922 crescant
3243 3849 3503 3940 iurgia,
3578 3849 3697 3920 sed
3757 3848 3977 3927 iuxta

896 3968 1342 4059 „magistram
1395 3968 1730 4040 bonorum
1769 3968 2076 4039 omnium
2129 3967 2573 4055 charitatem,
2633 3988 2809 4059 quae
2842 3967 3025 4039 nihil
3063 3967 3248 4057 sapit
3301 3972 3740 4053 extraneum,
3778 3965 3975 4037 nihil

896 4087 1332 4175 „confusum,
1390 4084 1527 4158 imo
1583 4086 1936 4176 aequitate
1987 4086 2215 4157 nutrit
2268 4086 2734 4173 concordiam,
2792 4085 3204 4158 dissociatos
3268 4086 3661 4177 coniungit,
3718 4102 3973 4175 pacem

895 4209 1008 4293 „et
1060 4204 1400 4276 unitatem
1464 4202 1873 4276 consolidat.
1947 4203 2323 4293 cupientes
2385 4204 2622 4295 itaque
2694 4204 3001 4275 omnium
3064 4203 3696 4296 displicentiamm‚
3770 4202 3969 4273 odio-

747 4370 754 4377 ·
897 4342 1122 4411 „rum,
1179 4320 1623 4408 iniuriarum,
1681 4321 2084 4393 damnorum
2140 4326 2211 4394 et
2245 4340 2684 4413 guerrarum,
2741 4322 3067 4394 materias
3125 4326 3195 4394 et
3248 4320 3557 4409 fomites,
3613 4321 3795 4392 inter
3830 4340 3973 4391 nos

895 4440 1022 4529 „ab
1093 4459 1264 4527 una,
1331 4442 1401 4511 et
1471 4438 2022 4527 serenissimum,
2089 4460 2169 4511 ac
2230 4440 2621 4530 praeclaros
2652 4439 2714 4528 ⁵)
2778 4438 3175 4530 PrincipeS,
3244 4440 3577 4511 Dominos
3650 4436 3970 4510 Wladis-

894 4559 1127 4647 „laum
1181 4559 1442 4647 Regem
1497 4556 1828 4628 Poloniae
1845 4611 1862 4643 ,
1922 4562 1991 4629 et
2044 4556 2521 4629 Alexandrum
2578 4556 2755 4628 alias
2791 4556 3264 4629 Withawdum
3318 4558 3579 4629 Ducem
3633 4556 3977 4647 Magnum

894 4674 1387 4765 „Lithuauiae‚
1451 4674 1732 4746 fratrem
1786 4673 2095 4747 eiusdem
2148 4674 2363 4766 Regis
2418 4673 2829 4763 Wladislai,
2885 4674 3205 4765 partibus
3258 4674 3345 4746 ab
3382 4675 3634 4759 altera,
3691 4693 3770 4744 ac
3822 4672 3972 4743 Re-

890 4808 1070 4886 „gna
1123 4797 1212 4865 et·
1248 4791 1568 4865 subditos
1621 4792 2000 4864 cuiuslibet
2053 4802 2401 4879 nostrum,
2472 4793 2949 4883 quoquomodo
3004 4793 3339 4864 hactenus
3394 4794 3675 4863 exortas
3728 4793 3799 4861 et
3852 4792 3972 4859 at-

891 4916 1236 5003 „tentatas
1291 4911 1540 4982 tollere
1595 4914 1666 4980 et
1720 4908 2086 4997 suffocare,
2150 4930 2233 4981 ac
2284 4910 2372 4983 ad
2426 4915 2690 4982 statum
2754 4910 3063 4982 debitum
3116 4916 3398 4980 mutuae
3464 4906 3831 4980 charitatis
3886 4914 3973 4979 et

893 5028 1397 5118 „fraternitatis
1449 5027 1706 5099 unione
1761 5026 2102 5101 laudabili
2163 5029 2527 5115 deducere,
2594 5028 2681 5099 ad
2731 5028 3134 5101 huiusmodi
3190 5026 3674 5113 connexionis,
3738 5022 3973 5115 paciS,

1099 5295 1144 5375 ¹)
1189 5297 1295 5358 sed
1337 5298 1513 5358 etiam
1559 5290 1712 5358 cod.
1760 5292 1950 5358 Rozr.
1985 5294 2074 5373 -⁹)
2121 5296 2374 5357 foederis
2422 5291 2574 5358 Ood.
2620 5293 2812 5358 Rozr.
2876 5293 2927 5376 θ)
2978 5296 3249 5356 Galatiae
3296 5290 3447 5357 cod.
3490 5289 3682 5353 Rozr.
3741 5287 3798 5372 ⁴)
3846 5292 3975 5352 Lo·

885 5396 1188 5477 doringiae
1235 5392 1384 5459 Cod.
1431 5394 1622 5458 Rozr.
1672 5394 1726 5477 ⁵)
1773 5397 2084 5459 Praelatos
2134 5391 2287 5459 Cod.
2328 5394 2519 5460 Rozr.
