4342 6384
851 582 954 657 90
2039 606 2267 658 mnan
2316 606 2782 659 nuntiemus,
3408 584 3543 686 (Α.
3583 585 3675 660 D.
3716 583 3939 682 1410.)

848 788 1218 864 interiecta
1270 789 1662 879 occasione,
1729 790 1932 882 quasi
1995 795 2221 864 terrae
2274 790 2765 865 Cracovienses
2820 796 2893 864 et
2946 791 3545 865 Sandomirienses
3600 794 3689 865 ab
3743 794 3937 865 Hnn-
4009 808 4017 817 ·

847 928 1174 1001 garorum
1235 914 1636 997 urerentur,
1692 915 2279 1002 vastarenturque
2340 911 2655 985 exercitu
2672 967 2690 999 ,
2756 911 3121 985 animavit.
3189 914 3254 984 A
3307 912 3603 986 caeteris
3669 933 3939 1005 quoque

849 1027 1272 1101 Polonornm
1335 1028 1794 1117 consiliariis,
1863 1030 1950 1102 ab
2004 1030 2118 1102 his
2172 1030 2617 1121 praesertim,
2686 1051 2861 1122 quos
2924 1032 3090 1103 Dux
3142 1032 3547 1105 Alexander
3600 1032 3938 1105 Withaw-

847 1146 980 1219 dus
1041 1148 1268 1239 pretio
1332 1150 1448 1222 vel
1512 1148 2026 1240 pollicitatione
2089 1151 2529 1223 asserebatur
2588 1151 3057 1241 persuasisse,
3126 1172 3397 1223 summa
3458 1172 3589 1243 ope
3652 1152 3937 1225 enixum

846 1270 986 1353 est,
1041 1270 1124 1339 ut
1175 1268 1332 1340 Rex
1390 1268 1806 1359 quantocius
1861 1268 2291 1342 obsidionem
2356 1269 2993 1363 Marienburgensis
3056 1271 3275 1343 castri
3310 1272 3367 1361 ι)
3423 1272 3755 1344 solveret.
3824 1271 3935 1343 Ita

844 1386 1102 1458 bonum
1173 1386 1533 1478 publicum
1549 1444 1566 1476 ,
1640 1394 1721 1459 ut
1782 1388 2183 1482 contingere
2254 1389 2691 1481 frequentius
2763 1390 2974 1478 solet,
3041 1410 3084 1462 a
3144 1391 3423 1482 privato
3479 1390 3931 1483 depravatum

846 1510 988 1592 est,
1045 1505 1435 1579 Wladislao
1490 1508 1826 1580 Poloniae
1879 1508 2104 1601 Rege,
2159 1530 2301 1581 non
2354 1530 2443 1582 ex
2498 1530 2659 1597 sno,
2717 1510 2839 1583 sed
2876 1530 2963 1582 ex
3001 1510 3332 1599 aliorum,
3386 1515 3677 1602 propter
3729 1511 3932 1583 hebe-

843 1624 1160 1697 tudinem
1215 1631 1358 1697 tam
1413 1626 1834 1700 factivitatis
1890 1648 2098 1720 quam
2153 1627 2450 1721 ingenii,
2508 1628 2831 1719 arbitrio,
2890 1630 3173 1723 singula
3226 1630 3301 1702 in
3352 1629 3633 1703 bellicis
3690 1636 3761 1703 et
3812 1630 3927 1700 do-

842 1744 1153 1817 mesticis
1205 1744 1416 1818 rebus
1470 1746 2030 1821 administrante.

841 2096 1198 2169 wladislao
1227 2097 1390 2187 nugi
1412 2097 1491 2168 ab
1515 2097 1848 2169 obsidione
1879 2100 2084 2171 castri
2112 2098 2695 2190 lunenburgensi:
2722 2100 3025 2172 redeunti
3056 2102 3398 2192 opiscopus
3425 2100 3937 2173 tamniensis

1799 2236 1942 2290 cum
1985 2220 2156 2292 clero
2203 2223 2273 2292 ct
2316 2220 2565 2291 civibus
2608 2220 2666 2291 it
2710 2220 2984 2293 obvim.

1049 2464 1112 2535 A
1169 2464 1382 2536 castri
1421 2464 2060 2558 Marienburgensis
2107 2466 2468 2540 obsidione
2505 2467 2947 2540 Wladislaus
2983 2467 3319 2541 Poloniae
3354 2468 3511 2540 Rex
3547 2467 3935 2553 discedens,

839 2602 1052 2674 grave
1103 2582 1362 2673 pracda
1415 2584 1642 2656 omnis
1695 2585 1973 2676 generis
2028 2606 2277 2678 agmen
2325 2588 2643 2675 trahens,
2700 2587 2813 2659 die
2849 2587 2979 2659 illo
3016 2587 3091 2660 in
3130 2586 3440 2678 Qwidzin
3470 2584 3534 2676 ²)
3588 2586 3932 2677 pervenit.

839 2701 924 2772 In
981 2702 1288 2774 transitu
1343 2708 1577 2775 autem
1632 2724 1759 2776 sno
1815 2704 1890 2776 in
1944 2710 2252 2777 castrum
2310 2706 2563 2778 Sthum
2593 2704 2656 2796 ³)
2712 2706 3170 2794 descendens,
3228 2706 3445 2779 missa
3482 2703 3634 2777 illic
3671 2705 3935 2792 audita,

839 2822 1160 2895 Andreae
1215 2821 1698 2915 Brochoczsky
1728 2824 1792 2912 ⁴)
1847 2823 2065 2896 militi
2101 2824 2224 2896 dat
2258 2824 2441 2895 illud
2478 2824 2555 2895 in
2592 2829 2939 2913 tenutam,
2994 2825 3401 2917 relinquens
3438 2824 3553 2897 illi
3591 2823 3668 2895 in
3705 2824 3934 2897 subsi-

845 2939 1040 3012 dium
1080 2942 1456 3014 nonnullos
1512 2943 1867 3016 curienses
1906 2964 2103 3031 suoS,
2160 2943 2352 3016 viros
2387 2944 2797 3033 bellatoreS,
2846 2944 3181 3018 videlicet
3213 2944 3628 3022 Hankoncm
3667 2945 3937 3017 Cholm-

841 3060 993 3151 sky,
1059 3059 1511 3132 Kanimirum
1543 3061 1604 3150 5)
1669 3062 1753 3134 de
1817 3063 2225 3136 Tnchowicz
2253 3063 2343 3154 ⁶),
2399 3064 2783 3138 Iohannem
2848 3065 3051 3156 Goly,
3117 3064 3537 3137 Pakossium
3604 3065 3933 3155 Bystrza-

838 3180 1122 3272 nowslry
1156 3179 1241 3270 ⁷),
1300 3180 1589 3252 Petrum
1643 3180 2119 3273 Czebrowsky,
2188 3184 2699 3275 Byenyassium
2763 3184 3260 3276 Groworzinsky
3288 3183 3377 3274 ⁸),
3436 3184 3936 3257 Barthossium

837 3299 924 3371 de
979 3299 1384 3390 Trebowlya
1411 3299 1474 3387 ⁰)
1530 3303 1602 3372 et
1654 3300 1858 3373 alios.
1917 3302 2050 3393 Qui
2105 3306 2266 3393 post
2318 3304 2537 3395 Regis
2592 3325 2679 3377 ex
2733 3304 3025 3377 Prussia
3084 3324 3467 3392 recessum,
3534 3304 3706 3377 adeo
3761 3304 3936 3376 infe—

839 3418 973 3491 stis
1028 3417 1634 3507 dimicationibuS,
1691 3420 2211 3511 invasionibus,
2268 3424 2541 3496 damnis
2597 3429 2667 3497 et
2711 3425 3207 3498 vexationibus
3246 3424 3637 3497 cruciferos
3674 3424 3749 3497 in
3788 3424 3933 3495 Ma-

837 3537 1169 3631 rienburg
1205 3538 1671 3611 consistentes
1710 3539 2183 3631 offendebant,
2242 3544 2849 3636 lacessebantque,
2906 3548 2989 3617 ut
3024 3545 3237 3617 etiam
3276 3544 3426 3617 illis
3463 3544 3735 3617 dierum
3774 3548 3951 3631 uno,

838 3658 1070 3731 decem
1123 3656 1356 3731 millia
1407 3658 1824 3732 florenorum
1878 3682 2003 3752 pro
2061 3661 2541 3753 stipendiariis
2608 3664 2925 3736 fovendis
2991 3669 3223 3751 vecta,
3291 3684 3543 3757 magna
3598 3663 3806 3736 caede
3861 3663 3935 3734 in

835 3778 1288 3851 conductores
1363 3778 1582 3867 edita,
1658 3779 2105 3853 abstulerint.
2183 3782 2373 3873 Rege
2437 3782 2513 3853 in
2584 3783 2897 3874 Qwidzin
2968 3784 3324 3872 veniente,
3400 3783 3747 3857 Henricus
3803 3783 3935 3856 Po-

835 3897 1292 3970 mesaniensis
1367 3898 1505 3970 loci
1577 3898 1778 3970 illius
1851 3900 2223 3991 episcopus
2305 3922 2461 3973 cum
2545 3901 2913 3974 canonicis
2990 3907 3060 3975 et
3131 3904 3315 3976 clero
3399 3901 3579 3995 Regi
3659 3922 3935 3994 proces-

839 4017 1205 4090 sionaliter
1267 4038 1668 4107 occurram,
1737 4020 1972 4093 debita
2036 4021 2484 4094 veneratione
2547 4022 2754 4094 illum
2810 4022 3119 4114 excepit,
3186 4023 3516 4114 Regeque
3570 4022 3938 4095 ecclesiam

841 4135 1309 4209 cathedralem
1375 4137 1724 4230 ingresso,
1792 4139 2154 4212 cuiusdam
2211 4141 2601 4215 Dorotheae
2665 4141 2961 4214 feminae
3030 4141 3404 4233 religiosae
3478 4145 3549 4214 et
3618 4142 3936 4228 devotae,

840 4274 1017 4343 quae
1084 4253 1469 4327 solitariam
1535 4261 1606 4329 et
1669 4260 1930 4330 arctam
1996 4259 2217 4331 vitam
2280 4261 2569 4348 ducens,
2637 4262 2993 4353 plerisque
3057 4262 3485 4335 clarescebat
3548 4260 3935 4347 miraculiS,

837 4373 1145 4445 nondum
1201 4378 1433 4447 tamen
1487 4366 1967 4465 canonisatae,
2025 4380 2276 4451 cellam
2315 4383 2384 4453 et
2422 4380 2925 4453 habitationem
2964 4381 3397 4454 ostendebat.
3457 4379 3664 4453 Datis
3702 4384 3938 4451 autem

841 4491 1197 4583 episcope,
1273 4493 1458 4564 clero
1515 4498 1585 4565 et
1639 4494 1947 4585 civitati,
2006 4518 2180 4588 quas
2234 4500 2597 4589 petebant,
2653 4500 3137 4588 libertatibus,
3196 4521 3284 4573 ex
3333 4499 3647 4591 Qwidzin
3683 4498 3799 4572 die
3834 4500 3937 4571 al-

837 4617 989 4683 tero
1045 4611 1442 4698 discedens,
1501 4612 1735 4686 claudi
1789 4614 2183 4705 civitatem,
2239 4623 2621 4710 gentesque
2678 4640 2841 4691 suas
2897 4620 2985 4691 ad
3038 4620 3237 4691 illam
3292 4619 3598 4712 ingredi,
3666 4618 3939 4690 veritus

840 4730 1240 4821 episcopum
1298 4736 1369 4803 et
1423 4730 1612 4804 cives
1661 4734 2038 4823 spoliatum
2076 4736 2554 4827 violatumque
2590 4738 2711 4825 iri,
2769 4738 3154 4829 prohibuit.
3213 4740 3301 4811 In
3348 4738 3601 4812 castris
3656 4739 3939 4811 tandem

840 4850 1062 4921 medio
1128 4849 1420 4922 milliari
1477 4872 1518 4922 a
1565 4850 1853 4925 civitate
1917 4854 2166 4927 locatis
2232 4855 2522 4927 biduum
2586 4857 2853 4951 exegit,
2929 4864 2999 4931 et
3064 4858 3384 4961 sequenti
3451 4858 3755 4931 Sabbato
3824 4857 3940 4929 die

1059 5138 1102 5213 ¹)
1147 5132 1544 5215 Mariemburg
1593 5135 1744 5201 Cod.
1797 5135 1971 5203 Calv.
2023 5139 2077 5220 ⁹)
2122 5142 2464 5220 waedzyn
2513 5140 2664 5209 Cod.
2715 5140 2891 5208 Calv.
2938 5146 2990 5226 ³)
3023 5148 3264 5209 Schtum
3298 5142 3449 5209 Cod.
3482 5144 3677 5208 Rozr.
3722 5146 3943 5207 Tczovv

847 5236 998 5301 Cod.
1046 5236 1221 5301 Kost.
1271 5238 1324 5317 ⁴)
1369 5242 1733 5302 Brochoczki
1777 5240 1903 5305 Ed.
1953 5241 2130 5325 Lips.
2181 5242 2232 5322 ⁵)
2282 5246 2629 5307 Casimirum
2664 5242 2816 5309 Cod.
2847 5247 3022 5310 Kost.
3072 5248 3125 5329 ⁸)
3156 5251 3513 5311 Tuchowic'c
3554 5245 3709 5310 eod.
3740 5246 3939 5309 Rozr.

847 5338 897 5421 ⁷)
947 5342 1406 5417 Bystramowski
1457 5338 1608 5404 0001.
1655 5342 1832 5405 Kost.
1883 5342 1933 5423 Β)
1983 5345 2444 5423 Goworzincsky
2490 5346 2614 5412 Ed.
2660 5346 2840 5431 Lips.
2889 5349 2944 5430 ⁹)
2988 5353 3301 5412 Trebovvla
3350 5348 3501 5414 cod.
3548 5348 3743 5413 Rozr.
