4342 6384
109 5211 114 5894 -—————-———-—-
109 5141 112 5194 —-
109 4743 112 5120 .———-——v
109 4675 116 4726 r«.
109 4485 114 4654 ἡ
109 4465 111 4470 -
109 4429 111 4442 -

360 566 493 665 (Α.
534 567 625 639 D.
667 563 896 664 1410.)
1556 587 1784 638 mnan
1837 585 2297 639 unnncnms.
3365 568 3462 638 23

360 795 435 846 se
490 773 685 865 ipsos
739 772 814 844 in
868 772 1269 866 patibulum
1325 793 1530 864 agere
1584 771 1809 844 coacti
1865 775 2054 844 sunt.
2124 771 2259 861 Qui
2311 771 2507 844 iussa
2563 771 2780 843 Ducis
2835 771 3227 845 Alexandri
3283 793 3466 844 com-

358 894 670 984 plenteS,
745 892 1052 984 primum
1123 891 1521 984 patibulum
1594 891 1899 983 propriis
1963 890 2286 962 manibus
2361 894 2762 962 contextum
2839 895 3139 981 ponunt,
3215 891 3466 965 deinde

360 1013 542 1085 illud
588 1013 794 1084 nullo
850 1011 1259 1103 impellente
1312 1011 1820 1099 conscendunt,
1876 1012 1965 1082 ad
2002 1016 2394 1084 extremum
2450 1010 2586 1082 sibi
2641 1010 2818 1102 ipsis
2857 1010 3179 1104 iugulum
3234 1011 3462 1084 iniici·

358 1137 521 1218 unt,
597 1130 983 1222 praemissa
1046 1131 1255 1202 unius
1322 1130 1407 1202 ad
1470 1132 1801 1217 alterum,
1870 1129 1994 1222 qui
2054 1129 2498 1202 cunctantior
2552 1130 2946 1218 videbatur,
3004 1132 3462 1224 correptione,

359 1258 439 1324 ut
493 1253 791 1325 celerius
832 1251 1206 1342 imperata,
1264 1224 1638 1342 antequam
1677 1249 1781 1322 ira
1819 1249 2034 1322 Ducis
2089 1249 2308 1322 altius
2345 1249 2912 1338 excandesceret,
2972 1257 3458 1343 exequeretur.

360 1374 461 1444 Ea
514 1394 626 1445 res
692 1373 779 1444 ab
842 1371 1172 1444 universo
1239 1371 1551 1443 exercitu
1626 1375 1942 1462 spectata
2005 1373 2075 1442 et
2138 1368 2327 1458 visa,
2405 1374 2680 1442 tautum
2744 1370 3074 1462 deinceps
3137 1391 3465 1462 pavorem

365 1493 668 1585 singulis
722 1490 1055 1578 incussit,
1114 1494 1196 1563 ut
1233 1511 1433 1563 nemo
1472 1490 1789 1563 ecclesiis
1830 1489 1971 1562 vim
2010 1489 2300 1577 inferro,
2357 1491 2580 1562 nemo'
2611 1491 2700 1561 ad
2739 1490 3191 1564 ecclesiarum
3243 1491 3470 1584 spolia

364 1633 613 1684 manus
668 1631 950 1703 rapaces
1008 1611 1381 1684 extendere
1436 1610 1744 1683 auderet.
1821 1610 2003 1682 Nam
2060 1609 2197 1682 etsi
2258 1631 2382 1700 pro
2439 1609 2627 1682 omni
2680 1615 3021 1703 tempore,
3091 1612 3466 1703 praecipue

362 1737 593 1805 tamen
659 1753 815 1804 cum
866 1731 1135 1803 bellum
1200 1728 1595 1817 immineat,
1662 1728 1943 1802 illicitis
2011 1727 2361 1820 implicari
2426 1750 2562 1800 non
2626 1729 2828 1818 licet,
2905 1735 2974 1804 et
3036 1752 3174 1803 non
3239 1733 3466 1804 solum

362 1873 611 1944 magua
666 1857 736 1922 et
790 1849 1248 1937 execrabilia,
1316 1849 1437 1922 sed
1503 1853 1575 1921 et
1637 1869 1955 1941 quaeque
2019 1849 2310 1921 minima
2375 1848 2682 1920 facinora
2749 1854 2918 1922 tunc
2983 1852 3466 1943 scrupulosius

361 1972 687 2044 convenit
740 1971 1027 2064 purgari
1082 1976 1153 2042 et
1206 1969 1543 2059 rescindi,
1600 1977 1682 2041 ut
1734 1970 1945 2042 rectis
2002 1973 2071 2042 et
2119 1969 2385 2042 sanctis
2441 1968 2836 2042 actionibus
2891 1971 3136 2042 divina
3189 1973 3468 2063 placata

368 2092 702 2164 Maiestas
758 2111 1123 2164 successus
1177 2111 1547 2182 prosperos
1602 2095 1673 2162 et
1726 2089 2004 2162 votivos
2059 2089 2456 2181 triumphos
2512 2089 2877 2180 largiatur.

446 2455 750 2527 Exercitu
795 2454 1089 2526 Polonioo
1134 2453 1353 2543 posito
1398 2454 1480 2525 ad
1526 2454 1733 2525 laeum
1778 2452 2129 2539 Rubkovto,
2185 2456 2335 2525 octo
2380 2452 2730 2524 consiliarii
2786 2457 2857 2526 et
2900 2453 3029 2525 11110
3072 2454 3379 2526 ductores

536 2575 889 2664 eliguntur,
934 2575 1043 2664 qni
1087 2574 1170 2645 de
1214 2590 1460 2645 suma
1504 2573 1716 2646 totius
1759 2573 1913 2646 belli
1957 2576 2029 2645 et
2070 2573 2376 2644 itinerum
2419 2572 2879 2646 commoditate
2925 2575 3322 2646 consultant.

576 2811 789 2884 Feria
842 2811 1091 2903 quinta
1144 2817 1305 2886 ante
1362 2813 1618 2885 festum
1664 2814 1962 2886 Sanctae
2000 2813 2508 2906 Margarethae,
2567 2832 2744 2904 quae
2800 2812 2934 2884 fuit
2989 2812 3256 2886 decima
3309 2815 3458 2888 dies

368 2932 571 3020 Iulii,
634 2931 1071 3004 Wladislaus
1126 2932 1461 3004 Poloniae
1514 2933 1668 3006 Rex
1726 2955 1767 3003 a
1821 2933 2113 3005 lacubus
2179 2932 2420 3024 oppidi
2473 2933 2864 3024 Luterberg
2899 2933 2954 3021 1)
3009 2954 3296 3007 movens
3350 2955 3460 3008 ca-

366 3061 507 3125 stra
572 3057 643 3126 et
699 3052 834 3123 duo
898 3050 1234 3124 milliaria
1289 3053 1691 3140 conficienS,
1750 3073 1981 3141 mane,
2047 3052 2354 3124 nondum
2419 3073 2572 3125 rore
2637 3053 3030 3141 decidente,
3107 3055 3302 3127 venit
3374 3055 3460 3127 ad

366 3174 589 3244 lacum
663 3193 991 3264 magnum
1057 3172 1415 3244 Rubkowo
1488 3193 1703 3265 prope
1766 3178 2071 3245 castrum
2140 3179 2211 3245 et
2274 3173 2605 3264 oppidum
2669 3174 3164 3246 Kurzenthnik
3195 3173 3280 3265 2),
3349 3197 3458 3248 ca·

365 3297 644 3385 straque
700 3313 913 3384 supra
976 3294 1206 3365 lacum
1271 3292 1665 3366 constituit.
1750 3293 2125 3365 Exercitus
2191 3297 2426 3366 autem
2489 3293 2814 3385 Magistri
2877 3293 3209 3366 Prussiae
3272 3295 3461 3367 haud

365 3415 606 3504 procul
660 3435 701 3484 a
755 3412 1005 3485 castris
1060 3413 1273 3505 regiis
1330 3413 1581 3505 agebat
1635 3413 1899 3486 stativa
1950 3417 2112 3505 post
2148 3413 2442 3486 fluvium
2492 3413 2900 3500 Drwancza,
2959 3415 3158 3487 cuius
3183 3421 3456 3488 utram·

366 3555 493 3624 que
542 3534 773 3624 ripam
836 3533 1171 3607 cruciferi
1240 3532 1487 3604 multis
1550 3537 1712 3606 ante
1774 3533 2021 3606 diebus
2087 3532 2374 3624 spissis,
2441 3533 2748 3624 altisque
2812 3533 3030 3626 tignis
3061 3533 3146 3623 ³),
3223 3557 3308 3608 ne
3372 3537 3458 3608 ab

365 3654 675 3725 exercit-u
738 3653 931 3744 regio
1002 3653 1290 3726 transiri
1354 3660 1625 3744 posset,
1692 3652 2159 3726 muniverant.
2235 3653 2523 3746 Cognito
2590 3653 2828 3745 itaque
2901 3652 3124 3744 aliqui
3192 3652 3456 3727 milites

364 3774 727 3860 Poloniae,
786 3772 1173 3846 exercitum
1228 3773 1736 3846 Cruciferorum
1792 3774 1876 3847 de
1912 3795 2125 3865 prope
2181 3794 2364 3861 esse,
2421 3774 2509 3844 ad
2547 3773 3028 3846 lacessendum
3083 3774 3288 3846 illum
3343 3795 3455 3847 ac-

365 3899 683 3982 currunt,
742 3898 812 3965 et
850 3893 1362 3985 quinquaginta
1400 3893 1601 3984 equis
1638 3895 2051 3982 hostilibuS,
2110 3893 2236 3984 qui
2279 3893 2354 3965 in
2392 3893 2678 3966 flumine
2718 3894 3098 3966 Drwancza
3151 3894 3454 3985 adaqua-

362 4014 635 4101 bantur,
704 4013 1095 4087 sessoribus
1160 4013 1482 4103 deiectis,
1549 4015 1793 4106 potiti,
1864 4015 2250 4087 incolumes
2317 4014 2403 4086 ad
2467 4019 2700 4086 castra
2751 4013 2948 4106 regia
3007 4014 3454 4107 perveniunt.

366 4133 627 4223 Quibus
684 4133 860 4205 visis
915 4133 1151 4225 regius
1208 4133 1592 4222 exercituS,
1651 4139 1773 4207 aut
1807 4134 2256 4209 refectionem
2313 4154 2626 4222 3111113113,
2685 4140 2809 4206 aut
2845 4155 3132 4226 corpora
3178 4155 3453 4220 31113113,

362 4253 596 4324 1103133
652 4259 935 4344 propter
989 4274 1322 4344 equorum
1360 4260 1718 4346 raptorum
1776 4255 2077 4346 speciem
2112 4259 2311 4326 ratus
2344 4256 2428 4344 ⁴),
2487 4255 2561 4327 in
2599 4255 3014 4328 immensum
3071 4261 3456 4329 commotus

365 4378 499 4458 est,
558 4379 627 4443 et
668 4373 960 4463 prandia
1013 4373 1375 4464 linquenS,
1432 4375 1730 4466 carptim
1787 4375 2017 4447 induit
2055 4395 2279 4463 arma,
2335 4375 2750 4466 pulveribus
2807 4377 3110 4467 complet
3147 4377 3452 4463 aethera,

364 4492 505 4562 sole
560 4492 858 4582 desuper
892 4492 1187 4565 nimium
1243 4491 1675 4567 diffundente
1713 4499 2007 4567 aestum.
2066 4494 2402 4567 Discusso
2441 4495 2719 4568 tandem
2757 4515 2937 4566 vano
2993 4501 3216 4584 metu,
3259 4516 3452 4568 exer·

363 4610 545 4682 citus
600 4611 890 4702 quievit.
966 4612 1611 4704 Advesperascente
1666 4607 2023 4686 autem'et
2080 4613 2251 4686 solis
2307 4614 2628 4706 mitigato
2687 4616 2986 4702 fervore,
3053 4614 3454 4687 convocatis

366 4729 801 4802 wladislaus
854 4731 1189 4804 Poloniae
1244 4733 1399 4805 Rex
1453 4733 1877 4823 primoribus
1934 4733 2390 4821 consiliariis,
2459 4739 2613 4807 octo
2668 4735 3148 4806 tantummodo
3205 4755 3294 4807 ex
3351 4735 3454 4806 eis

366 4851 592 4942 eligit,
648 4851 772 4940 qui
828 4851 913 4924 de
965 4872 1339 4943 progressu
1394 4853 1614 4925 totius
1669 4853 1873 4942 belli,
1932 4855 2228 4927 caeteris
2283 4854 2357 4926 in
2393 4854 2718 4927 tentoriis
2775 4875 2849 4927 se
2903 4855 3450 4943 continentibus,

368 4971 766 5057 consulant,
834 4970 1276 5061 provideant,
1345 4977 1663 5044 statuant
1727 4979 1798 5046 et
1862 4974 2212 5062 ordinent,
2263 4994 2552 5046 ‘summa
2613 4997 2886 5067 quoque
2949 4975 3122 5048 belli
3191 4981 3261 5049 et
3323 4999 3454 5047 nu-

366 5110 592 5162 merus
645 5090 795 5163 eius
850 5091 1035 5182 apud
1092 5089 1256 5163 illos
1313 5091 1677 5166 consistat.
1746 5094 2081 5166 Nominat
2135 5095 2376 5186 itaque
2433 5099 2503 5167 et
2557 5095 2758 5187 eligit
2811 5095 3114 5186 primum
3170 5097 3454 5169 fratrem
3503 5153 3508 5170 .

578 5361 623 5438 ¹)
666 5363 967 5439 Luteberg
1028 5361 1178 5426 le.
1242 5361 1435 5425 Romu
1507 5363 1561 5442 Ἰ)
1608 5366 1981 5443 Kunatlmik
2038 5361 2165 5427 Ed.
2230 5364 2407 5448 Lips.
2478 5367 2818 5444 (Kauernik
2877 5366 3096 5449 hodie)
3169 5367 3226 5448 ³)
3277 5370 3460 5446 lignis'

370 5459 516 5523 0011.
568 5461 741 5525 Calv.
790 5462 843 5544 ⁴)
890 5467 1103 5526 adesse
1146 5473 1309 5526 ratus
1359 5463 1510 5529 C'od.
1560 5465 1749 5527 Rozr.
