4342 6384
861 490 1011 564 578⁴
2006 512 2237 566 Lmen
2285 512 2797 567 momentus.
3397 488 3534 589 (Α.
3571 486 3667 563 Ιλ
3707 485 3977 585 mv.)

873 698 1199 789 spondet:
1259 697 1412 770 Sibi
1468 696 1750 789 quidem
1808 697 1998 770 cordi
2035 703 2104 770 et
2141 697 2495 771 desiderio
2534 697 2951 771 affinitatem
3006 716 3163 770 cuin
3210 697 3401 788 Rege
3436 694 3779 768 Poloniae
3815 696 3973 768 iun-

869 818 1165 909 gendam
1221 838 1406 907 esse,
1465 817 1585 889 sed
1637 816 1848 891 rebus
1902 821 1971 889 et
2025 816 2603 908 expeditionibus
2652 816 2870 889 variis
2926 814 3181 909 Regni
3208 814 3617 901 Bononiae,
3678 836 3976 907 quorum

873 936 1227 1030 expeditio
1289 942 1363 1009 et
1413 936 1722 1029 regimen
1776 956 1901 1027 per
1955 937 2215 1009 multos
2270 958 2487 1009 annos
2542 934 2947 1009 intermissa
3000 940 3183 1025 erat,
3250 956 3331 1008 eo
3394 938 3772 1026 occupato,
3837 956 3977 1007 non

867 1078 1074 1149 posse
1129 1056 1319 1129 iuste
1369 1056 1787 1131 tractatibus
1843 1077 2052 1148 super
2105 1056 2450 1130 affinitate
2502 1055 2886 1129 intendere.
2944 1056 3249 1129 Proinde
3301 1056 3663 1128 hortatur:
3720 1060 3805 1126 ut
3840 1056 3974 1127 Po·

869 1176 1102 1250 loniae
1156 1176 1311 1249 Rex
1365 1176 1544 1257 alios
1599 1177 2100 1256 ambasiatores
2153 1176 2243 1249 ad
2296 1175 2534 1266 illum,
2590 1182 2963 1269 postquam
3008 1176 3215 1248 illum
3271 1174 3571 1248 senserit
3608 1194 3700 1249 ex
3740 1176 3969 1247 Bobe-

861 1297 1000 1370 mia
1050 1296 1125 1368 in
1178 1296 1614 1388 Hungariam
1669 1298 1785 1369 vel
1842 1297 2205 1369 Austriam
2260 1318 2647 1384 reversum,
2690 1295 3167 1369 transmittere
3202 1316 3339 1370 non
3378 1294 3741 1383 fastidiat,
3798 1316 3844 1387 p
3866 1316 3973 1367 no·

859 1416 1147 1491 mittens
1203 1422 1272 1489 et
1325 1415 1668 1507 pollicens
1721 1416 2050 1509 petitioni
2105 1420 2250 1488 tam
2306 1418 2568 1489 amicae
2624 1422 2694 1489 et
2748 1418 3081 1489 honestae
3138 1437 3212 1489 se
3258 1436 3695 1489 consensum
3732 1416 3971 1489 nulla·

873 1541 1080 1610 tenus
1135 1536 1445 1628 amplius
1497 1540 1936 1628 negaturum.
1995 1536 2170 1609 Cum
2224 1538 2357 1609 hoc
2407 1557 2741 1628 responso
2794 1535 3027 1608 nuntii
3084 1536 3259 1629 regi-i
3313 1534 3615 1623 reversi,
3672 1535 3971 1627 primurn

876 1655 1303 1745 WladislaO,
1380 1655 1633 1729 deinde
1695 1656 2127 1729 consiliariis·
2188 1655 2717 1730 conventionem
2778 1656 3174 1748 generalem
3240 1656 3318 1728 in
3376 1656 3759 1747 Pyotrkow
3814 1661 3973 1727 tnnc

872 1798 997 1868 pro
1052 1777 1166 1849 die
1223 1774 1464 1849 Sancti
1519 1775 1800 1849 Nicolai
1853 1776 2229 1869 agentibus
2285 1781 2357 1847 et
2410 1777 2494 1852 de
2545 1776 2755 1849 rebus
2790 1774 3097 1867 publicis
3136 1775 3363 1868 Regni
3400 1775 3973 1847 consultantibus

867 1902 940 1969 et
999 1897 1534 1990 providentibus
1591 1902 1973 1989 exponunt.
4088 1895 4091 1897 ’

1770 2248 2200 2361 ANNUS
2272 2249 2735 2362 DOMINI
2804 2246 3083 2364 1437.

874 2492 1280 2583 Disceptatio.
1319 2494 1496 2565 inter
1539 2492 1952 2571 omniliorion
1991 2491 2203 2581 leg-‘1
2244 2492 2329 2564 d·
2362 2494 2650 2564 moneta.
2679 2491 2823 2563 Bu
2852 2490 3182 2581 snitum
3212 2491 3415 2563 ubit
3442 2492 3730 2581 auia-
3758 2492 3971 2581 hgin
4004 2508 4009 2511 ·

1081 2739 1316 2812 Huius
1371 2738 1538 2813 anni
1591 2739 1916 2813 Natalem
1974 2738 2255 2811 Domini
2312 2738 2751 2812 wladislaus
2805 2739 2960 2811 Rex
3011 2738 3086 2810 in
3124 2738 3457 2811 cracovia
3490 2759 3653 2811 cum
3692 2760 3829 2812 sna
3858 2760 3968 2812 cu·

867 2858 979 2931 ria
1041 2859 1272 2931 tenuit
1337 2864 1406 2931 et
1473 2859 1886 2947 celebravit,
1953 2857 2440 2951 praesentibus
2504 2858 2691 2931 circa
2754 2858 2958 2931 illurn
3020 2858 3371 2932 Praelatis
3434 2862 3505 2931 et
3567 2858 3966 2945 baronibus,

871 2978 1305 3071 caeterisque
1357 2979 1712 3051 tutoribus
1767 2984 1837 3052 et
1889 2978 2317 3052 consiliariis
2373 2978 2625 3071 Regni.
2693 2978 2914 3051 Maior
2970 2984 3201 3052 tamen
3250 2978 3463 3051 solito
3499 2977 3885 3053 multitudo
3920 2980 3971 3067 1)

867 3096 1434 3191 consiliariorum
1493 3105 1910 3173 convenerat
1961 3122 2086 3192 pro
2130 3096 2379 3173 diebus
2425 3098 2917 3191 Carnisprivii,
2975 3098 3097 3172 ubi
3134 3098 3344 3181 multi
3382 3102 3453 3171 et
3488 3098 3671 3171 varii
3716 3104 3967 3171 tracta·

871 3223 988 3291 tus
1046 3217 1449 3311 interpositi
1524 3221 1806 3293 fuerunt
1877 3241 2087 3312 super
2153 3219 2319 3291 sede
2374 3218 2799 3307 Genesneusi,
2872 3224 3239 3311 praesente
3312 3218 3527 3315 etiam
3602 3218 3971 3293 Vincentio

871 3340 1068 3411 Koth
1097 3337 1163 3429 ²)
1219 3340 1474 3428 electo,
1533 3340 1654 3432 qui
1710 3341 2117 3413 nullatenus
2183 3338 2420 3411 indue-i
2485 3344 2792 3430 poterat,
2858 3344 2941 3411 ut
2995 3340 3163 3411 sede
3220 3338 3815 3412 wladislaviensi
3864 3360 3969 3411 aes

873 3464 1076 3551 cepta
1106 3458 1192 3550 3),
1251 3460 1336 3533 de
1389 3460 1540 3533 iure
1605 3482 1732 3533 suo
1796 3458 2381 3537 wladislaviensi
2447 3458 2770 3550 episcopo
2836 3458 3131 3532 cederet.
3201 3458 3467 3531 Habita
3528 3459 3746 3533 etiarn
3810 3464 3973 3540 tunc

873 3579 1011 3650 fuit
1066 3580 1276 3671 longa
1329 3579 1756 3652 concertatio
1809 3579 1995 3651 inter
2048 3577 2491 3653 consiliarios
2548 3599 2759 3670 super
2812 3578 3135 3651 cussione
3189 3582 3540 3665 moneta-03
3602 3584 3675 3651 et
3729 3578 3971 3670 prinis

873 3699 1154 3789 quidem
1209 3704 1422 3791 atque
1475 3698 2048 3791 prudentioribus
2101 3696 2527 3771 consiliariis
2584 3698 2814 3771 visum
2860 3697 3027 3786 fuit,
3089 3706 3171 3770 ut
3209 3696 3442 3771 cussie
3482 3704 3805 3771 monet-ae
3841 3698 3963 3770 mi-

873 3826 1117 3907 nutas,
1177 3839 1356 3910 quae
1417 3824 1586 3891 tunc
1629 3818 1902 3911 passim
1958 3818 2204 3906 fiebat,
2260 3817 2335 3890 in
2390 3823 2617 3891 totum
2673 3830 3010 3906 cessaret,
3064 3822 3337 3889 attento
3394 3818 3580 3909 qnod
3626 3816 3970 3909 multipli-

873 3938 1055 4011 catio
1110 3938 1262 4011 eius
1321 3938 1654 4011 continno
1709 3938 2126 4011 ascendebat
2181 3942 2253 4009 et
2306 3938 2490 4029 quod
2525 3937 2675 4029 liga
2708 3937 3017 4011 eiusdem
3057 3936 3613 4025 diminuebatur,
3672 3942 3747 4009 et
3796 3936 3973 4029 quod

877 4057 1378 4148 multiplicatio
1435 4058 1586 4131 eius
1643 4062 1832 4131 esset
1885 4057 2164 4131 tandem
2222 4056 2574 4129 vilitatem
2604 4057 2677 4145 ⁴).
2725 4056 3128 4144 inductura,
3188 4062 3259 4129 et
3310 4056 3499 4148 quod
3532 4057 3765 4130 multa
3800 4057 3976 4131 falsa

879 4184 1156 4252 moneta
1210 4178 1285 4249 in
1340 4178 1640 4267 SIesiae‚
1699 4178 2050 4257 Moraviae
2104 4183 2175 4249 et
2228 4176 2607 4249 Behemiae
2658 4176 2981 4267 partibus
3036 4176 3124 4248 ad
3178 4177 3405 4249 instar
3468 4182 3790 4251 monetae
3844 4178 3971 4251 Ro·

868 4296 995 4389 gni
1031 4316 1270 4384 cussa,
1310 4297 1690 4388 importata
1719 4298 1786 4387 5)
1835 4318 1958 4389 per
2007 4298 2241 4369 hostes
2280 4304 2355 4369 et
2388 4296 2741 4387 proprios,
2796 4296 3295 4388 gravissimum
3332 4296 3670 4370 damnum
3700 4302 3777 4371 ot
3812 4316 3963 4387 spo—

885 4416 1094 4505 lium,
1151 4438 1290 4489 non
1326 4416 1560 4489 minus
1599 4438 1806 4509 quam
1862 4417 1924 4489 si
1979 4417 2293 4489 exercitu
2348 4416 2597 4489 hostili
2651 4422 3080 4505 vastaretur,
3135 4417 3455 4489 inferret:
3512 4438 3672 4489 cum
3722 4439 3767 4493 a
3810 4418 3970 4491 siu-

877 4536 1182 4629 plicibus
1253 4537 1656 4609 hominibus
1729 4558 1868 4609 non
1940 4542 2183 4628 posset
2252 4536 2557 4624 dinosci,
2632 4542 2702 4609 et
2732 4536 2794 4625 ⁶)
2850 4558 3413 4629 unumquemque
3486 4537 3762 4611 iactura
3824 4537 3975 4628 ipsa

881 4658 1338 4749 contingeret.
1413 4656 1480 4729 N
1487 4678 1574 4727 on
1645 4657 1874 4728 val-uit
1946 4663 2179 4729 tamen
2234 4658 2561 4748 frequens
2616 4656 2955 4729 bonorum
3008 4657 3581 4731 consiliariorum
3634 4678 3849 4749 supet
3900 4674 3975 4729 ea

875 4798 958 4850 re
1005 4798 1142 4851 non
1199 4780 1428 4849 solum
1493 4777 1948 4865 consultatio,
2023 4777 2146 4847 sed
2218 4782 2289 4848 et
2360 4778 2653 4865 clamor,
2728 4777 2899 4868 quin
2964 4782 3241 4849 tutores
3302 4777 3527 4869 Regni
3582 4778 3973 4851 cussinum

881 4896 1033 4969 eius
1107 4903 1691 4989 prosequerentur
1715 4952 1732 4983 ,
1807 4902 2239 4969 asserentes:
2325 4897 2631 4967 nondum
2704 4902 2943 4969 extare
3014 4917 3295 4983 causam
3320 4954 3337 4986 ,
3418 4902 3705 4988 propter
3774 4914 3977 4988 qnam

883 5020 1284 5104 ascussione
1348 5016 1841 5091 abstinendum
1899 5022 2118 5105 esset,
2186 5038 2342 5091 cum
2388 5038 2512 5108 pro
2552 5017 2707 5121 ipsa
2758 5017 3031 5091 minuta
3082 5018 3387 5111 pecunia
3434 5038 3683 5091 aurum
3746 5032 3819 5089 et
3871 5036 3975 5101 ar-

1101 5286 1152 5368 ι)
1197 5292 1550 5366 magnitudo.
1585 5288 1714 5352 E&
1764 5287 1944 5372 Lipo.
1995 5288 2044 5369 ²)
2084 5288 2250 5350 Ruth
2288 5286 2415 5352 Ed.
2464 5284 2645 5372 Lips-
2692 5288 2750 5367 ³)
2791 5290 3013 5366 adepta
3056 5284 3211 5353 de.
3260 5286 3437 5353 Gaba.
3482 5286 3539 5370 ἢ
3584 5288 3845 5355 moen.
3870 5290 3977 5355 mi·

887 5390 1112 5451 litatem
1153 5389 1282 5452 Ed.
1330 5390 1512 5476 Lips.
1562 5392 1614 5473 ⁵)
1660 5395 2010 5471 importum
2047 5388 2179 5454 Ed.
2224 5389 2405 5477 [ἐρα.
2453 5390 2505 5473 ⁸)
2552 5398 2623 5454 ut
2658 5388 2787 5469 Ed.
2828 5390 3019 5479 Legna,
