4342 6384
341 568 474 673 (Α.
514 573 604 648 D.
646 568 899 672 1428.)
1503 592 1728 649 menn
1780 590 2237 649 nunnonms.
3274 576 3418 650 361

1273 891 1611 965 Ianusiu
1652 892 1977 964 lexoviae
2018 893 2162 964 Dux
2202 893 2489 965 moritur.

543 1136 910 1209 Ianussius
948 1137 1110 1207 Dux
1149 1135 1500 1208 Masoviae
1553 1137 1708 1209 die.
1736 1192 1752 1209 .
1780 1193 1833 1209 ..
1879 1138 1932 1224 ¹)
1971 1138 2235 1210 mensis
2260 1117 2693 1210 'Novembris
2730 1138 3054 1227 moritur,
3096 1144 3165 1211 et
3201 1140 3274 1210 in
3315 1161 3423 1213 ec-

345 1254 562 1327 clesia
597 1254 970 1347 collegiata
1003 1254 1607 1344 Warschoviensi,
1665 1276 1872 1346 quam
1926 1256 2223 1347 ipsemet
2278 1275 2364 1329 ex
2402 1257 2784 1347 parochiali
2838 1257 2913 1329 in
2982 1259 3424 1350 collegiatam

343 1378 661 1446 erexerat
715 1377 785 1445 et
839 1374 1050 1446 certis
1103 1374 1558 1465 proventibus
1613 1372 1914 1445 dotando
1968 1373 2464 1466 insigniverat,
2533 1375 2892 1466 sepelitur.
2960 1377 3185 1449 Homo
3240 1377 3429 1449 inter

344 1512 511 1565 suae
565 1494 818 1565 aetatis
871 1492 1235 1583 Principes
1291 1492 1856 1583 sapientissimus
1913 1497 1982 1565 et
2034 1493 2367 1584 insignis:
2436 1493 2559 1583 qui
2611 1492 2802 1566 iusta
2874 1478 3183 1567 faciendo
3238 1496 3423 1567 iudi-

343 1611 483 1699 cia,
556 1616 812 1683 terram
885 1632 1080 1683 suam
1137 1611 1211 1681 in
1268 1611 1600 1701 optimam
1672 1610 2045 1683 reduxerat
2115 1612 2494 1698 culturam3
2568 1610 2736 1684 adeo
2801 1612 2876 1683 in
2927 1613 3429 1703 gubernatione

343 1735 567 1802 terrae
621 1750 788 1802 suae
842 1729 1230 1816 modestus,
1289 1734 1370 1801 ut
1423 1730 1784 1820 speculum
1841 1734 2271 1803 caeterorum
2325 1730 2798 1803 nominaretur
2852 1736 2921 1803 et
2974 1733 3355 1823 exemplar.

915 2078 1309 2151 liuncnus
1351 2079 1716 2151 Bononiam
1755 2079 2037 2169 ingressi
2080 2097 2121 2150 a
2163 2079 2461 2151 Bohemis
2504 2080 2880 2152 funduntur.

557 2320 866 2394 Marchio
921 2321 1335 2393 Misenensis
1389 2322 1826 2410 Fridericus‚
1885 2327 2301 2415 congregato
2355 2322 2654 2395 notabili
2690 2342 2778 2394 ex
2816 2323 2966 2395 suis
3000 2324 3326 2415 gentibus
3364 2330 3436 2397 et

348 2440 513 2512 aliis
576 2439 980 2512 nationibus
1036 2440 1382 2529 exercitu,
1447 2440 1644 2513 venit
1705 2447 1946 2514 contra
1999 2442 2435 2529 Bohemiam‚
2504 2441 3017 2532 expeditionem
3074 2441 3146 2513 in
3200 2442 3427 2515 Bohe-

345 2578 496 2630 mos
534 2558 953 2645 haereticos,
995 2558 1352 2631 civitatem
1391 2578 1558 2632 suae
1594 2559 1884 2632 ditionis
1931 2565 2004 2634 et
2046 2559 2340 2632 dominii
2378 2561 2605 2647 Bruk,
2644 2559 2719 2631 in
2756 2559 3131 2632 Bohemico
3170 2562 3426 2649 Mosth,

343 2676 544 2768 gravi
597 2676 957 2748 obsidione
1008 2680 1434 2767 prementeS,
1493 2682 1757 2765 movet,
1815 2683 2143 2769 satagens
2174 2676 2237 2766 2)
2292 2678 2787 2768 triumphalem
2832 2678 3129 2769 gloriam
3166 2683 3236 2750 et
3271 2679 3428 2751 bra-

347 2796 540 2867 vium
593 2795 668 2866 in
722 2802 1096 2885 conspectu
1151 2794 1280 2868 Dei
1335 2800 1406 2867 et
1458 2795 1852 2884 hominum,
1908 2796 2233 2886 pluribus
2270 2795 2691 2867 Almanniae
2735 2796 3183 2887 Principibus
3220 2817 3429 2888 nega-

348 2920 526 3002 tam,
585 2934 658 2985 se
713 2913 1148 3003 adepturum.
1205 2913 1594 2985 Audientes
1650 2919 1884 2985 autem
1939 2914 2233 2986 Bohemi
2287 2913 2755 2985 Marchionem
2822 2914 3179 3001 advenire,
3248 2935 3431 2986 cam-

347 3055 514 3124 pum
569 3037 810 3105 contra
863 3033 1067 3105 illum
1123 3032 1542 3103 instaurant.
1609 3032 1702 3103 Et
1755 3032 1924 3104 licet
1987 3032 2061 3104 in
2124 3054 2339 3123 parvo
2402 3052 2689 3104 numero
2745 3038 2815 3104 et
2865 3033 3111 3105 robore
3164 3034 3427 3105 exerci-

347 3157 466 3223 tus
505 3151 640 3223 sibi
679 3152 1085 3238 occurrerit,
1127 3150 1594 3223 committitur
1624 3148 1686 3238 ³)
1740 3171 1954 3242 grave
1989 3150 2334 3241 praelium
2371 3150 2559 3223 inter
2594 3154 2960 3242 utrosque,
3001 3157 3071 3224 et
3108 3151 3437 3243 ambigua

349 3273 580 3342 stante
633 3291 899 3361 pugna,
954 3289 1079 3361 per
1130 3269 1337 3340 horas
1391 3269 1628 3359 plures
1683 3268 2024 3341 cadebant
2074 3268 2241 3340 hinc
2294 3268 2457 3341 inde
2512 3268 3035 3343 interfectorum
3074 3274 3145 3341 et
3182 3270 3429 3344 vulne-

346 3393 656 3460 ratorum
719 3387 1111 3479 frequentia
1172 3386 1510 3459 cadavera
1537 3387 1624 3472 ⁴).
1690 3387 2062 3459 Certabant
2125 3387 2555 3460 Misenenses
2594 3391 2664 3459 et
2700 3388 3033 3459 Almanni
3099 3392 3251 3459 tum
3304 3408 3429 3479 pro

349 3508 528 3595 vita,
588 3511 740 3578 tum
793 3528 918 3598 pro
971 3506 1234 3598 gloria,
1291 3509 1362 3577 et
1414 3527 1552 3577 non
1589 3504 1790 3577 modo
1824 3526 2060 3596 pares,
2119 3506 2240 3577 sed
2280 3504 2672 3596 superiores
2711 3506 3041 3577 Bohemis
3080 3526 3233 3579 esse
3271 3526 3428 3578 coe-

352 3631 634 3717 perant,
689 3624 858 3697 licet
911 3628 1148 3697 aestus
1183 3624 1535 3697 maximus
1574 3628 1644 3698 et
1677 3626 1907 3697 fervor
1952 3624 2124 3697 solis
2161 3624 2481 3697 intensus
2516 3623 3059 3712 Missnensibus,
3115 3624 3240 3715 qui
3274 3646 3432 3716 gra-

347 3766 508 3817 vem
545 3747 968 3816 armaturam
1005 3744 1348 3832 ferebant,
1403 3742 1920 3824 adversaretur,
1989 3742 2352 3830 Bohemis,
2420 3742 2543 3834 qui
2596 3742 2850 3815 leviter
2901 3743 3154 3814 armati
3210 3748 3429 3831 erant,

351 3864 640 3935 faveret.
713 3862 1004 3953 Iamque
1057 3862 1390 3949 Bohemi,
1465 3859 1772 3933 animose
1827 3860 2338 3934 Missnensibus
2410 3861 2751 3951 praelium
2820 3862 3428 3952 prosequentibus,

349 3979 714 4053 victoriam
769 3979 1041 4053 tradere
1096 3983 1166 4053 et
1219 3998 1308 4051 ex
1361 3978 1682 4051 curribus
1718 3980 1956 4071 fugere
1991 3983 2390 4070 coeperant,
2428 3982 2500 4051 et
2536 3978 2963 4052 Missnenses
3000 3999 3074 4051 se
3108 3979 3247 4051 iam
3286 3999 3428 4050 cer·

347 4104 492 4171 tam
545 4098 936 4171 obtinuisse
989 4097 1353 4169 victoriam
1419 4097 1956 4170 existimabant:
2016 4117 2172 4169 cum
2228 4098 2462 4171 subito
2517 4099 2679 4170 Dux
2736 4097 3231 4189 Sigismundus
3277 4098 3425 4169 Κο-

341 4217 588 4289 ributh
639 4216 1036 4288 Lithuanus
1091 4236 1248 4288 cum
1301 4215 1589 4287 Polonis
1646 4215 2054 4304 advenienS,
2115 4215 2443 4290 Bohemis
2480 4216 2962 4289 laborantibus
3000 4220 3071 4288 et
3107 4216 3429 4289 deficien-

343 4334 540 4407 tibus
595 4335 957 4422 subvenit,
1015 4340 1085 4407 et
1137 4334 1563 4407 Missnenses
1600 4335 1686 4408 de
1721 4334 2018 4407 victoria
2073 4335 2475 4409 exultantes
2527 4335 2924 4427 perdomuit
2978 4341 3048 4406 et
3084 4356 3429 4425 compres-

343 4454 474 4541 sit,
511 4452 1094 4544 dimicationeque
1120 4452 1577 4546 reintegrata,
1614 4453 1690 4526 in
1718 4453 1954 4545 fugam
1988 4453 2226 4526 vertit.
2266 4454 2481 4527 Caesa
2506 4456 2677 4526 tunc
2703 4455 2895 4527 fuere
2922 4453 3421 4526 Misenensium

341 4572 574 4643 multa
626 4571 882 4643 millia:
949 4592 1106 4643 cum
1171 4572 1312 4643 fere
1373 4592 1497 4663 per
1557 4571 1740 4644 diem
1801 4572 2146 4663 integram
2201 4572 2545 4662 praelium
2610 4572 2793 4644 illud
2866 4578 3069 4643 atrox
3134 4570 3429 4662 ancipiti

345 4693 608 4761 eventu
671 4688 1017 4761 durasset.
1084 4690 1276 4761 Tunc
1339 4710 1612 4781 quoque
1661 4688 1886 4761 omnis
1934 4690 2441 4761 Almannorum
2506 4690 2734 4781 vigor,
2798 4689 3028 4761 virtus
3084 4694 3153 4761 et
3206 4689 3431 4779 gloria

341 4807 732 4895 confracta3
786 4828 914 4880 nec
967 4811 1218 4897 expost
1271 4812 1394 4879 aut
1447 4812 1608 4879 ante
1661 4812 1806 4879 tam
1863 4807 2072 4880 feroci
2109 4812 2179 4881 et
2213 4807 2684 4898 multiplicato
2722 4808 2943 4878 Marte
2978 4805 3165 4878 inter
3201 4807 3426 4878 Bohe-

338 4944 496 4995 mos
550 4929 622 4997 et
677 4924 1061 4996 Almannos
1116 4929 1390 4997 constat
1424 4928 1834 5016 pugnatum.
1893 4925 2166 4997 Abinde
2214 4946 2487 5016 quoque
2524 4925 2893 4997 Almannis
2934 4925 3280 4996 Bohemos
3318 4924 3424 4995 in·

563 5191 611 5272 ¹)
653 5190 982 5255 Numerus
1025 5190 1162 5254 diei
1204 5190 1615 5255 desideratur
1655 5194 1730 5255 in
1773 5191 2062 5255 omuibus
2109 5190 2307 5256 Codd.
2365 5192 2410 5273 ’)
2441 5194 2739 5254 confidens
2780 5190 2932 5253 cod.
2966 5189 3157 5253 Rozr.
3192 5191 3247 5273 ³)
3281 5212 3433 5254 com-

339 5294 598 5355 mittitur
639 5299 836 5354 tamen
885 5288 1038 5356 Cod.
1081 5290 1275 5355 Rozr.
1324 5291 1380 5374 ⁴)
1425 5313 1689 5371 corpora.
1739 5290 1891 5357 Cod.
1938 5292 2130 5357 Rozr.

396 5558 442 5603 s.
469 5558 660 5614 mago..
687 5558 862 5601 umor.
887 5558 1046 5601 roien.
1073 5558 1126 5607 τ,
1154 5558 1234 5603 iv.
3019 5546 3087 5601 46
