4342 6384
935 611 1034 682 86
2127 629 2355 682 mann
2406 619 2863 684 unnsscnms.
3488 602 3625 704 (Α.
3663 602 3755 678 D.
3794 596 4035 698 14¹0.)

929 935 1292 1008 Alexander
1335 935 1601 1026 laguna
1643 937 1786 1008 Bu
1829 937 2213 1009 [ithusniae
2270 937 2627 1026 praetextu
2685 935 3043 1010 laborantis
3103 932 3484 1024 dysenteria
3542 933 3645 1004 sui
3690 932 4037 1004 exoratu

929 1056 1010 1129 ab
1056 1056 1390 1130 obsidione
1449 1057 1652 1130 castri
1695 1055 2279 1146 hamburgensis
2322 1054 2603 1128 discedit
2615 1074 2632 1144 ;
2690 1055 3021 1145 nucesque
3078 1055 3343 1144 insuper
3399 1053 3727 1126 naevia
3768 1052 4033 1124 donn-

2342 1175 2640 1248 redennt.
4022 1191 4029 1196 ·

1133 1416 1532 1507 Appetebat
1595 1395 1933 1488 Dominae
1993 1419 2275 1488 nostrae
2341 1412 2659 1506 Virginis
2722 1413 2983 1486 Mariae
3052 1412 3315 1485 natalis
3378 1411 3561 1500 dies,
3635 1412 3711 1484 in
3774 1411 4029 1485 feriam

927 1535 1301 1608 secundam
1355 1534 1632 1623 cadens,
1691 1538 1760 1605 et
1797 1535 2197 1608 Alexander
2234 1534 2531 1628 Magnus
2566 1534 2731 1606 Dux
2768 1531 3193 1606 Lithuaniae
3228 1531 3463 1604 varias
3499 1532 3903 1606 occasiones
3942 1533 4027 1621 ¹),

925 1653 1260 1746 variaque
1314 1653 1630 1746 ingenia,
1697 1652 1954 1744 quibus
2015 1659 2257 1744 posset
2320 1673 2480 1726 cum
2534 1652 2850 1726 exercitu
2906 1673 3029 1726 suo
3086 1651 3541 1740 Lithuanico,
3597 1651 3816 1725 castri
3870 1653 4025 1724 Ma·

901 1773 1449 1865 rienburgensis
1503 1771 1864 1846 obsidione
1927 1772 2235 1860 deserta,
2302 1771 2377 1844 in
2439 1771 2893 1844 Lithuaniam
2955 1771 3251 1859 reverti,
3316 1771 3760 1864 congerebat,
3828 1793 4025 1844 asse-

922 1913 1086 1966 rens
1139 1891 1528 1966 exercitum
1583 1912 1788 1964 suum
1841 1891 2279 1985 aegritudine
2334 1891 2773 1983 dysenterica
2826 1912 2913 1965 ex
2950 1891 3103 1966 cibo
3158 1891 3491 1978 delicato,
3546 1890 3663 1964 cui
3716 1913 3859 1963 non
3912 1891 4025 1963 in-

927 2015 1286 2100 sueverat,
1342 2011 1620 2100 vexari,
1686 2015 1757 2085 et
1819 2012 1892 2084 ni
1959 2032 2170 2105 ocyus
2236 2012 2471 2100 abeat,
2544 2010 2868 2103 ampliori
2932 2011 3441 2086 invalescentia
3493 2015 3831 2084 vexatum
3884 2009 4022 2084 iri:

927 2132 1113 2222 quod.
1167 2130 1303 2205 etsi
1356 2152 1598 2205 verum
1652 2130 1894 2220 fuerit,
1950 2135 2227 2223 poterat
2260 2137 2495 2204 tamen
2530 2129 2933 2206 huiusmodi
2988 2131 3349 2224 aegritudo
3388 2129 3579 2204 facili
3626 2129 4023 2219 curatione,

927 2251 994 2324 si
1047 2251 1228 2324 bona
1280 2251 1758 2325 tantummodo
1813 2272 2008 2325 mens
2062 2251 2413 2340 affuisset,
2468 2249 2797 2324 rescindi.
2854 2250 3073 2342 Quem
3126 2251 3264 2323 etsi
3315 2251 3753 2324 wladislaus
3806 2251 4023 2322 Polo-

923 2369 1083 2444 niae
1135 2370 1292 2443 Rex
1357 2375 1726 2444 conaretur
1787 2370 2034 2442 multis
2099 2370 2358 2443 studiis
2428 2375 2501 2443 et
2562 2369 2927 2462 promissis
2990 2391 3313 2444 revocare
3384 2392 3427 2443 a
3475 2371 3869 2462 proposito,
3926 2371 4023 2442 ad

923 2492 1317 2563 extremum
1371 2493 1605 2562 tamen
1669 2488 1978 2562 animum
2043 2489 2195 2563 eius
2258 2489 2503 2564 videns
2567 2490 2916 2563 variatum
2986 2495 3059 2564 et
3109 2511 3359 2581 parum
3420 2490 3768 2564 sincerum
3832 2511 4019 2578 esse,

919 2630 1174 2700 passus
1229 2613 1338 2683 est
1401 2630 1558 2682 eum
1629 2629 1788 2682 cum
1850 2608 2039 2680 omni
2107 2614 2317 2702 gente
2381 2631 2509 2683 sua
2570 2609 2783 2683 abire.
2870 2608 3005 2700 Qui
3068 2608 3357 2682 licentia
3418 2609 3634 2702 Regis
3696 2610 4018 2697 obtenta,

919 2728 1094 2802 feria
1142 2728 1389 2821 quinta
1425 2729 1608 2802 infra
1645 2727 1944 2802 Octavus
1981 2727 2405 2803 Nativitatis
2462 2727 2760 2802 Sanctae
2796 2729 3058 2802 Mariae
3086 2727 3151 2818 ²)
3210 2729 3323 2802 sui
3376 2729 3727 2803 exercitus
3778 2733 4023 2802 casn-a

919 2847 1175 2936 mevit,
1231 2851 1302 2920 et
1347 2849 1434 2921 ab
1481 2847 1841 2922 obsidione
1885 2847 2491 2942 Matienburgensi
2542 2849 2900 2923 discessit:
2958 2870 3097 2922 non
3152 2852 3385 2922 tamen
3439 2869 3655 2921 ausus
3708 2852 3817 2922 est
3838 2903 3859 2937 ,
3926 2870 4019 2922 ne

918 2988 962 3038 a
1011 2965 1501 3039 Livonitarum
1552 2971 1759 3060 gente
1813 2971 1882 3041 et
1918 2967 2083 3041 aliis
2120 2969 2495 3044 cruciferis
2510 3025 2528 3060 ,
2584 2989 2959 3062 eorumque
2998 2969 3479 3061 stipendiariis
3532 2969 4014 3055 invaderetur,

917 3083 1021 3157 ire
1091 3084 1243 3158 sine
1303 3085 1495 3179 regio
1549 3086 1922 3160 conductu.
2005 3089 2443 3180 Quapropter
2493 3088 2931 3162 Wladislaus
2984 3090 3140 3164 Rex
3203 3089 3520 3181 gentium
3576 3109 3863 3162 suarum
3920 3107 4017 3160 ex

917 3203 1209 3277 Polonis
1265 3224 1390 3278 sex
1442 3204 1775 3279 banderia
1834 3206 1948 3279 illi
2007 3207 2336 3297 atribuit,
2411 3229 2589 3301 quae
2650 3229 2810 3282 eum
2870 3209 2959 3280 ad
3022 3211 3195 3282 fines
3258 3207 3681 3281 Lithuaniae
3750 3207 4013 3300 perdu-

917 3327 1178 3412 centes,
1235 3323 1323 3396 ad
1360 3323 1745 3398 obsidionis
1785 3327 2124 3401 stationes
2160 3328 2545 3403 incolumes
2582 3328 2849 3402 reversi
2887 3333 3075 3401 sunt.
3130 3328 3625 3402 Discesserunt
3662 3332 3733 3401 et
3765 3328 4016 3418 paullo

914 3446 1079 3534 post
1131 3462 1290 3516 cum
1342 3443 1674 3536 gentibus
1727 3444 1877 3518 suis
1931 3446 2285 3521 Masoviae
2338 3449 2600 3536 Duces,
2657 3446 3083 3536 Semovitus,
3138 3447 3511 3520 Ianussius
3566 3453 3638 3521 et
3692 3445 4012 3521 Semovi-

913 3566 1032 3635 tus
1086 3561 1350 3650 iunior;
1403 3563 1559 3636 Rex
1613 3569 1846 3638 tamen
1899 3587 2057 3639 cum
2111 3567 2405 3659 reliquis
2462 3567 2886 3642 exercitibus
2941 3566 3168 3662 Regni
3206 3566 3353 3651 sui,
3410 3589 3585 3658 quos
3638 3565 4015 3640 constabat

915 3701 1002 3756 ex
1056 3681 1484 3757 discessione
1545 3682 1968 3759 Lithuaniae
2031 3691 2105 3758 et
2165 3685 2519 3760 Masoviae
2570 3685 2977 3777 Principum
3040 3685 3425 3758 diminutos
3480 3687 3625 3760 fore
3654 3683 3743 3774 ³),
3816 3683 4009 3758 obsi-

913 3801 1191 3874 dionem
1243 3802 1720 3876 continuabat.
1779 3804 1961 3877 Dum
2017 3805 2364 3896 siquidem
2416 3805 2751 3880 cruciferi
2817 3805 3247 3879 obsidionem
3302 3805 3517 3879 castri
3572 3804 4009 3879 Matienbur·

913 3920 1151 4012 gensis
1207 3925 1278 3994 et
1331 3921 1482 3995 eius
1537 3921 2119 4014 conquisitionem
2153 3925 2585 4016 propediem,
2642 3925 2705 3997 si
2741 3925 3147 3999 continuata
3182 3924 3437 3998 fuisset
3488 3924 3759 3999 obsidio
3778 3981 3795 4012 ,
3832 3925 4007 3998 fien-

913 4039 1076 4111 dam
1103 4039 1167 4127 ⁴)
1221 4039 1570 4128 aversuri,
1629 4063 1822 4132 spem
1877 4043 1962 4115 de
1998 4044 2431 4117 restituenda
2470 4044 2889 4138 Samagittia
2924 4045 3104 4118 Duci
3140 4045 3545 4118 Alexandro
3578 4044 4007 4133 Withawdo,

914 4157 1224 4229 maxima
1277 4158 1615 4233 aviditate
1677 4161 1764 4233 ab
1826 4183 1905 4235 eo
1936 4161 1998 4253 5)
2053 4163 2470 4255 expetitam,
2539 4169 2609 4238 et
2668 4166 2756 4238 ab
2810 4164 3059 4238 effectu
3122 4185 3263 4236 non
3314 4165 3805 4238 abhorrentem
3825 4218 3843 4252 ,
3902 4165 4003 4236 fe-

915 4275 1178 4350 cissent
1209 4277 1298 4365 ⁰),
1357 4278 1497 4350 alia
1551 4284 1810 4368 mente,
1867 4281 2004 4354 alio
2061 4283 2291 4357 animo
2346 4304 2429 4356 ea
2480 4283 2911 4358 inescatione
2963 4284 3253 4357 indutus
3288 4283 3371 4372 ⁷),
3440 4283 3873 4357 obsidionem
3930 4289 4007 4356 et

913 4395 1179 4469 bellum
1233 4397 1548 4470 deserere
1603 4402 1674 4470 et
1725 4404 2016 4489 penates
2066 4407 2386 4493 repetere
2441 4401 2515 4474 in
2559 4402 2869 4475 animum
2924 4403 3259 4480 inducens
3286 4403 3375 4494 εΙ),
3432 4401 3620 4476 alius
3662 4403 4007 4476 Withaw-

913 4515 1078 4605 dus,
1135 4535 1345 4607 quam
1399 4517 1658 4604 fuerat,
1719 4539 1873 4591 esse
1925 4521 2177 4612 coepit.
2252 4521 2488 4594 Statui
2541 4521 2831 4613 insuper
2856 4522 2921 4612 ⁹)
2976 4544 3103 4596 suo
3158 4523 3601 4596 Withawdus
3658 4525 3826 4595 Dux
3880 4544 4007 4595 vc-

911 4637 1274 4708 hementer
1336 4634 1581 4708 timere
1635 4637 2016 4729 coepit10),
2073 4662 2160 4713 ne
2207 4642 2399 4734 Rege
2455 4640 2785 4714 universa
2836 4643 3133 4717 Prussia
3184 4643 3473 4734 pacifice
3524 4641 3792 4734 potito,
3849 4643 4009 4734 ipse

914 4776 956 4826 a
1008 4753 1432 4827 Lithuaniae
1485 4755 1762 4828 Ducatu
1814 4757 2259 4833 deiiceretur.

1131 5057 1176 5137 ¹)
1221 5059 1629 5122 accusationes
1678 5057 1830 5124 Cod.
1882 5057 2058 5124 Calv.
2127 5063 2178 5142 ²)
2224 5065 2379 5126 intra
2422 5067 2680 5130 Octavus
2722 5069 2955 5130 Natalis
2998 5069 3223 5129 Mariae
3267 5069 3530 5145 Virginis
3594 5063 3749 5130 Cod.
3810 5067 4007 5130 Rozr.

917 5159 969 5239 ³)
1016 5181 1149 5223 csse
1195 5158 1348 5224 God.
1393 5161 1583 5227 Rozr.
1641 5162 1694 5243 ⁴)
1739 5165 2056 5226 finiendam
2103 5161 2255 5229 Cod.
2300 5166 2491 5230 Rozr.
2558 5167 2613 5249 ⁸)
2657 5172 2732 5231 ab
2774 5170 3114 5232 Alexandro
3164 5165 3316 5234 Cod.
3362 5167 3557 5232 Rozr.
3621 5169 3675 5251 ⁸)
3725 5173 3783 5233 ei
3826 5171 4008 5232 dede-

913 5267 1069 5340 runt,
1110 5269 1178 5324 ut
1218 5264 1556 5326 Alexander
1603 5262 1755 5331 cod.
1785 5265 1978 5329 Rozr.
2030 5265 2080 5347 ⁷)
2127 5269 2401 5330 inductus
2444 5269 2570 5333 Ed.
2606 5269 2783 5356 Lipe.
2836 5272 2890 5353 ι’)
2935 5273 3241 5334 induceret
3288 5269 3440 5337 0001.
3480 5270 3676 5336 Rozr.
3727 5273 3781 5354 ⁰)
3827 5276 4007 5336 etim

913 5362 1041 5427 Ed.
1077 5362 1254 5448 Lupe.
1311 5363 1389 5436 ¹⁰)
1435 5367 1629 5429 timuit
1673 5365 1824 5431 Cocl.
1883 5365 2070 5432 Rozr.
