4342 6384
861 581 1010 653 664
2025 592 2252 652 mmm
2302 594 2813 652 Duonncmus.
3390 572 3528 677 (A.
3572 576 3665 651 D.
3704 574 3941 677 1440.)

765 820 768 824 ·
860 806 1024 859 varo
1079 784 1380 875 repulsi,
1429 804 1612 857 nova
1651 782 1884 857 diaeta
1919 778 2218 873 indicta,
2278 784 2550 875 legatos
2586 784 2673 855 ad
2710 782 3149 856 Fridericum
3185 784 3661 857 Romanorum
3698 786 3943 877 Regem

858 904 1185 987 mittunt,
1243 908 1594 995 petenteS,
1651 908 1734 975 ut
1787 903 2047 976 tutorio
2101 902 2383 976 nomine
2422 900 2738 974 Ladislai
2774 902 3096 995 Regnum
3136 902 3497 995 suscipiat.
3558 904 3943 997 Suggerunt

857 1022 1215 1124 nonnulli,
1273 1027 1344 1095 et
1399 1022 1762 1115 signanter
1813 1024 2118 1096 Ptaczek
2155 1022 2236 1112 ¹),
2294 1026 2375 1094 ut
2430 1043 2505 1095 se
2558 1022 2791 1113 ipsum
2846 1022 3106 1115 Regem
3164 1023 3398 1097 faciat.
3458 1024 3599 1097 Sed
3650 1024 3940 1097 Frideri-

861 1164 986 1217 cus
1039 1144 1217 1229 Rex·
1252 1141 1480 1216 sciens
1534 1143 1916 1232 BohemoS,
1973 1142 2116 1215 nisi
2153 1140 2565 1234 largitiones
2621 1142 2891 1232 amplas
2954 1141 3333 1233 accipiant,
3396 1164 3439 1214 a
3494 1142 3629 1215 fide
3682 1148 3753 1216 et
3805 1144 3941 1215 offi-

858 1262 965 1336 cio
1022 1262 1490 1350 discessuroS,
1561 1260 1791 1334 sciens
1857 1282 2133 1353 quoque
2195 1260 2424 1354 Regni
2488 1280 2737 1332 census
2812 1264 2883 1333 et
2947 1261 3325 1355 vectigalia
3395 1284 3477 1335 ac
3529 1262 3803 1355 argenti
3856 1263 3940 1333 fo-

859 1382 1062 1455 dinas
1116 1380 1500 1469 extinctae,
1556 1384 1934 1473 utrumque
1984 1400 2277 1473 perosus
2332 1383 2471 1467 est,
2540 1378 2935 1470 suasitque,
3010 1386 3092 1451 ut
3146 1382 3441 1453 Bohemi
3493 1402 3621 1473 per
3673 1402 3746 1455 se
3798 1402 3940 1473 pro-

858 1500 1194 1585 vinciam,
1267 1501 1485 1573 donec
1553 1520 1730 1592 puer
1781 1499 2167 1587 adolescat,
2244 1496 2773 1585 administrent3
2849 1497 2926 1569 in
2989 1520 3197 1589 quam
3260 1501 3716 1588 sententiam,
3788 1501 3941 1573 dum

859 1619 1120 1693 similis
1173 1620 1491 1711 repulsa,
1548 1640 1728 1711 quae
1781 1641 1822 1692 a
1875 1621 2148 1692 Bavaro
2206 1618 2393 1690 facta
2444 1621 2587 1706 est,
2644 1638 2686 1689 a
2722 1616 3017 1690 caeteris
3072 1617 3523 1711 Principibus
3562 1620 3939 1705 timeretur,

856 1740 1356 1833 gubernatores
1429 1734 1688 1831 eligere
1740 1735 2035 1830 placuit.
2091 1736 2397 1809 Ptaczko
2428 1739 2525 1809 'et
2578 1735 3046 1827 Meynhardus
3101 1736 3483 1830 designati,
3542 1743 3613 1812 et
3666 1738 3739 1810 in
3792 1758 3937 1811 cou-

857 1858 1092 1932 cordia
1144 1855 1479 1946 discordi,
1537 1877 1696 1929 cum
1751 1856 2222 1948 Meynhardus
2276 1858 2618 1928 conventa
2669 1875 2828 1928 cum
2883 1855 3192 1928 Concilio
3248 1858 3592 1930 servanda
3644 1876 3795 1930 esse
3848 1856 3939 1927 di·

856 1981 1077 2066 ceret,
1134 1978 1335 2050 velut
1387 1975 1902 2049 catholicorum
1955 1976 2182 2062 tutor,
2249 1974 2555 2047 Ptaczko
2619 1978 2819 2065 peste
2873 1974 3183 2048 haeresis
3237 1974 3541 2048 infectus
3599 1978 3941 2067 sperneret

857 2097 1225 2189 aliquanto
1295 2100 1602 2186 tempore
1672 2094 1995 2187 Regnum
2067 2078 2671 2181 administratum,
2747 2093 2976 2166 medio
3048 2098 3591 2186 temperamento
3655 2094 3939 2185 ingesto,

860 2236 996 2307 quo
1025 2213 1090 2305 2)
1145 2213 1452 2306 partium
1508 2234 1633 2287 suo
1689 2212 1942 2306 cuique
1996 2218 2157 2286 voto
2214 2212 2461 2287 liceret
2515 2212 2776 2286 vivere.

1213 2566 1524 2656 Georgius
1566 2566 1648 2637 do
1689 2564 2177 2654 rosazyobntn
2222 2563 2657 2653 gubernacula
2700 2562 2903 2653 Regni
2943 2564 3261 2636 Bohemici
3304 2563 3602 2653 suscipit.

1067 2813 1462 2887 Ptaczkone
1509 2812 1738 2901 ,altero
1778 2831 1866 2884 ex
1901 2808 2487 2902 gubernatoribus
2524 2808 2901 2884 Bohemiae
2936 2809 3010 2883 vi
3048 2810 3271 2884 morbi
3307 2813 3618 2883 assumto
3638 2866 3655 2899 ,
3714 2810 3936 2903 Meyn-

859 2933 1062 3007 hardi
1114 2935 1429 3025 potestas
1484 2930 1744 3004 sensim
1798 2950 2104 3003 crescere
2159 2929 2411 3021 coepit.
2468 2929 2557 3001 Id
2608 2930 2775 3002 dum
2829 2950 3033 3022 aegre
3085 2951 3249 3021 pars
3304 2928 3761 3002 Hussitarum
3815 2931 3937 3002 fer-

860 3057 1000 3141 ret,
1057 3050 1145 3124 ad
1199 3049 1574 3141 Georgium
1627 3049 2152 3140 Posdzyebrath
2183 3046 2246 3138 ³)
2302 3069 2378 3121 se
2432 3048 2766 3137 contulit,
2833 3069 3130 3141 eumque
3184 3048 3320 3121 sibi
3382 3050 3645 3123 Ducem
3712 3050 3937 3141 elegit,

861 3176 934 3245 et
969 3171 1058 3244 ad
1093 3169 1527 3261 eripiendum
1583 3190 1924 3241 summam
1975 3169 2112 3257 rei,
2171 3189 2349 3261 quae
2395 3168 2470 3240 in
2506 3167 3006 3260 Meynhardum
3062 3167 3403 3241 ceciderat
3428 3169 3520 3258 ⁴),
3578 3170 3938 3243 animavit:

862 3291 984 3383 qui
1047 3288 1466 3363 collaudatis
1531 3287 2014 3377 suasionibus,
2080 3309 2239 3361 cum
2304 3291 2491 3361 esset
2553 3287 2664 3361 vir
2728 3274 2975 3379 suapte
3038 3287 3277 3379 cupidi
3340 3291 3411 3360 et
3464 3286 3600 3361 alti
3662 3288 3937 3382 ingenii,

867 3431 1043 3483 onus
1117 3408 1458 3500 suscepit,
1533 3411 1604 3481 et
1657 3406 1746 3479 ad
1798 3406 2012 3497 diem,
2089 3428 2268 3499 quae
2328 3427 2453 3498 pro
2518 3406 2909 3479 invadenda
2978 3406 3316 3499 Pragensi
3376 3407 3549 3481 urbe
3613 3412 3941 3482 conventa

861 3533 1041 3615 erat,
1098 3528 1422 3601 clanculo
1477 3546 1634 3599 cum
1697 3525 1920 3617 copiis
1985 3525 2213 3615 venit,
2268 3525 2577 3617 urbeque
2628 3544 2671 3597 a
2727 3524 3026 3599 factione
3090 3546 3257 3599 suae
3310 3527 3568 3618 partis,
3626 3528 3939 3620 quoniam

858 3649 962 3721 ita
1016 3650 1201 3721 inter
1236 3647 1402 3719 illos
1439 3650 1885 3733 convenerat,
1948 3645 2263 3734 incensa,
2322 3645 2487 3717 dum
2510 3644 2612 3717 ‘ad
2648 3642 3207 3737 restringendum
3238 3644 3300 3733 5)
3354 3646 3756 3719 incendium
3789 3667 3939 3719 con-

859 3765 1198 3855 curritur,
1255 3763 1598 3857 Georgius
1650 3786 1774 3856 per
1820 3764 2220 3838 coniuratos
2255 3768 2457 3855 porta
2492 3785 2633 3836 una
2668 3762 3152 3853 intromissus,
3208 3763 3489 3838 caedem
3527 3765 3723 3839 facit.
3778 3766 3938 3838 'rru-

859 3888 1186 3961 cidantur
1235 3884 1500 3978 passim
1554 3884 1999 3973 resistentes,
2057 3884 2525 3976 Meynhardus
2580 3884 2657 3956 in
2710 3905 2788 3958 eo
2844 3885 3160 3957 tumultu
3214 3890 3495 3976 captuS,
3560 3884 3637 3958 in
3690 3906 3938 3958 arcem-

861 4027 998 4098 que
1049 4005 1438 4093 coniectus‚
1497 4003 1647 4078 sive
1702 4002 2024 4077 molestia
2077 4002 2407 4091 carceriS,
2466 4002 2618 4077 sive
2669 4007 2751 4075 ut
2786 4004 3197 4096 plerumque
3240 4005 3685 4093 astruebant,
3744 4025 3941 4079 vene-

859 4130 1104 4212 natuS,
1143 4124 1326 4198 diem
1362 4123 1569 4197 obiit:
1609 4128 1678 4198 et
1715 4144 1804 4198 ex
1839 4124 1966 4197 illo
2003 4130 2317 4216 tempore
2362 4144 2500 4195 non
2535 4124 2763 4215 Praga
2798 4125 3311 4212 tantummodo,
3352 4125 3477 4196 sed
3514 4129 3584 4197 et
3618 4124 3943 4196 universa

862 4242 1202 4316 Bohemia
1255 4242 1551 4335 Georgio
1604 4242 1873 4335 paruit,
1930 4264 2135 4336 quem
2192 4243 2328 4316 etsi
2380 4242 2673 4316 Bohemi
2728 4242 3235 4316 execrabantur
3270 4243 3346 4315 in
3383 4243 3768 4332 abstracto,
3822 4264 3941 4333 pa·

857 4364 1001 4436 lam
1040 4369 1272 4461 tamen
1307 4362 1720 4451 laudabant,
1759 4362 2109 4436 hominem
2147 4384 2364 4435 unum
2404 4382 2557 4435 esse
2594 4368 3019 4451 asserentes»,
3069 4362 3190 4454 qui
3227 4361 3458 4454 Regni
3495 4362 3853 4435 Bohemici
3880 4362 3943 4450 6)

859 4482 1384 4556 calamitatibus
1437 4484 1645 4555 finem
1697 4485 1912 4573 ponat
1943 4482 2028 4572 ⁷).
2085 4482 2178 4553 Et
2226 4481 2546 4574 quamvis
2584 4482 2671 4553 ad
2707 4481 3138 4555 Fridericum
3177 4482 3647 4554 Romanorum
3684 4482 3943 4573 Regem

861 4604 1256 4695 frequentes
1310 4603 1581 4695 legatos
1635 4600 1988 4688 miserint,
2045 4602 2342 4692 petendo
2372 4600 2436 4690 εΒ)
2490 4605 2572 4673 ut
2625 4600 3000 4673 Ladislaus
3065 4602 3308 4693 Regno
3364 4600 3741 4673 Bohemiae
3791 4599 3942 4672 red-

859 4722 1098 4809 datur,
1159 4720 1344 4794 nihil
1395 4726 1625 4793 tamen
1681 4720 2172 4811 impetravere,
2232 4742 2358 4812 per
2408 4725 2707 4795 aetatem
2760 4720 3184 4811 pupillarem
3237 4717 3595 4793 Friderico
3632 4721 3821 4811 Rege
3858 4718 3943 4791 il-

859 4841 1087 4914 lorum
1115 4839 1183 4930 9)
1212 4842 1526 4930 ρι’,οιιειίηιε
1583 4839 1929 4913 eludente.

1036 5218 1054 5229 α
1075 5146 1120 5227 ¹)
1168 5146 1432 5209 Ptoczek
1479 5142 1630 5210 cod.
1677 5142 1896 5209 Przez.
1960 5144 2015 5227 ⁵¹)
2059 5162 2178 5223 quo
2220 5145 2499 5208 videlicet
2560 5138 2712 5210 Cod.
2760 5142 2893 5209 Lis.
2957 5142 3013 5227 ⁸)
3056 5144 3518 5209 Podziebraczki
3574 5142 3726 5210 cod.
3768 5140 3945 5208 Koct.

858 5250 934 5310 de
977 5246 1369 5312 Podziebrath
1413 5246 1540 5313 Ed.
1584 5248 1764 5332 Lips.
1829 5247 1886 5330 ⁴)
1929 5250 2223 5310 reciderat
2277 5245 2429 5311 Ood.
2475 5246 2652 5311 Kost.
2717 5248 2768 5329 ⁵)
2828 5250 3249 5326 resignandum
3311 5244 3464 5312 Cod.
3516 5246 3693 5312 Kost.
3738 5251 3945 5310 restin-

859 5352 1154 5426 guendum
1197 5348 1324 5412 Ed.
1371 5348 1553 5433 Lips.
1616 5348 1669 5430 ⁶)
1715 5352 2034 5414 Bohemiae
2077 5348 2205 5415 Ed.
2252 5348 2433 5433 Lips.
2499 5350 2550 5428 ⁷)
2595 5353 2873 5427 imponat.
2934 5346 3086 5414 Cod.
3133 5350 3313 5414 Kost.
3376 5352 3429 5431 ⁸)
3472 5358 3743 5428 petentes
3788 5346 3945 5413 cod.

859 5448 1039 5515 Koet.
1087 5450 1140 5532 ⁹)
1186 5472 1386 5514 eorum
1429 5449 1556 5514 Ed.
1603 5450 1782 5534 Lips.
