4342 6384
877 569 1023 647 338
2041 588 2283 647 mann
2335 588 2790 649 minuemus.
3394 566 3526 673 (Α.
3566 570 3657 647 D.
3698 572 3952 673 142⁶.)

869 786 939 853 et
992 802 1114 873 per
1167 781 1452 853 nuntios
1507 802 1586 854 ac
1640 781 1886 853 literas
1941 780 2170 872 coepit
2226 782 2489 854 Ducem
2543 782 2870 873 Magnum
2925 781 3405 854 Alexandrum
3452 802 3575 873 pro
3614 781 3953 873 praedicti

868 901 1250 974 molendini
1313 902 1574 973 Lubicz
1639 901 2010 973 donatione
2073 901 2545 991 interpellare.
2612 900 2774 973 Non
2828 902 3011 992 quod
3074 922 3489 993 magnopere
3550 901 3952 973 huiusmodi

869 1021 1213 1112 indigeret
1267 1020 1693 1109 molendino,
1753 1021 1873 1092 sed
1931 1019 2359 1092 occasionem
2414 1020 2719 1092 oblatam
2773 1042 2910 1092 non
2965 1042 3116 1093 esse
3172 1021 3659 1113 negligendam
3713 1042 3949 1093 cense-

868 1140 1018 1228 bat,
1075 1160 1200 1232 per
1253 1162 1459 1232 quam
1515 1141 1842 1212 unionem
1897 1146 1967 1212 et
2021 1139 2437 1212 charitatem
2492 1141 2869 1213 fraternam
2925 1140 3108 1213 inter
3163 1140 3635 1212 Wladislaum
3690 1142 3953 1232 Regem

870 1264 938 1331 et
991 1260 1472 1332 Alexandrum
1527 1262 1786 1333 Ducem
1845 1260 2191 1363 scinderet
2246 1265 2315 1331 et
2369 1259 2599 1351 iurgia
2660 1264 2872 1351 atque
2936 1260 3123 1332 bella
3177 1260 3363 1331 inter
3416 1260 3581 1332 illos
3638 1281 3949 1331 consere-

868 1385 1005 1469 ret,
1063 1401 1238 1471 (11168
1294 1381 1530 1452 11111168
1586 1385 1656 1451 61
1711 1380 2080 1452 concordes
2135 1379 2275 1451 sibi
2334 1378 2599 1451 sciebat
2654 1400 2807 1451 esse
2862 1400 3109 1471 magno
3164 1379 3435 1452 terrori.

867 1732 1216 1806 wladislao
1245 1734 1416 1824 Rege
1461 1733 1651 1804 fidem
1696 1733 1914 1805 datam
1958 1733 2038 1804 (16
2070 1732 2485 1804 libertatibus
2519 1734 2590 1804 et
2618 1732 2862 1802 iuribus
2894 1731 3345 1803 confirmandis
3378 1750 3507 1803 non
3543 1731 3949 1816 exsolvente,

978 1853 1240 1941 literae,
1285 1853 1514 1943 quibus
1558 1852 1730 1923 illius
1777 1854 1915 1923 eius
1959 1853 2026 1923 in
2071 1851 2293 1941 Regno
2338 1852 2890 1937 constituebatur,
2939 1867 2980 1922 a
3022 1851 3277 1923 Potonis
3320 1852 3618 1923 concisse
3662 1854 3835 1923 sunt.

1075 2099 1444 2172 Paschatis
1501 2100 1674 2170 festo
1732 2099 1915 2190 apud
1969 2098 2447 2171 Krasznistaw
2504 2103 2780 2186 exacte,
2839 2096 2911 2169 in
2968 2096 3231 2169 Octava
3266 2096 3465 2169 illius
3510 2095 3945 2169 Wladislaus

870 2220 1203 2292 Poloniae
1256 2221 1410 2291 Rex
1465 2240 1587 2310 per
1639 2218 1940 2291 Wislam
1995 2218 2068 2290 in
2122 2217 2421 2290 navibus
2476 2218 2549 2289 in
2606 2222 2859 2289 terram
2914 2216 3449 2307 Cuyaviensem‚
3516 2224 3759 2289 curato
3812 2217 3946 2289 iam

869 2340 1074 2431 pede,
1133 2338 1523 2426 descendit,
1581 2338 1653 2410 in
1709 2340 2014 2409 transitu
2069 2360 2195 2409 suo
2250 2359 2374 2428 per
2425 2336 2829 2409 Ianussium
2893 2336 3157 2408 Ducem
3213 2336 3568 2411 Masoviae
3621 2338 3695 2409 in
3748 2338 3945 2411 War-

871 2458 1186 2547 sehovia‚
1243 2460 1316 2532 in
1370 2459 1669 2530 Ploczko
1725 2480 1885 2531 vero
1941 2458 2243 2549 aliisque
2295 2457 2617 2549 pluribus
2672 2456 2847 2528 locis
2900 2477 3024 2547 per
3060 2458 3321 2529 Ducem
3362 2457 3788 2531 Semovitum
3829 2480 3943 2531 ex-

871 2584 1116 2672 ceptus
1172 2582 1242 2651 et
1293 2580 1697 2651 honoratus.
1764 2578 1872 2649 Ex
1937 2580 2124 2649 terra
2187 2576 2604 2667 Guyaviensi
2669 2576 2862 2649 venit
2925 2576 3355 2665 Lanciciam,
3429 2582 3500 2649 et
3562 2580 3947 2671 generalem

870 2721 994 2791 pro
1049 2702 1226 2772 festo
1280 2699 1760 2785 Pentecostes,
1819 2696 2165 2787 frequenti
2226 2716 2509 2767 numero
2556 2695 3115 2769 consiliariorum
3180 2697 3265 2769 ad
3302 2697 3501 2769 illam
3540 2698 3945 2785 confluente,

873 2819 1105 2891 tenuit
1142 2818 1692 2891 conventionem.
1731 2817 1818 2888 In
1857 2838 1994 2908 qua
2031 2836 2187 2889 cum
2224 2815 2299 2888 111
2334 2814 2583 2906 primis
2620 2814 3059 2887 Wladislaus
3097 2816 3430 2889 Poloniae
3466 2817 3620 2889 Rex
3668 2838 3709 2888 a
3744 2819 3945 2889 Prae-

873 2938 1042 3010 latis
1107 2943 1176 3010 et
1228 2937 1630 3028 proceribus
1692 2935 2044 3008 universis
2109 2939 2505 3026 rogaretur,
2570 2938 2653 3005 ut
2714 2934 2955 3026 vigore
3006 2954 3405 3008 recessuum
3470 2936 3945 3008 conventionis

875 3058 1276 3130 Brestensis
1329 3077 1454 3148 pro
1509 3054 1620 3128 die
1675 3055 1916 3127 Sancti
1969 3054 2187 3127 Marci
2240 3054 2553 3142 habitae,
2612 3053 2767 3125 iura
2814 3058 2883 3126 et
2920 3054 3285 3128 libertates
3322 3076 3539 3127 novas
3578 3060 3647 3128 et
3683 3061 3947 3129 veteres

876 3180 1277 3250 confirmare
1343 3181 1411 3248 et
1472 3176 1804 3247 innovare
1871 3174 2305 3267 dignaretur,
2373 3174 2786 3265 respondere
2851 3174 3122 3245 diutius
3175 3174 3523 3267 rogationi
3577 3182 3945 3249 cunctatus

875 3302 1006 3369 est.
1065 3295 1498 3388 Sigismundi
1561 3294 1742 3368 enim
1805 3294 2273 3367 Romanorum
2331 3298 2401 3365 et
2454 3280 2875 3385 Hungariae'
2924 3292 3141 3386 Regis
3204 3294 3529 3383 consilio,
3596 3298 3779 3388 quod
3832 3317 3950 3389 per

878 3416 1249 3508 specialem
1287 3414 1645 3503 nuntium,
1703 3415 1789 3485 ad
1828 3414 2057 3506 ipsum
2095 3434 2318 3505 usque
2355 3413 2428 3486 in
2466 3414 2900 3505 Hungariam
2938 3414 3262 3502 missum,
3323 3415 3743 3506 expetierat,
3798 3438 3944 3507 per-

877 3557 1160 3624 suasus,
1229 3538 1623 3607 mutaverat
1685 3532 2150 3625 propositum:
2222 3532 2343 3625 qui
2408 3532 2851 3623 antiquorum
2916 3533 3173 3605 iurium
3238 3536 3829 3609 confirmationem
3882 3540 3949 3608 et

877 3655 1322 3747 largitionem
1370 3674 1740 3742 novorum,
1801 3651 1936 3726 sibi
1975 3659 2044 3725 et
2081 3652 2598 3725 successoribus
2634 3652 3130 3743 perniciosam,
3181 3674 3403 3744 neque
3440 3659 3763 3746 respectu
3798 3678 3946 3747 pro-

877 3773 1233 3847 missionis
1289 3774 1374 3846 de
1429 3772 1871 3863 suscipiendo
1926 3772 2106 3859 filio,
2163 3792 2318 3844 cum
2374 3772 2461 3843 ad
2506 3770 2576 3843 id
2626 3773 2779 3864 lege
2816 3772 3212 3865 obligentur
3266 3774 3536 3862 divina,
3594 3775 3950 3849 libertates

875 3916 1091 3967 novas
1148 3893 1616 3967 concedendas
1673 3893 1818 3964 fore
1871 3892 2230 3979 censebat3
2288 3891 2847 3982 studendumque
2884 3892 3141 3983 magiS,
3198 3898 3279 3965 ut
3316 3894 3581 3987 singuli
3628 3895 3943 3967 consilia-

873 4013 964 4085 rii
1017 4034 1139 4103 per
1193 4013 1582 4103 singulares
1637 4012 1882 4084 literas
1937 4012 2197 4083 faciant
2250 4011 2335 4083 (16
2390 4010 2829 4103 suscipiendo
2884 4013 3065 4099 filio,
3122 4012 3601 4106 singularibus
3656 4014 3944 4087 nomini-

875 4133 1007 4204 bus
1063 4131 1526 4222 sponsionem.
1582 4132 1668 4203 Id
1724 4130 2094 4203 consilium
2160 4152 2297 4203 non
2352 4151 2553 4203 secus
2610 4152 2817 4221 quam
2872 4153 2913 4203 a
2966 4130 3280 4205 Minerva
3334 4134 3701 4226 largitum,
3758 4135 3944 4207 Wla·

875 4251 1145 4323 dislaus
1199 4250 1354 4323 Rex
1409 4250 1814 4337 observans,
1871 4271 2093 4341 neque
2149 4270 2223 4323 se
2278 4238 2569 4342 antiqua
2622 4252 2775 4323 iura
2830 4253 3429 4342 confirmaturum,
3497 4275 3723 4345 neque
3774 4276 3947 4327 nova

876 4369 1296 4461 largiturum
1349 4368 1584 4441 edicit.
1643 4370 1992 4442 Murmure
2047 4370 2243 4442 illico
2298 4376 2562 4458 coorto,
2624 4370 2971 4463 Sbigneus
3043 4372 3519 4445 cracoviensis
3588 4373 3949 4465 episcopus

877 4490 950 4588 in
1005 4488 1354 4561 concionis
1409 4489 1631 4561 medio
1686 4510 2090 4579 assurgam,
2147 4490 2427 4562 literam
2481 4489 2949 4567 universalem
2990 4492 3042 4579 ¹)
3098 4492 3356 4583 Regni,
3426 4492 3689 4584 sigillis
3745 4494 3947 4565 Prae-

877 4610 1179 4681 latorum
1236 4613 1304 4679 61
1347 4628 1705 4699 procerum
1751 4608 2277 4696 communitam,
2337 4631 2475 4700 qua
2501 4607 2563 4698 2)
2621 4631 2695 4682 86
2732 4610 2957 4682 filium
2995 4610 3244 4701 RegiS‚
3302 4612 3494 4704 Rege
3532 4612 3831 4685 obeunte
3866 4611 3945 4700 3),

877 4744 1002 4820 1116
1057 4728 1248 4819 Rege
1301 4726 1610 4818 accipere
1664 4727 2170 4817 astrinxerant,
2236 4730 2657 4820 reproducit.
2722 4729 3069 4803 Haeccine
3100 4730 3186 4819 ⁴),
3252 4730 3517 4822 inquit,
3586 4736 3695 4804 est
3752 4732 3951 4804 litera

879 4848 1041 4920 fidei
1096 4868 1287 4919 meae
1341 4847 1634 4934 credita,
1695 4868 1900 4937 quam
1931 4847 2014 4936 5),
2072 4849 2263 4940 Rege
2316 4853 2553 4921 nostro
2610 4870 2887 4921 servare
2939 4849 3283 4941 promissa
3337 4852 3719 4939 abnuente,
3773 4851 3947 4923 inte-

877 4987 1073 5058 gram
1102 4966 1165 5055 6)
1220 4966 1454 5039 16(1(16.
1513 4966 1826 5057 Excepta
1855 4966 1915 5055 ⁷)
1971 4967 2165 5039 illico
2222 4989 2263 5039 a
2314 4966 2714 5057 proceribus
2770 4973 2879 5041 est
2906 4967 2994 5058 8),
3052 4973 3120 5043 et
3164 4969 3421 5061 gladiis
3458 4970 3779 5060 nudatis,
3820 4991 3953 5041 non

1097 5254 1143 5336 ¹)
1189 5257 1391 5317 literas
1434 5258 1800 5318 universales
1849 5252 2000 5319 Cod.
2047 5252 2240 5319 Rozr.
2306 5254 2355 5337 Ω)
2406 5260 2815 5337 communitas,
2862 5258 3075 5334 quibus
3134 5240 3289 5321 Coti.
3349 5256 3542 5320 Roma
3608 5258 3659 5338 ³)
3720 5265 3959 5322 mortem

883 5360 1137 5419 obeunte
1193 5356 1344 5420 Ood.
1391 5356 1582 5420 Rozr.
1632 5356 1686 5438 4)
1731 5360 1861 5420 Hae
1910 5356 2060 5422 Cod.
2107 5358 2300 5421 Rozr.
2358 5358 2410 5440 ⁶)
2460 5367 2597 5421 sunt
2638 5362 2845 5421 literae
2889 5362 3026 5422 fidei
3070 5382 3235 5422 meae
3281 5362 3564 5441 creditae,
3611 5381 3760 5440 quas
3810 5358 3957 5424 Cod.

883 5459 1077 5541 Rozr.
1127 5458 1178 5543 ⁶)
1225 5462 1489 5539 integras
1537 5458 1688 5525 Cod.
1735 5460 1926 5524 Rozr.
1978 5460 2028 5543 ⁷)
2075 5464 2376 5539 Exceptae
2432 5461 2582 5526 c'od.
2634 5462 2827 5526 Rosr.
2874 5462 2927 5547 ⁸)
2976 5469 3115 5525 sunt
3160 5460 3311 5527 cod.
3362 5462 3551 5529 Rozr.
