4342 6384
881 567 1028 639 174
2065 589 2292 642 mssa
2344 589 2800 642 unnncnms.
3434 566 3567 666 (Α.
3603 564 3703 641 D.
3744 565 3970 664 1414.)
4083 519 4094 534 ’

877 769 1248 844 Mikitham
1313 776 1384 845 et
1438 772 1813 845 nonnullos
1884 772 2277 846 Lithuanos
2352 771 2615 846 milites
2688 773 3071 864 captivant.
3146 773 3663 848 Descenderant
3736 779 3969 847 autem

879 892 1142 964 'multae
1193 895 1435 983 gentes
1489 891 1835 982 equestris
1890 890 2155 965 ordinis
2209 893 2296 966 de
2348 891 2564 984 Regis
2628 891 2944 965 exercitu
2996 893 3083 966 ad
3136 893 3618 984 occupandum
3674 895 3969 985 praedas

877 1013 948 1082 et
1001 1009 1226 1102 spolia
1280 1015 1526 1084 versus
1581 1031 1798 1098 mare,
1858 1016 1928 1082 et
1979 1032 2205 1102 usque
2240 1011 2329 1083 ad
2364 1011 2721 1084 civitatem
2759 1011 3141 1105 Framborg
3176 1013 3230 1101 ¹)
3286 1033 3501 1104 supra
3535 1013 3775 1084 laeum
3812 1013 3967 1084 Hab

879 1129 1086 1202 sitam
1151 1136 1221 1203 et
1268 1130 1736 1204 cathedralem
1775 1129 2140 1204 ecclesiam
2200 1131 2687 1208 Sambiensem'
2724 1131 3127 1220 habentem,
3166 1135 3559 1223 grassatae,
3600 1132 3878 1224 magnis
3908 1129 3969 1220 2)

875 1248 1154 1340 praedis
1209 1253 1280 1323 et
1333 1249 1612 1342 spoliis,
1667 1251 1866 1322 nullo
1919 1247 2373 1340 impediente,
2431 1248 2878 1341 conquisitis,
2937 1271 3095 1323 cum
3146 1249 3473 1322 maximis
3526 1270 3861 1342 pecorum
3896 1259 3966 1324 et

877 1367 1220 1459 pecudum
1281 1367 1643 1462 gregibus,
1709 1357 1866 1442 cum
1931 1368 2305 1462 quadrigis
2363 1369 2527 1446 vino
2598 1373 2671 1442 et
2732 1367 3159 1460 supellectili
3232 1368 3427 1442 varia
3498 1369 3812 1456 onustiS,
3896 1370 3968 1442 in

879 1485 1144 1559 stativa
1195 1488 1382 1579 apud
1436 1488 1718 1561 Holand
1771 1488 2016 1562 habita
2066 1493 2539 1562 revertuntur.

879 1836 1221 1911 obsidione
1264 1838 1465 1910 castri
1509 1838 1758 1911 uelud
1801 1838 2096 1926 dimine,
2143 1838 2535 1914 vladislaus
2564 1839 2703 1912 Rex
2739 1839 3068 1928 mbtngnn
3096 1855 3327 1910 versu
3358 1839 3717 1911 exercitu
3748 1840 3969 1912 nevit.

1245 1957 1462 2030 Poleni
1508 1975 1594 2029 ex
1639 1957 1878 2030 eastris
1921 1958 2197 2048 mirso·
2242 1976 2318 2031 ae
2361 1960 2716 2049 nonnborg
2758 1961 3117 2032 meatu
3160 1959 3592 2036 intuuntur.

1088 2203 1315 2277 Castri
1367 2203 1649 2277 Holand
1703 2203 2096 2294 obsidione,
2154 2225 2331 2295 quae
2385 2204 2459 2279 in
2514 2204 2663 2278 dies
2715 2205 2957 2295 plures
3012 2202 3442 2276 extrahenda
3477 2205 3967 2294 praesumeba-

880 2327 1033 2411 tur,
1092 2321 1380 2412 omissa,
1445 2322 1874 2396 wladislaus
1912 2325 2066 2397 Rex
2104 2323 2314 2398 motis
2368 2323 2653 2412 castriS‚
2708 2344 2921 2415 prope
2982 2323 3310 2415 oppidum
3365 2322 3628 2416 Elbing
3658 2321 3747 2411 ³),
3802 2345 3969 2416 gen·

880 2437 1072 2514 tibus
1129 2442 1214 2515 de
1269 2463 1394 2516 suo
1449 2443 1764 2516 exercitu
1818 2448 2071 2516 terram
2127 2443 2459 2516 hostilem
2516 2443 2717 2516 iussu
2770 2443 2987 2536 Regis
3042 2443 3117 2515 in
3151 2463 3396 2535 gyrum
3436 2443 3524 2514 ad
3559 2443 3771 2534 plura
3811 2442 3967 2514 mil-

879 2560 1086 2634 liaria
1147 2561 1372 2654 spolio
1403 2563 1466 2651 ⁴)
1530 2566 1601 2634 et
1663 2561 2006 2635 incendiis
2067 2561 2673 2653 pervastantibus,
2750 2561 3011 2634 stativa
3070 2561 3329 2633 tenuit.
3402 2561 3514 2633 Ex
3578 2561 3841 2652 quibus
3895 2561 3969 2633 in

877 2679 1143 2772 vigilia
1196 2679 1620 2756 Nativitatis
1677 2683 1975 2754 Sanctae
2027 2681 2288 2754 Mariae
2318 2681 2379 2770 ⁵)
2434 2681 2509 2753 in
2545 2680 2851 2774 Dzirgon
2888 2684 3195 2754 castrum
3237 2680 3684 2771 perveniens,
3744 2685 3817 2754 et
3852 2701 3967 2754 ca-

879 2803 1102 2873 strum
1119 2857 1136 2890 ,
1192 2799 1606 2893 diffugiente
1659 2821 1748 2874 ex
1803 2801 1931 2873 illo
1985 2800 2490 2876 cruciferorum
2534 2799 2914 2892 praesidio,
2972 2820 3271 2872 vacuum
3308 2799 3697 2888 offendenS‚
3756 2800 3967 2872 etiam

877 2918 1063 2992 diem
1119 2920 1414 2994 Sanctae
1468 2921 1729 2993 Mariae
1780 2920 1935 2994 illic
1987 2920 2404 3011 absumpsit.
2460 2921 2547 2992 In
2602 2919 2907 2992 crastino
2968 2919 3037 2991 N
3039 2917 3388 2990 ativitatis
3455 2919 3755 2992 Sanctae
3808 2919 3953 2991 Ma-

875 3035 1073 3126 riae,
1117 3041 1346 3110 castro
1409 3038 1714 3130 Dzirgon
1773 3039 2076 3129 primum
2141 3041 2507 3127 evacuato,
2573 3038 2821 3112 deinde
2885 3038 3200 3126 incenso,
3268 3038 3453 3129 quod
3506 3038 3592 3110 ab
3650 3059 3731 3110 eo
3787 3042 3965 3110 tem-

877 3176 1045 3247 pere
1097 3177 1453 3248 nunquam
1505 3161 1779 3249 poterat
1814 3157 2227 3246 instaurari,
2286 3157 2373 3228 ad
2406 3161 2713 3230 castrum
2760 3157 3154 3249 Resinborg
3180 3157 3245 3245 ⁶)
3300 3156 3440 3229 alio
3476 3157 3758 3230 nomine
3792 3158 3967 3230 Pra-

876 3275 1087 3364 buth‚
1145 3275 1480 3368 applicat.
1537 3277 1730 3368 Quod
1767 3277 1936 3350 licet
1990 3283 2151 3349 ante
2190 3276 2338 3350 dies
2378 3297 2503 3350 sex
2540 3275 3033 3369 Sigismundus
3070 3275 3429 3348 Koributh
3464 3276 3630 3346 Dux
3668 3275 3967 3348 Lithna·

878 3395 1036 3468 niae
1091 3416 1248 3468 cum
1301 3395 1628 3488 gentibus
1690 3395 1907 3488 regiis
1972 3395 2441 3487 conquisisset
2496 3400 2567 3467 et
2617 3394 2942 3486 plurimis
2975 3396 3037 3482 ⁷)
3095 3393 3342 3485 spoliis
3405 3393 3481 3466 in
3535 3415 3616 3466 eo
3668 3394 3971 3486 repertis

877 3515 1148 3606 potitus
1204 3513 1658 3588 incendisset:
1714 3515 1905 3607 Rege
1959 3518 2193 3587 tamen
2246 3534 2403 3586 cum
2456 3512 2771 3587 exercitu
2824 3513 2912 3585 ad
2966 3513 3145 3584 illud
3202 3511 3553 3600 veniente,
3611 3513 3971 3585 exercitus

876 3633 1110 3726 regius
1164 3633 1468 3726 plurima
1522 3633 1934 3706 victualium
1988 3634 2172 3705 bona
2208 3632 2281 3704 in
2318 3632 2513 3710 vino.
2578 3632 2898 3719 medone,
2964 3630 3261 3704 cervisia
3314 3635 3386 3704 et
3438 3651 3644 3704 carne
3665 3688 3682 3720 ,
3740 3638 3965 3705 caete-

877 3753 1116 3844 risque
1168 3753 1376 3826 rebus
1430 3753 1816 3844 reperiens,
1875 3751 2250 3843 quadrigas
2306 3772 2469 3823 suas
2524 3751 2723 3822 illius
2780 3750 3029 3842 spoliis
3084 3750 3429 3841 implevit.

879 4041 1403 4175 macheruntam
1455 4104 1753 4193 oppidum
1805 4103 2078 4192 capitur.
2133 4103 2543 4190 stratagema
2594 4101 3077 4187 cruciferorum,
3131 4117 3256 4190 que
3276 4154 3280 4158 >
3300 4102 3732 4189 opportunum
3776 4099 3970 4188 noas

879 4220 1217 4294 consilinm
1259 4221 1555 4294 Thon-mii
1601 4224 1673 4293 et
1715 4222 1970 4292 ῦιιιιιιιο
2024 4221 2493 4310 oppugnandae
2544 4219 2918 4310 impeditur,
2974 4222 3044 4291 et
3084 4219 3255 4290 iden
3285 4220 3371 4291 nd
3400 4221 3646 4290 tenere
3676 4219 3969 4290 obsiden-

947 4339 1093 4411 dm
1135 4341 1548 4413 Brednieznn
1591 4341 2015 4431 pertrahitun
2059 4340 2337 4430 indeque
2382 4339 2573 4411 nucis
2614 4337 2963 4410 Withavdi
3009 4339 3324 4410 discessio
3366 4338 3435 4409 in
3480 4337 3911 4408 Lithnaninn.

1087 4585 1196 4656 Ex
1251 4584 1643 4677 Resinborg
1671 4584 1734 4673 Β)
1789 4583 1876 4656 ad
1931 4583 2263 4674 oppidum
2328 4582 2926 4669 Bischoffwerder‚
2994 4582 3138 4654 situ
3206 4587 3276 4655 et
3328 4601 3525 4653 muro
3590 4581 3967 4667 munitum,
4076 4621 4081 4624 ·

883 4708 1291 4794 perventum
1347 4709 1486 4776 est:
1543 4704 1726 4794 quod
1779 4703 2015 4795 regius
2070 4702 2424 4775 exercitus
2487 4703 2710 4774 altera
2762 4702 2875 4774 die
2928 4701 3379 4792 impugnans,
3447 4699 3839 4790 conquirit,
3896 4707 3967 4772 et

880 4826 1156 4911 praeter
1226 4843 1417 4912 spem
1441 4876 1458 4909 ,
1529 4823 1824 4893 multam
1895 4821 2199 4893 nobilem
2271 4820 2346 4892 in
2416 4841 2615 4908 auro,
2690 4824 3010 4909 argento,
3085 4819 3337 4911 pannis
3412 4823 3483 4890 et
3547 4817 3752 4908 equis
3810 4817 3965 4890 illic

755 5189 764 5200 ‚
1105 5125 1150 5202 ¹)
1194 5127 1542 5202 Phranborg
1575 5122 1726 5189 Cod.
1763 5121 1938 5188 Calv.
1970 5126 2343 5202 Framburgk
2377 5120 2526 5186 cod.
2557 5121 2734 5185 Kese.
2799 5121 2844 5203 ')
2891 5125 2992 5184 ubi
3035 5129 3369 5200 grassatae,
3415 5125 3769 5200 magnisque
3816 5119 3969 5186 cod.

887 5225 1077 5288 Rem.
1126 5223 1182 5310 ³)
1227 5229 1504 5305 Albyeng
1549 5225 1700 5291 Cod.
1751 5225 1926 5290 Calv.
1973 5227 2273 5303 Elbiangk
2320 5223 2470 5288 Coa.
2518 5224 2691 5288 Kost.
2740 5223 2796 5304 ⁴)
2827 5227 3033 5302 spoliis
3068 5221 3220 5287 Cocl.
3253 5223 3444 5288 Rozr.
3494 5225 3547 5304 ο)
3577 5227 3807 5286 Mariae
3836 5227 3969 5284 Vir-

889 5329 1045 5404 ginis
1092 5324 1242 5392 Cod.
1287 5327 1478 5391 Rozr.
1526 5328 1582 5410 ο)
1624 5329 2052 5406 Bissumborgk
2084 5324 2235 5391 Cod.
2268 5327 2443 5391 Kost.
2474 5330 2859 5404 Riszemborg
2884 5325 3013 5388 Ed.
3045 5325 3228 5408 Lips.
3260 5327 3702 5406 (Riesenburg).
3742 5325 3794 5406 ⁷)
3824 5329 3970 5388 mul-

889 5431 968 5489 tis
1015 5424 1166 5490 cod.
1211 5427 1403 5492 Rezr.
1455 5431 1509 5512 ε)
1555 5432 1962 5508 Resumborgk
2009 5427 2160 5494 Cod.
2206 5428 2382 5492 Kost.
2428 5431 2812 5506 Biszemberg
2852 5427 2981 5490 Ed.
3026 5427 3209 5512 Lips.
