4342 6384
413 596 548 703 (Α.
589 597 680 678 D.
719 596 972 703 1422.)
1581 622 1808 682 mnan
1859 622 2317 684 unni-:cums
3344 608 3493 687 289

414 808 780 883 ditionalis
835 810 1012 883 foret
1049 810 1135 899 ¹):
1193 808 1257 883 si
1309 810 1639 884 videlicet
1693 812 1954 905 Regem
2008 812 2525 905 expeditionem
2578 812 2653 886 in
2708 814 3055 889 Bohemos
3108 815 3494 891 haereticos

411 934 540 1001 aut
593 929 1076 1002 schismaticos
1131 950 1334 1022 agere
1388 930 1850 1023 contingeret3
1919 952 2056 1023 qua
2107 952 2248 1004 non
2302 932 2624 1025 impleta,
2692 954 2765 1006 se
2830 932 3236 1027 apostolicis
3302 957 3495 1007 man-

411 1048 602 1121 datis
654 1070 794 1121 non
845 1049 1096 1123 teneri.
1153 1050 1246 1121 Et
1297 1050 1468 1123 licet
1518 1049 1956 1123 wladislaus
2010 1050 2165 1123 Rex
2218 1051 2739 1143 responsionem
2787 1052 2954 1125 cleri
2992 1052 3360 1126 molestius
3396 1054 3494 1126 fe·

412 1187 609 1255 rens,
662 1167 1048 1257 refelleret,
1104 1168 1512 1260 pontificum
1561 1173 1797 1241 tamen
1847 1168 2202 1241 constanti
2256 1170 2693 1262 oppositione
2739 1175 2811 1243 et
2844 1171 3222 1245 renitentia
3274 1172 3495 1244 tribu-

413 1290 570 1358 tum
625 1290 698 1359 et
751 1290 1036 1360 exactor
1089 1285 1382 1378 quievit.
1683 1271 1694 1279 ’

1173 1636 1488 1709 Fundatio
1533 1638 1788 1727 collegii
1829 1638 2399 1710 mentionarium
2442 1638 2757 1711 enonas.

625 1880 740 1952 Ex
790 1879 1098 1953 Concilio
1151 1879 1669 1954 constantiensi
1705 1880 2042 1954 Nicolaus
2081 1880 2513 1955 Gnesnensis
2549 1880 3109 1975 archiepiscopus
3148 1902 3497 1971 reversuS,

417 1999 716 2073 moleste
767 1998 994 2072 ferens
1048 1998 1412 2072 ecclesiam
1467 2020 1664 2071 suam
1719 1998 2195 2073 Gnesnensem
2250 2001 2623 2093 collegium
2684 2000 3309 2073 mansionariorum
3362 2022 3501 2072 non

415 2118 782 2205 habuisse,
837 2138 964 2190 nec
1015 2136 1328 2205 cursum,
1383 2138 1510 2190 nec
1559 2118 1803 2191 laudes
1855 2118 2203 2211 gloriosae
2252 2117 2531 2211 Virgini
2584 2120 2844 2193 Mariae
2881 2120 2955 2191 in
2990 2119 3277 2193 eandem
3313 2119 3499 2192 diem

421 2232 792 2323 cecinisse',
847 2256 934 2308 ne
988 2235 1281 2309 ecclesia
1333 2257 1462 2309 sua
1513 2236 1588 2309 in
1645 2236 1870 2309 officio
1933 2238 2278 2328 praefato,
2346 2237 2509 2310 aliis
2564 2238 2713 2310 suis
2768 2237 3225 2330 suffraganeis
3280 2239 3501 2311 eccle-

423 2354 553 2426 siis
604 2353 680 2426 111
733 2352 1030 2427 Polonia
1089 2354 1390 2447 collegia
1451 2354 2072 2427 mansionariorum
2139 2356 2402 2428 dudum
2462 2356 2916 2445 habentibus,
2982 2360 3382 2429 censeretur
3434 2360 3507 2429 et

421 2471 709 2545 inferior
762 2476 834 2546 61
869 2473 1271 2547 deformior:
1327 2472 1703 2566 collegium
1739 2473 2361 2546 mansionariorum
2398 2474 2485 2546 de
2521 2474 2756 2548 decem
2792 2475 3141 2567 personis,
3200 2474 3503 2547 officium

419 2591 777 2684 praefatae
844 2590 1124 2684 Virgini
1196 2592 1456 2666 Mariae
1508 2593 1594 2665 de
1647 2593 2147 2685 Assumptione
2221 2594 2610 2685 expleturis
2626 2649 2644 2682 ‚
2698 2594 2775 2666 in
2826 2594 3141 2686 praefata
3210 2594 3505 2667 ecclesia

423 2710 814 2787 Gnesnensi
862 2713 1198 2803 perpetua
1250 2710 1656 2785 fundatione
1707 2711 1947 2804 erigit,
2005 2712 2261 2803 quibus
2314 2733 2437 2804 pro
2493 2711 2652 2785 dote
2690 2712 2991 2785 decimas
3028 2711 3501 2804 manipulares

421 2850 707 2903 mensae
759 2850 926 2903 suae
979 2828 1625 2921 archiepiscopalis,
1683 2830 1767 2903 de
1803 2850 2143 2903 consensu
2178 2828 2518 2920 Capituli,
2569 2829 2643 2902 in
2678 2831 2877 2903 villis
2915 2830 3193 2903 Zorawa
3220 2828 3307 2919 2),
3364 2830 3503 2923 Ly-

421 2948 610 3041 pim‘,
648 2948 1146 3041 Czyeslawicze
1175 2946 1262 3037 3),
1320 2949 1640 3037 Borowa,
1678 2948 2120 3041 Wisznyewa
2146 2948 2237 3037 ⁴),
2285 2947 2606 3038 Lutowo,
2648 2954 2717 3022 et
2752 2948 3132 3021 maldratas
3168 2948 3247 3020 in
3280 2948 3505 3041 Myer·

417 3050 648 3143 'czewo
679 3066 740 3157 ⁸)
795 3066 1210 3160 assignavit.

513 3416 870 3491 rudericus
910 3416 1184 3488 1111611111
1228 3414 1824 3505 nrndebugonsis
1867 3415 2168 3487 octennis
2210 3416 2279 3487 in
2322 3415 2471 3487 aula
2512 3414 2845 3487 wladissai
2886 3414 3188 3487 Poloniae
3230 3414 3425 3504 nugi:

1774 3534 2168 3606 instituitur.

637 3782 741 3855 De
793 3780 1100 3873 Wyelun
1153 3780 1403 3873 oppido
1457 3779 1894 3853 Wladislaus
1947 3776 2281 3852 Poloniae
2334 3778 2489 3852 Rex
2544 3798 2897 3871 egressus,
2961 3778 3143 3851 festo
3195 3776 3507 3850 Paschae

431 3901 620 3994 apud
671 3900 971 3973 Kalisch
1023 3899 1400 3987 celebrato,
1457 3899 1628 3971 feria
1679 3898 1890 3971 tertia
1941 3902 2102 3988 post
2147 3896 2581 3969 Conductum
2634 3895 2945 3970 Paschae
2998 3896 3074 3967 in
3125 3895 3508 3986 Radzyeow

431 4018 747 4093 advenit:
805 4037 940 4109 quo
992 4017 1106 4090 illi
1159 4039 1329 4090 suus
1382 4038 1594 4110 gener
1646 4022 1716 4090 et
1767 4016 1955 4089 filiae
2006 4015 2237 4107 regiae
2289 4014 2633 4107 Hedvigis
2704 4035 3001 4108 sponsus
3018 4070 3035 4101 ‚
3108 4012 3507 4086 Fridericus

432 4138 710 4213 iuvenis
765 4136 1070 4209 Marchio
1087 4192 1105 4225 ‚
1164 4140 1390 4209 aetate
1444 4136 1789 4223 octennis,
1847 4134 2493 4227 Brandeburgensis
2558 4131 2979 4206 Marchionis
3032 4131 3374 4205 Friderici
3426 4132 3507 4204 fi-

429 4257 606 4345 liuS,
662 4277 787 4347 per
837 4256 1220 4328 Iohannem
1273 4255 1795 4328 Lubuczensem
1847 4254 2248 4346 episcopum
2294 4257 2366 4327 et
2402 4252 2673 4344 aliquot
2728 4250 3147 4344 spectabiles
3200 4251 3509 4324 Brande·

430 4378 813 4469 burgenses
865 4374 1131 4447 milites
1184 4372 1527 4447 adductus
1581 4378 1654 4446 et
1705 4376 2192 4467 praesentatus
2246 4375 2376 4446 est.
2433 4372 2649 4463 Quem
2684 4370 3121 4444 Wladislaus
3158 4370 3314 4442 Rex
3350 4388 3507 4460 gra·

431 4494 710 4569 tissime
746 4492 1102 4585 excipiens
1118 4547 1135 4581 ,
1192 4512 1428 4565 curam
1465 4492 1666 4565 illius
1721 4489 1870 4563 viro
1924 4490 2311 4565 venerabili
2366 4491 2700 4581 Magistro
2736 4489 2989 4562 Heliae
3044 4488 3295 4562 Sacrae
3330 4488 3507 4559 Tbe-

435 4612 704 4705 ologiae
757 4610 1178 4699 Professori,
1235 4610 1786 4684 Sandomiriensi
1837 4610 2128 4696 decano,
2204 4613 2276 4683 et
2326 4608 2534 4683 Petro
2588 4607 2959 4699 Chelmsky
3014 4605 3261 4692 militi,
3327 4604 3507 4696 opti·

435 4732 570 4804 mis
625 4730 1079 4805 erudiendum
1129 4730 1470 4818 moribus,
1527 4730 1842 4817 mandat,
1899 4728 1974 4800 in
2022 4728 2216 4801 curia
2270 4748 2542 4820 quoque
2606 4748 2735 4799 sua
2804 4726 3083 4799 assidue
3137 4725 3339 4796 illum
3360 4778 3378 4811 ,
3432 4723 3510 4795 in

435 4850 656 4925 latere
709 4868 836 4922 suo
889 4849 976 4921 ad
1029 4848 1340 4922 tabulam
1391 4847 1684 4921 locando
1745 4847 2007 4935 tenuit,
2074 4851 2155 4920 ut
2208 4846 2437 4939 Regni
2488 4845 2821 4919 Poloniae
2875 4843 3331 4937 optimatibus
3383 4862 3507 4912 no-

437 4969 576 5043 tior
627 4970 824 5043 fieret
839 5023 858 5057 ‚
915 4988 1208 5060 quorum
1260 4966 1596 5060 Princeps
1651 4970 1722 5039 et
1774 4966 1930 5038 Rex
1987 4966 2268 5037 futurus
2322 4965 2549 5041 fuerat
2600 4964 3020 5037 declaratus.

649 5238 698 5319 ¹)
742 5244 903 5301 esset
947 5225 1102 5301 Coa.
1147 5234 1340 5301 Rozr.
1389 5235 1436 5316 ¹)
1467 5238 1720 5297 Zoravia
1751 5231 1904 5300 cod.
1933 5232 2110 5298 Kost.
2161 5233 2215 5315 θ)
2244 5234 2643 5311 Ozieslawyce
2670 5228 2799 5295 Ed.
2839 5228 3021 5314 Lipo.
3070 5226 3127 5311 ⁴)
3155 5228 3517 5291 Wiszniowa

438 5338 564 5406 Ed.
609 5339 792 5425 Lips.
839 5339 894 5421 ⁸)
933 5342 1282 5403 Mierezovo
1325 5336 1452 5403 Ed.
1498 5336 1679 5421 Lips.

494 5610 540 5657 3.
567 5610 758 5662 ωηο..
783 5610 906 5653 ωσι.
933 5610 1090 5655 roien.
1115 5610 1198 5651 ιν.
3099 5581 3171 5641 87
