4342 6384
962 493 1109 563 658
2093 515 2319 569 nnn-:n
2371 515 2880 570 Duonncmus.
3488 492 3639 593 (Α.
3686 493 3786 566 D.
3832 491 4075 589 1440.)
4160 434 4172 550 ἦ

956 716 1092 787 gno
1132 697 1185 784 1)
1240 696 1574 768 Poloniae
1626 696 2033 786 reservatiS,
2094 702 2282 770 terra
2337 699 2544 771 etiam
2603 698 3054 772 Drohiczensi
3101 698 3279 771 Duci
3319 699 3697 771 Masoviae
3740 699 4067 770 Boleslm

957 817 1391 903 confirmata,
1467 815 1948 889 residuitatem
2023 817 2337 890 Ducatus
2368 816 2430 908 2)
2494 818 2916 891 Lithuaniae
2980 823 3049 889 et
3114 818 3414 891 Russiae
3479 818 3630 908 ipsi
3703 817 4067 888 Kazimiro

955 933 1135 1005 Duci
1189 935 1579 1027 assignare,
1641 942 1985 1027 quatenus
2043 937 2359 1008 Ducatus
2415 937 2566 1028 ipse
2620 939 2693 1009 in
2740 939 2978 1029 plures
3033 939 3371 1028 partitae,
3432 938 3811 1028 acciperet
3860 938 3941 1007 in
3975 938 4067 1008 his
4158 942 4159 945 ’

956 1053 1198 1141 terris,
1257 1075 1436 1145 quae
1490 1055 1795 1126 nondum
1852 1056 2082 1127 cultae
2140 1059 2339 1143 sunt,
2397 1061 2879 1147 augmentum,
2948 1063 3018 1128 et
3072 1057 3382 1149 Regibus
3448 1057 3815 1128 Poloniae
3870 1063 4066 1146 atque

957 1171 1231 1264 Regn0,
1290 1174 1403 1245 cui
1461 1173 1819 1248 subiectus
1876 1179 2013 1262 est,
2072 1175 2312 1247 taliter
2365 1175 2734 1248 diminitus
2790 1176 3155 1250 calcitrare
3210 1198 3346 1248 non
3400 1176 3736 1249 auderet.

1058 1522 1417 1594 Kazimirus
1458 1523 1601 1594 Dux
1645 1522 1913 1612 {agnus
1957 1523 2343 1596 Litlmaniae
2388 1525 2620 1598 Ducem
2664 1526 3079 1615 ozartoryski
3125 1526 3474 1597 occisorem
3517 1526 3730 1597 Bacis
3777 1528 3990 1616 {agni

1139 1643 1530 1732 sigismundi
1572 1644 1641 1714 in
1689 1644 1966 1732 gratia-
2009 1644 2261 1733 recipit.
2306 1644 2589 1716 Berones
2632 1644 2933 1716 roloniae
2984 1662 3069 1716 ex
3113 1646 3459 1717 Lithuania
3506 1647 3904 1718 discedunt

1160 1890 1468 1979 Accepta
1532 1889 1692 1959 Dux
1758 1888 2202 1979 Czartoryski
2266 1889 2480 1961 Ducis
2547 1890 2780 1981 Magni
2850 1889 3283 1981 Sigismnndi
3339 1892 3651 1980 occisor,
3723 1893 4049 1964 Kazimiri

954 2009 1171 2081 Ducis
1204 2006 1265 2096 ³)
1333 2007 1753 2079 Lithuaniae
1819 2009 2000 2079 facta
2028 2008 2089 2096 ⁴)
2162 2030 2286 2099 per
2349 2008 2624 2099 aliquos
2698 2009 2990 2081 barones
3054 2009 3386 2082 Poloniae
3462 2012 3903 2097 securitate,
3954 2034 4047 2081 re·

953 2130 1167 2215 rituS,
1227 2148 1312 2199 ne
1369 2127 2016 2200 circumvallaretur
2078 2127 2150 2197 in
2208 2134 2435 2198 castro
2492 2129 2766 2218 Trokky
2822 2127 3149 2201 inferiore
3214 2128 3289 2199 in
3336 2130 3598 2220 oppido
3645 2131 3837 2219 sito,
3896 2131 4049 2221 quod

956 2248 1182 2319 adhuc
1237 2251 1648 2336 occupatum
1704 2247 1986 2320 tenebat
2038 2267 2161 2337 per
2217 2245 2474 2317 amicos
2531 2249 2601 2318 et
2658 2248 2968 2319 faventes
3025 2246 3191 2333 sibi,
3250 2247 3401 2320 dari
3459 2248 3607 2320 sibi
3670 2272 3811 2340 per
3863 2251 4048 2321 Kazi-

955 2367 1207 2439 mirum
1264 2366 1523 2438 Ducem
1564 2366 1835 2437 veniam
1877 2366 2236 2457 impetrat,
2295 2364 2522 2455 ipsum
2580 2366 2840 2437 Ducem
2885 2366 3356 2456 Kazimirum,
3398 2369 3553 2440 suis
3593 2373 3856 2442 tamen
3892 2391 4051 2441 me·
4144 2376 4145 2396 ¹

953 2491 1237 2559 curatus
1274 2485 1535 2572 literiS,
1576 2485 2038 2576 personaliter
2091 2485 2387 2572 accedit,
2445 2485 2722 2575 culpam
2761 2506 2958 2557 suam
2998 2507 3225 2557 coram
3265 2507 3340 2558 eo
3379 2491 3450 2558 et
3485 2488 3909 2576 Praelatis,
3945 2489 4045 2561 ha-

953 2605 1379 2697 ronibusque
1433 2603 1796 2691 Poloniae,
1854 2604 2278 2676 Lithuaniae
2333 2609 2402 2676 et
2456 2604 2756 2676 Russiae
2808 2605 3132 2695 pluribus
3186 2605 3420 2677 verbis
3477 2611 3885 2695 extenuat,
3938 2630 4051 2678 non

954 2746 1176 2816 poena
1238 2723 1508 2813 aliqua,
1577 2722 1889 2814 quinimo
1951 2722 2258 2815 praemio
2314 2729 2384 2795 et
2438 2724 2725 2811 honore,
2795 2725 2977 2815 quod
3043 2731 3416 2815 tyrannum
3482 2726 3902 2814 crudelem,
3955 2748 4050 2818 pe·
4152 2783 4153 2786 η

956 2849 1131 2915 stem
1185 2842 1456 2933 patriae
1513 2847 1582 2913 et
1617 2842 1951 2914 bonorum
1990 2843 2297 2914 omnium
2337 2844 2610 2915 hostem
2651 2843 3011 2931 occiderit,
3071 2866 3144 2915 se
3198 2844 3484 2935 dignum
3546 2851 3811 2935 putat3
3873 2847 4046 2918 illum

957 2963 1139 3035 enim
1195 2964 1454 3033 multos
1511 2962 1697 3033 viros
1754 2963 2167 3049 catholicoS‚
2236 2962 2696 3033 dominiorum
2739 2983 3020 3033 suorum
3058 2962 3351 3035 barones
3405 2962 3781 3055 insignes,
3838 2966 4048 3058 gladio

956 3082 1105 3154 sine
1160 3101 1370 3152 causa
1424 3080 1788 3151 damnasse
1845 3087 2365 3167 commemorat;
2423 3082 2626 3152 illum
2684 3082 3155 3153 Daemonibus
3211 3083 3633 3174 sanguinem
3674 3086 4045 3157 humanum

956 3220 1110 3272 cum
1166 3200 1456 3271 hostiali
1488 3199 1548 3289 5)
1603 3200 2033 3291 permixtum
2098 3200 2376 3284 litasse,
2444 3201 2647 3272 iuxta
2710 3201 3290 3291 Pythonissarum
3356 3202 3774 3275 doctrinam
3843 3204 4045 3275 omnia

957 3341 1083 3391 sua
1137 3320 1404 3412 agenda
1459 3318 1848 3406 ordinasse,
1906 3340 2110 3392 canes
2164 3319 2567 3391 hominibus
2622 3319 3073 3410 praetulisse,
3132 3320 3204 3391 in
3259 3341 3511 3411 magna
3568 3322 3887 3395 caritate
3924 3325 4040 3393 frn-

957 3439 1171 3512 menti
1228 3439 1547 3529 exegisse
1601 3460 1641 3510 a
1680 3438 1983 3509 subditis
2037 3440 2458 3510 frumentum
2502 3440 2678 3510 fame
2715 3438 3202 3529 pereuntibus,
3263 3446 3331 3510 et
3366 3440 3550 3511 illud
3594 3441 3759 3512 suis
3800 3442 4041 3513 horreis

956 3562 1024 3630 et
1077 3558 1527 3649 promtuariis
1585 3557 1987 3644 inclusisse,
2048 3557 2231 3648 quod
2268 3558 2512 3629 horrea
2550 3558 2664 3631 vel
2693 3558 2756 3645 θ)
2810 3558 3240 3648 promtuaria
3278 3578 3520 3649 capere
3558 3580 3708 3630 non
3750 3566 4039 3651 possent,
4154 3642 4155 3647 η

956 3678 1158 3769 aquis
1214 3678 1573 3764 mersisse;
1630 3676 1832 3747 illum
1896 3683 2171 3767 stupra,
2231 3676 2573 3764 incestus,
2632 3676 3007 3764 adulteria,
3067 3676 3322 3767 spolia,
3381 3677 3779 3750 homicidia
3826 3681 4040 3752 erebra

955 3798 1237 3884 fecisse;
1294 3798 1496 3868 illum
1552 3817 1907 3886 nunquam
1963 3796 2203 3887 Regno
2260 3795 2594 3866 Poloniae
2658 3797 2932 3868 fidelem
2989 3796 3238 3883 fuisse,
3307 3796 3679 3886 multaque
3736 3800 3887 3870 alia
3938 3799 4033 3870 ab·

956 3916 1392 4003 ominabilia,
1462 3915 1674 3986 etiam
1742 3915 1932 3986 dictu
1999 3914 2121 3985 vix
2180 3914 2593 3988 verisimilia
2625 3915 2708 4003 ⁷),
2767 3915 2978 3987 certis
3041 3915 3568 4005 probationibus
3638 3918 3882 4008 egisse
3941 3919 4032 3988 de-

957 4040 1331 4120 monstrat,
1389 4034 1806 4125 singulaque
1862 4033 2153 4105 crimina
2209 4056 2334 4105 sua
2389 4034 2459 4104 in
2516 4033 2799 4124 scriptis
2854 4034 3133 4106 redacta
3179 4039 3704 4124 repraesentat,
3769 4059 3948 4128 quae
3978 4045 4033 4108 et

955 4174 1079 4244 per
1150 4152 1485 4223 Mathiam
1557 4151 1956 4224 Vilnensem
2024 4153 2421 4243 episcopum
2497 4159 2566 4224 et
2621 4152 3041 4225 Lithuaniae
3104 4153 3394 4224 barones
3459 4158 3679 4244 atque
3746 4156 4032 4227 Russiae

953 4271 1310 4363 recognita
1365 4269 1921 4342 verificabantur.
1980 4273 2140 4342 Dux
2201 4272 2348 4362 ipse
2387 4271 2827 4361 Czartoryski
2864 4272 2936 4342 in
2971 4272 3268 4363 gratiam
3305 4273 3681 4362 recipitur,
3741 4281 4032 4346 castrum

956 4391 1229 4481 Trokky
1285 4390 1624 4481 resignat,
1684 4391 1907 4461 altera
1961 4390 2073 4462 die
2128 4390 2309 4460 facto
2366 4396 2605 4462 contra
2635 4390 2697 4478 8)
2755 4412 2910 4463 eum
2975 4391 3246 4462 insultu
3312 4391 3656 4480 violente,
3731 4395 4033 4466 omnibus
4156 4404 4157 4407 ’

953 4511 1156 4582 bonis
1216 4510 1396 4598 suiS,
1457 4528 1633 4600 quae
1688 4508 1773 4580 de
1832 4509 2154 4580 thesauro
2211 4509 2443 4580 ducali
2507 4514 2897 4599 acceperat,
2966 4510 3340 4600 spoliatur,
3397 4514 3466 4581 et
3519 4511 3666 4582 nisi
3723 4513 4032 4584 defensus

956 4634 1141 4702 esset
1175 4650 1299 4719 per
1331 4629 1624 4700 barones
1679 4627 2040 4714 Poloniae,
2100 4628 2309 4698 etiam
2364 4628 2513 4698 vita
2541 4629 2602 4713 ⁰)
2659 4649 2815 4701 cum
2854 4630 3154 4700 fortunis
3191 4629 3520 4719 periisset
3559 4630 3679 4717 ¹⁰).
3742 4632 4031 4704 Barones

955 4747 1320 4835 Poloniae,
1377 4750 1661 4837 accepta
1715 4745 2033 4833 licentia,
2091 4746 2422 4818 tenuibus
2460 4768 2582 4837 per
2619 4749 2879 4819 Ducem
2935 4747 3371 4819 Kazimirum
3422 4749 3757 4821 honorati
3813 4772 4030 4823 mune·
4160 4757 4161 4764 ’

954 4868 1190 4955 ribuS,
1241 4866 1606 4939 Poloniam
1661 4870 2140 4952 revertuntur3
2197 4866 2404 4955 pauci
2461 4867 2581 4956 qui
2634 4873 3139 4955 remanserant,
3207 4868 3362 4939 odio
3418 4873 3488 4941 et
3541 4872 3694 4941 arte
3752 4870 4027 4942 Lithua·
4164 4937 4168 4953 ,

1172 5155 1220 5240 ¹)
1267 5157 1457 5232 Regni
1503 5157 1594 5217 sui
1639 5152 1763 5217 Ed.
1813 5152 1993 5237 Lips.
2044 5154 2093 5234 ²)
2140 5155 2368 5215 duabus
2414 5151 2539 5216 Ed.
2588 5153 2765 5237 Lips.
2815 5154 2870 5236 ³)
2915 5156 3101 5217 Ducis
3144 5158 3347 5235 Magni
3395 5152 3546 5219 Cod.
3593 5154 3779 5220 Kost.
3814 5158 3867 5239 ⁴)
3895 5161 4027 5220 faeta

957 5260 1071 5321 sibi
1121 5253 1271 5322 Cod.
1318 5257 1495 5320 Kost.
1562 5258 1612 5339 ⁵)
1661 5259 1896 5319 bestiali
1946 5253 2095 5319 Cod.
2142 5255 2319 5318 Kost.
2382 5256 2432 5336 ⁶)
2478 5264 2537 5319 et
2580 5256 2704 5320 Ed.
2753 5256 2930 5339 Lae'ps.
2996 5259 3045 5337 ⁷)
3076 5261 3400 5334 ‘credibilia
3449 5255 3600 5322 Cod.
3650 5258 3834 5322 Kost.
3889 5261 3937 5340 Β)
3976 5264 4021 5320 in

958 5359 1082 5424 Ed.
1131 5358 1306 5443 [ἦρε.
1355 5360 1407 5442 9)
1452 5363 1634 5422 vitam
1678 5357 1803 5419 Ed.
1852 5357 2029 5442 Lip&
2084 5357 2160 5438 ¹⁰)
2207 5359 2518 5420 amisisset.
2566 5357 2690 5422 Ed.
2739 5357 2914 5441 Lips.
