4342 6384
378 573 514 674 (Α.
553 573 648 650 D.
685 570 920 673 1421.)
1389 620 1394 625 -
1524 594 1754 655 amn
1803 594 2264 657 annuemus.
3328 578 3483 655 275

381 780 682 871 versari,
737 780 1032 857 favendo
1097 780 1300 854 vobis
1371 786 1444 853 et
1507 780 1752 874 Regno
1816 786 2052 857 vestro
2122 782 2213 859 de
2274 781 2531 861 unione
2594 786 2669 857 et
2719 802 2922 875 pace,
2986 803 3221 857 remur
3272 783 3481 861 mum

373 904 462 975 de
516 902 669 976 iure
730 900 960 995 Regni
1023 900 1402 975 Bohemiae
1461 900 1924 979 haereditarie
1999 906 2069 976 et
2131 922 2571 995 quocumque
2630 902 2771 980 alio
2836 901 2975 977 sibi
3029 904 3476 996 competenti,

377 1022 619 1112 facile,
677 1021 1092 1115 praesertim
1159 1020 1222 1097 si
1274 1020 1622 1097 haeresim
1674 1042 1802 1095 vos
1855 1021 2233 1115 reliquisse
2296 1022 2629 1112 senserit,
2686 1043 3049 1100 cessurum
3062 1078 3079 1113 ,
3138 1023 3481 1117 vobisque

373 1143 796 1237 largiturum
859 1141 1362 1217 authoritatem
1377 1198 1396 1232 ,
1461 1142 1764 1219 alterum
1825 1142 2092 1235 Regem
2152 1143 2357 1217 vobis
2421 1146 2701 1236 gratum
2766 1148 2837 1217 et
2898 1143 3151 1221 utilem
3214 1145 3476 1219 substi-

373 1263 642 1339 tuendi.
701 1263 790 1337 In
845 1283 926 1336 eo
981 1281 1258 1354 quoque
1311 1282 1478 1339 casu
1531 1266 1772 1353 posset
1825 1262 2007 1339 alter
2059 1282 2148 1338 ex
2200 1261 2407 1337 nobis
2452 1261 2713 1341 vestris
2766 1283 3073 1339 annuere
3124 1263 3473 1356 precibus,

374 1387 444 1457 et
499 1384 730 1476 Regni
785 1381 1164 1459 Bohemiae
1217 1380 1576 1473 suscipere
1627 1380 1960 1475 regimen.
2036 1382 2175 1457 Sed
2229 1386 2301 1455 et
2352 1382 2555 1457 vobis
2622 1402 2921 1471 errores,
2986 1382 3131 1477 legi
3194 1383 3475 1461 divinae

379 1509 449 1578 et
503 1504 841 1581 ecclesiae
896 1502 1028 1577 Dei
1082 1502 1570 1591 adversantes,
1643 1502 2162 1591 deserentibus,
2229 1502 2443 1578 etiam
2494 1502 2573 1577 in
2626 1506 2987 1593 eventum,
3056 1525 3192 1595 quo
3248 1504 3472 1599 Sigis-

376 1623 676 1695 mundus
729 1622 886 1699 Rex
941 1622 1302 1698 difficilem
1365 1642 1442 1695 se
1504 1621 1580 1699 in
1631 1622 1935 1699 cedendo
1999 1626 2456 1712 monstraret,
2522 1644 2661 1699 non
2714 1604 3195 1701 dubitabimus
3251 1624 3473 1715 (Sede

371 1748 605 1821 tamen
659 1742 1074 1836 Apostolica
1125 1742 1450 1817 consulta
1503 1746 1576 1815 et
1609 1742 2120 1832 consentiente)
2178 1742 2253 1819 in
2304 1742 2471 1819 fidei
2525 1746 2809 1819 sanctae
2862 1744 3169 1821 favorem
3224 1748 3297 1817 et
3330 1746 3468 1819 Re-

371 1862 492 1955 gni
545 1862 769 1937 vestri
823 1862 1326 1955 quietationem
1340 1916 1358 1951 ,
1416 1866 1730 1938 vestrum
1783 1863 2106 1955 Regnum
2159 1868 2543 1955 acceptare.
2600 1864 2705 1938 Ea
2737 1862 3191 1956 responsione
3242 1865 3468 1939 Behe·

372 2004 640 2057 morum
691 1982 966 2059 nuntiis
1021 1982 1188 2059 data
1201 2037 1221 2072 ,
1278 1981 1736 2061 Lublinensis
1790 1986 2177 2060 conventus
2230 1984 2509 2059 solutus
2563 1987 2694 2061 est.

370 2345 760 2421 vladislaus
801 2346 942 2421 nex
986 2348 1204 2421 missis
1247 2348 1500 2423 nuntiis
1543 2365 1585 2420 c
1614 2346 2022 2439 &amande
2062 2347 2487 2421 uenenorum
2529 2348 2703 2438 nege
2748 2349 2941 2438 pout,
2989 2353 3067 2421 ut
3108 2351 3307 2424 liccat
3345 2352 3469 2423 sibl

369 2466 678 2543 Behcncc
721 2468 806 2543 cd
849 2468 1203 2557 puritatem
1247 2467 1398 2539 fidei
1443 2470 1517 2539 et
1559 2467 1871 2541 ditionem
1917 2466 2060 2541 cius
2099 2468 2429 2556 reducere,
2470 2469 2573 2541 ita
2614 2472 2865 2558 unes,
2913 2472 2991 2543 ut
3020 2471 3163 2561 ipsc
3209 2489 3463 2563 quoquc

1255 2590 1486 2663 ccum
1529 2588 1886 2663 cruciferos
1927 2588 2052 2660 sibl
2095 2588 2345 2661 anilia
2388 2588 2581 2661 ferat.

567 2825 827 2921 Vigore
879 2847 1280 2903 recessuum
1335 2827 1794 2903 Lublinensis
1849 2828 2120 2903 diaetae
2133 2884 2152 2918 ,
2208 2829 2347 2903 duo
2384 2828 2619 2903 nuntii
2664 2829 2883 2924 Regis
2936 2834 3009 2905 et
3060 2832 3291 2925 Regni
3328 2832 3459 2905 Po-

366 2948 592 3022 loniae
647 2946 928 3022 nomine
981 2948 1070 3023 ad
1125 2947 1655 3040 Sigismundum
1691 2949 2164 3024 Romanorum
2218 2954 2293 3023 et
2328 2949 2735 3043 Hungariae
2772 2952 3069 3044 Regem,
3125 2951 3461 3026 videlicet

365 3070 710 3143 Iohannes
745 3068 831 3143 de
867 3068 1156 3141 Tarnow
1191 3068 1552 3160 palatinus
1589 3068 2070 3143 cracoviensis
2105 3074 2181 3143 et
2218 3069 2565 3162 Sbigneus
2606 3070 2693 3143 de
2728 3068 3183 3146 Oleschnicza
3220 3071 3465 3145 Sancti

366 3188 678 3263 Floriani
715 3187 1172 3281 Praepositus
1189 3242 1207 3275 ,
1265 3188 1734 3263 destinantur.
1791 3188 1927 3279 Qui
1981 3210 2140 3263 cum
2178 3189 2386 3262 illum
2440 3189 2515 3262 in
2552 3189 2948 3262 Tharnovia
2990 3190 3221 3284 Regni
3258 3192 3459 3265 Hun-

362 3308 595 3401 gariae
647 3308 902 3400 oppido
957 3306 1442 3397 offendissent,
1509 3308 1584 3383 in
1637 3309 1824 3381 hunc
1887 3308 2005 3383 illi
2067 3310 2351 3383 modum
2404 3308 2784 3383 wladislai
2848 3310 3185 3383 Poloniae
3239 3311 3460 3403 Regis

365 3433 722 3521 exponunt
775 3428 1132 3505 mandata:
1209 3428 1671 3505 Serenissime
1723 3429 1912 3503 Rex!
1979 3429 2275 3502 Moleste
2326 3428 2699 3504 admodum
2754 3430 2985 3503 ferens
3050 3429 3455 3503 illustrissi-

362 3570 512 3624 mus
567 3548 910 3623 Dominus
963 3552 1223 3635 noster,
1279 3548 1618 3621 Poloniae
1671 3548 1828 3621 Rex
1868 3548 1948 3636 ¹),
2024 3549 2349 3640 Regnum
2404 3552 2605 3620 tuum
2660 3547 3039 3621 Bohemiae
3090 3547 3163 3620 in
3216 3550 3457 3623 haere-

363 3690 512 3743 seos
565 3673 910 3757 monstra,
965 3667 1337 3760 variasque
1372 3666 1845 3755 calamitates,
1903 3672 2117 3760 atque
2163 3668 2399 3741 clades
2444 3666 2693 3741 civiles
2746 3672 2818 3740 et
2853 3672 3179 3741 externas
3223 3670 3451 3759 prola-

359 3810 558 3880 psum
611 3810 798 3863 esse:
869 3787 1114 3863 habita
1176 3808 1400 3879 nuper
1459 3786 1536 3861 in
1591 3786 1844 3879 oppido
1911 3808 2038 3861 suo
2091 3787 2547 3875 Lublinensi,
2614 3807 2826 3879 super
2880 3786 3109 3859 danda
3158 3807 3445 3879 respon-

361 3910 549 3983 sione
613 3892 1081 3983 Bohemorum
1145 3908 1448 3995 nuntiis,
1525 3908 1846 3999 Regnum
1923 3906 2299 3981 Bohemiae
2371 3905 2511 3979 sibi
2582 3906 3035 3981 offerentibus
3051 3962 3067 3995 ,
3141 3908 3455 3998 generali

359 4028 842 4116 convention03
899 4026 1024 4120 qui
1076 4032 1148 4101 et
1203 4028 1488 4100 fratrem
1545 4047 1750 4100 suum
1787 4025 2273 4101 Alexandrum
2310 4026 2789 4101 Withawdnm
2844 4026 3267 4100 Lithnaniae
3306 4029 3449 4101 Ma-

357 4170 566 4241 gnum
622 4150 918 4237 Ducem,
991 4152 1064 4220 et
1123 4147 1495 4238 utriusque
1559 4144 1672 4219 sni
1725 4146 2069 4234 Dominii‚
2126 4146 2449 4220 Polonici
2502 4145 2835 4219 videlicet
2896 4150 2967 4219 et
3018 4145 3450 4237 Lithuanici,

356 4267 790 4343 consiliarios
805 4322 823 4355 ,
880 4266 1324 4355 adhibuerat,
1393 4266 1478 4339 de
1530 4265 1740 4339 rebus
1804 4265 2205 4339 Bohemicis
2267 4266 2573 4358 primum
2638 4265 2713 4338 in
2784 4270 3068 4339 sanctae
3130 4265 3294 4339 fidei
3350 4268 3449 4339 fa-

355 4409 583 4462 vorem
647 4386 1218 4475 consultandum,
1283 4385 1806 4477 curandumque
1865 4385 2108 4473 duxit,
2174 4405 2257 4458 ea
2320 4406 2597 4478 quoque
2660 4385 2895 4459 omnia
2964 4384 3103 4459 sibi
3168 4387 3451 4479 aggredi

353 4506 754 4595 constituit,
811 4527 935 4599 per
989 4526 1168 4598 quae
1219 4506 1540 4597 Regnum
1596 4504 1780 4577 illud
1831 4505 1922 4579 ad
1975 4504 2442 4597 tranquillum
2496 4509 2736 4597 posset
2771 4505 3011 4578 reduci
3066 4509 3331 4577 statum
3378 4510 3451 4577 et

353 4626 436 4699 ab
487 4626 865 4701 infectione
917 4624 1313 4701 haeresium
1367 4623 1689 4717 purgari,
1747 4645 2098 4699 summum
2153 4646 2231 4697 se
2260 4624 2324 4716 2)
2378 4627 2525 4697 Deo
2580 4630 2653 4697 et
2706 4624 2875 4714 tibi,
2932 4645 3281 4697 summum
3334 4645 3443 4715 re-

351 4744 596 4838 ligioni
659 4745 1088 4819 christianae
1151 4748 1221 4817 et
1283 4744 1480 4835 genti
1545 4743 1658 4817 illi
1672 4800 1690 4831 ,
1768 4766 1986 4817 unum
2049 4743 2399 4837 linguagii
2460 4743 2946 4817 commercium
3018 4764 3176 4815 cum
3237 4746 3445 4835 gente

353 4886 474 4938 sua
525 4864 866 4940 Polonica
925 4864 1245 4951 habenti,
1313 4862 1726 4953 obsequium
1789 4862 2174 4937 arbitratus
2236 4862 2767 4955 praestiturum.
2839 4863 3011 4936 Cum
3074 4846 3307 4935 autem
3372 4867 3444 4934 te

351 4984 694 5059 abnuente
747 4984 818 5058 id
880 5005 1128 5076 parum
1190 4984 1364 5058 bene
1427 4982 1579 5059 fieri
1641 4984 2040 5071 existimat,
2115 4984 2619 5059 obsecrandum
2684 4988 2757 5056 et
2814 4982 3307 5074 requirendum
3371 4985 3444 5055 te

347 5126 470 5197 per
518 5126 648 5178 nos
702 5125 868 5176 suos
932 5107 1241 5177 oratores
1307 5103 1655 5177 instituit:
1731 5102 2042 5197 digneris
2106 5108 2178 5176 et
2240 5104 2393 5195 ipse
2454 5102 2763 5193 paterni,
2835 5102 3150 5193 avitique
3213 5102 3443 5194 Regni

349 5222 866 5297 calamitatibus
922 5222 1472 5317 compassionem
1529 5225 1740 5311 ferre,
1807 5225 2181 5327 favereque
2243 5226 2315 5297 et
2369 5241 2705 5313 annuere,
2770 5226 2852 5295 ut
2904 5226 3142 5304 noster
3202 5221 3439 5297 Domi-

555 5478 604 5561 ¹)
652 5478 1018 5549 thislm
1060 5480 1344 5545 Polonica
1386 5479 1516 5542 Rex
1539 5472 1716 5545 ‚Gora
1761 5474 1953 5545 Rcaer.
2004 5478 2054 5557 ⁸)
2097 5494 2391 5551 numinum
2430 5494 2520 5559 se,
2565 5494 2639 5541 ea
2680 5478 2815 5555 ipsa
2854 5494 2922 5539 re
2971 5470 3125 5540 C'od.
3158 5472 3351 5541 Rocr.
