4342 6384
388 647 523 750 (Α.
563 649 654 724 D.
692 643 945 748 1444.)
1056 618 1061 621 ’
1521 666 1761 727 usna
1802 666 2313 723 nnonncnms.
3321 648 3464 719 711

399 856 786 944 „Iohannes
842 856 926 928 de
981 856 1326 943 Losoncz,
1384 855 1649 926 Paulus
1704 855 2019 945 Herczeg
2064 852 2149 925 de
2186 852 2514 925 Zekchew
2553 852 2634 939 ¹),
2691 851 3049 924 Rubertus
3085 850 3170 923 (16
3205 851 3353 922 Tau
3381 848 3470 939 2),

400 976 683 1065 „Danch
714 972 776 1064 3)
830 975 915 1047 (16
968 974 1370 1047 Macedonia
1424 979 1495 1045 et
1550 973 1911 1064 Sylvester
1974 973 2057 1044 de
2120 970 2396 1043 Thorna
2459 970 2697 1043 Comes
2754 971 2836 1043 de
2891 970 3161 1057 eadem,
3218 968 3342 1060 qui
3394 968 3469 1040 in

400 1096 572 1183 „hoc
644 1094 888 1187 Regno
957 1114 1424 1181 remanemus,
1488 1092 1563 1164 in
1620 1092 1898 1185 signum
1970 1091 2184 1163 huius
2255 1090 2480 1162 nostri
2541 1089 2823 1163 consilii
2877 1093 2946 1161 et
2999 1107 3329 1161 assensus
3383 1087 3471 1159 ad

399 1214 825 1304 „praedicta‚
882 1218 1121 1286 nostra
1182 1212 1395 1285 etiam
1442 1211 1681 1305 sigilla
1724 1231 1937 1302 penes
2000 1209 2319 1301 sigillum
2374 1208 2547 1281 dicti
2598 1206 2884 1280 Domini
2937 1207 3154 1299 Regis
3209 1206 3472 1299 apponi

402 1332 760 1421 „fecimus
816 1332 1076 1405 Datum
1128 1336 1212 1403 ut
1266 1352 1499 1423 supra.

608 1451 987 1541 „Dominus
1042 1451 1390 1523 Iohannes
1446 1451 1861 1541 Woyewoda
1914 1449 2183 1523 addidit
2219 1449 2294 1521 111
2330 1447 2718 1519 1616166616
2757 1451 2828 1519 61
2863 1451 3026 1519 1616
3063 1466 3223 1517 suo:
3281 1445 3468 1536 quod

402 1572 508 1659 „si
560 1571 786 1662 prima
837 1570 950 1643 die
1006 1570 1435 1661 Septembris
1488 1590 1627 1641 non
1680 1573 1920 1661 posset
1972 1568 2073 1641 ibi
2136 1588 2320 1655 esse,
2385 1565 2868 1639 indubitanter
2929 1566 3112 1639 infra
3175 1570 3476 1656 quatuor

403 1696 567 1779 „aut
622 1690 930 1782 quinque
983 1690 1132 1763 dics
1186 1689 1585 1761 immediate
1642 1693 2011 1780 sequentes
2064 1687 2323 1760 ibidem
2377 1685 2992 1759 constitueretur“.

507 2040 723 2113 Potoni
766 2039 1088 2112 intestino
1130 2040 1301 2111 bello
1345 2039 1673 2128 occupati,
1718 2038 2067 2111 wladislao
2111 2037 2270 2127 Regi
2317 2036 2799 2126 expeditionem
2841 2038 3072 2107 contre
3113 2034 3348 2107 ’1111666

1738 2157 2143 2230 dissuadent.

603 2407 735 2478 Tot
788 2410 860 2478 et
911 2406 1097 2478 tanti
1160 2408 1389 2477 motus
1444 2404 1520 2477 in
1573 2403 1938 2495 Hungaria
2002 2401 2390 2474 multifarie
2453 2401 2783 2474 concitati
2846 2401 3148 2473 Polonos
3203 2421 3477 2492 quoque

395 2526 701 2614 exciere,
762 2524 1017 2616 quibus
1072 2545 1279 2615 quam
1332 2524 1712 2615 plurimum
1767 2521 2142 2614 perniciosi
2195 2521 2352 2594 visa
2404 2524 2516 2592 est
2565 2542 2675 2593 res
2731 2520 3069 2611 exempli,
3125 2520 3368 2593 hostes
3402 2519 3477 2591 in

394 2645 621 2736 pactis
677 2646 920 2717 fallere
976 2647 1047 2716 61
1099 2644 1367 2736 Regem
1422 2642 1765 2714 contrario
1820 2642 2210 2714 iuramento
2265 2638 2561 2713 irretire.
2626 2638 3055 2712 Conventum
3109 2638 3350 2730 itaque
3402 2640 3478 2711 in

397 2764 825 2855 Pyotrkovia
877 2784 999 2854 pro
1056 2764 1167 2835 die
1222 2763 1465 2837 Sancti
1528 2760 2049 2836 Bartholomaei
2113 2760 2466 2834 celebrant
2525 2759 2948 2851 generalem,
3007 2762 3076 2831 et
3127 2757 3479 2831 universis

399 2885 541 2956 fere
594 2883 1018 2957 consiliariis
1074 2880 1302 2975 Regni
1354 2881 1961 2968 convenientibus,
2017 2880 2286 2971 placuit
2341 2878 2805 2951 wladislaum
2845 2877 3242 2969 episcopum
3279 2876 3476 2950 Wla-

398 3003 895 3077 dislaviensem
952 3007 1022 3074 et
1076 3002 1457 3074 Iohannem
1513 3002 1597 3075 de
1652 3000 1891 3073 Pilcza
1944 3001 2031 3072 ad
2084 3000 2347 3091 Regem
2402 2997 2723 3071 celeriter
2774 2996 3212 3088 Hungariam
3264 2996 3478 3084 mitti,

400 3122 524 3212 qui
576 3122 785 3193 1111116
841 3125 924 3194 61-
964 3142 1005 3193 6
1056 3120 1413 3212 proposito
1475 3120 1648 3193 belli
1708 3120 2170 3211 prosequendi
2234 3122 2592 3205 revocent,
2659 3122 2730 3189 et
2792 3116 2979 3189 omni
3031 3116 3481 3209 persuasione

399 3246 609 3330 atque
663 3240 956 3313 consilio
1011 3240 1375 3312 Poloniam
1404 3240 1467 3330 ⁴)
1522 3240 1749 3313 redire
1781 3239 2140 3311 inducant.
2199 3238 2336 3311 Sed
2374 3237 2527 3311 Rex
2565 3236 2790 3309 teneri
2827 3241 3245 3310 conventum
3281 3256 3480 3327 prae·

398 3361 619 3433 fatum
674 3360 1112 3451 intelligenS,
1171 3359 1551 3431 Iohannem
1610 3357 2065 3433 Grusczinski
2128 3357 2483 3430 custodem
2547 3355 3071 3429 Gracoviensem
3144 3359 3215 3427 et
3282 3360 3480 3427 11616-

398 3480 585 3551 rium
651 3500 856 3550 sumn
918 3478 1414 3569 Pyotrkoviam
1447 3477 1509 3567 5)
1564 3478 1819 3566 mittit,
1887 3476 2323 3569 significans:
2389 3474 2945 3566 prosecutionem
3007 3474 3180 3547 belli
3240 3477 3481 3547 contra

400 3600 663 3671 Turcos
719 3618 793 3669 se
845 3597 1252 3670 nullatenus
1308 3597 1761 3683 omissurum3
1819 3596 2139 3688 quodque
2175 3595 2315 3668 iam
2355 3616 2441 3669 ex
2481 3594 2820 3686 Segedino
2860 3594 3297 3665 discessurus
3335 3596 3484 3665 erat

400 3740 559 3791 cum
614 3717 800 3789 omni
854 3716 1197 3804 exercitu,
1254 3719 1325 3788 et
1376 3717 1465 3788 ad
1518 3717 1696 3787 vada
1747 3715 2054 3788 Danubii
2091 3736 2336 3788 1616116
2376 3713 2742 3787 0166116116
2777 3712 3240 3799 11666116166;
3297 3731 3478 3783 6616-

402 3836 900 3927 mittebatque,
955 3839 1037 3906 ut
1092 3834 1270 3907 Duci
1322 3834 1676 3908 Masoviae
1729 3834 2055 3908 Boleslao
2111 3835 2431 3925 Regnum
2468 3831 2802 3905 Poloniae
2839 3832 3050 3904 ferret
3087 3829 3481 3903 subsidium

402 3960 644 4029 6611116
697 3955 961 4026 Ducem
998 3952 1419 4025 Lithuaniae
1456 3952 1893 4025 Kazimirum
1929 3973 2333 4046 germanum
2371 3972 2607 4039 suum,
2647 3954 2870 4024 terras
2905 3950 3259 4023 Masoviae
3295 3949 3481 4022 bello

402 4073 691 4167 aggredi
745 4073 1257 4164 disponentem,
1315 4071 1901 4163 provisurumque
1931 4072 1993 4161 θ)
2050 4093 2123 4145 66
2169 4070 2581 4162 tempestive
2619 4090 2707 4142 ex
2744 4071 3124 4143 Turcorum
3163 4069 3344 4142 bello
3385 4069 3479 4141 fe-

406 4193 646 4267 liciter
697 4213 1139 4265 161616611116
1170 4192 1229 4279 ⁷)
1284 4191 1842 4282 repromittebat.
1899 4197 2109 4282 atque
2144 4192 2461 4263 ulturum
2497 4211 2647 4263 eam
2684 4189 3048 4278 iniuriam,
3099 4188 3282 4280 quod
3316 4189 3482 4259 Dux

402 4312 809 4385 Kazimirus
864 4309 1287 4383 Lithuaniae
1339 4315 1578 4383 666116
1631 4310 2169 4402 prohibitionem
2228 4332 2426 4382 suam
2479 4310 2664 4382 bello
2737 4309 3021 4402 aggredi
3100 4307 3484 4380 Masoviam

403 4433 718 4523 parabat.
775 4430 991 4504 Grata
1046 4435 1194 4503 erat
1247 4431 1419 4503 haec
1470 4429 1863 4502 commissio
1920 4428 2376 4515 consiliariiS,
2450 4448 2578 4500 nec
2631 4428 2864 4500 minus
2919 4428 3058 4519 ipsi
3113 4426 3294 4499 Duci
3338 4427 3482 4498 Ma-

410 4551 651 4623 661166
688 4549 1051 4636 Boleslao,
1093 4548 1214 4639 (1111
1252 4553 1420 4621 1666
1455 4548 1915 4640 personaliter
1952 4546 2396 4623 conventioni
2449 4547 2816 4634 intererat,
2875 4548 3266 4637 efflagitans
3321 4546 3483 4619 sub·

406 4669 585 4742 sidio
641 4666 1054 4741 exercituali
1108 4688 1182 4739 se
1232 4666 1494 4739 iuvari:
1553 4688 1761 4758 super
1817 4689 1955 4759 qua
2004 4688 2080 4740 re
2132 4667 2436 4757 primum
2491 4686 2729 4739 omnes
2767 4666 3286 4739 deliberandum
3325 4685 3482 4739 cen-

410 4786 692 4873 sebant,
749 4785 1166 4858 necessitate
1221 4791 1531 4878 urgente.
1605 4786 1757 4858 Iam
1830 4786 2086 4859 etenim
2149 4786 2312 4856 Dux
2377 4784 2780 4857 Kazimirus
2843 4784 3266 4857 Lithuaniae
3328 4804 3486 4857 cum

407 4906 729 4979 omnibus
782 4904 1119 4997 potentiis
1175 4905 1325 4977 suis
1380 4905 1457 4977 in
1512 4910 1765 4978 terram
1829 4904 2366 4977 Drohiczensem
2431 4903 2840 4977 descensum
2903 4903 3194 4991 facienS,
3261 4906 3487 4977 erecto

624 5212 671 5293 ¹)
716 5212 937 5274 Paulus
984 5211 1058 5273 de
1100 5212 1373 5273 Herczok
1431 5212 1739 5273 Zekechen
1804 5198 1957 5273 Cod.
2016 5206 2195 5273 Kost.
2255 5210 2476 5272 Paulus
2534 5210 2810 5288 Herczyk
2865 5212 2938 5272 de
2983 5209 3276 5271 Zekchow
3337 5202 3492 5272 Cod.

405 5312 547 5379 Isis.
591 5318 813 5376 Paulus
860 5315 933 5375 de
976 5312 1590 5390 Herczog-checzew
1631 5310 1758 5374 Ed.
1806 5311 1985 5395 szps.
2032 5312 2278 5392 (Paulus
2318 5314 2618 5390 Hertzegh
2663 5313 2738 5375 dc
2767 5312 3076 5391 Szekchb).
3110 5311 3160 5389 ²)
3192 5311 3266 5372 de
3295 5312 3494 5371 Thani

414 5413 569 5480 Cod.
612 5414 751 5479 Lis.
816 5414 866 5495 ³)
913 5418 1116 5477 Danes
1168 5412 1295 5476 Ed.
1352 5412 1533 5497 Lips.
1599 5412 1653 5493 ⁴)
1696 5416 1757 5475 in
1802 5416 2108 5476 Poloniam
2165 5410 2318 5477 Cocl.
2365 5411 2540 5477 Kost.
2605 5414 2656 5494 ⁵)
2701 5416 3092 5477 Petricoviam
3135 5410 3262 5475 Ed.
3307 5410 3492 5499 Lips-

409 5518 466 5599 ⁰)
511 5520 929 5597 provisumque
973 5514 1098 5579 Ed.
1148 5514 1325 5598 Lips.
1376 5514 1427 5596 ⁷)
1470 5535 1769 5578 reversum
1814 5510 1941 5579 Ed.
1990 5514 2167 5599 Lips.
