4342 6384
811 533 957 605 228
1980 553 2206 606 mmm
2258 554 2719 609 unnucnws.
3145 635 3154 644 .
3373 531 3508 635 (Α.
3548 535 3638 612 D.
3681 537 3910 638 1419.)

805 739 1037 814 Ioniae
1091 740 1247 813 Rex
1300 737 1805 822 cruciferorum
1860 739 2151 812 nuntios
2208 739 2560 814 oblatione
2615 761 2743 813 sua
2797 741 2870 815 in
2927 741 3526 834 compromissum.
3593 745 3686 816 Et
3740 746 3906 819 cru-

808 858 1177 934 citerorum
1232 858 1503 932 nuntiis
1566 858 2071 948 renitentibuS,
2134 879 2362 951 neque
2426 859 2899 935 Wladislaum
2954 863 3220 956 Regem
3283 862 3416 936 illa
3481 868 3750 939 aestate
3803 867 3906 941 in-

812 986 1125 1056 staurare
1178 1002 1383 1074 posse
1418 981 1687 1054 bellum
1742 978 2226 1069 censentibus,
2283 984 2484 1052 tanto
2521 980 2908 1054 instantius
2963 982 3387 1057 oblationem
3436 984 3663 1077 ipsam
3718 985 3910 1080 inge-

810 1102 1193 1177 minabant.
1251 1103 1671 1195 Magnopere
1708 1104 1943 1175 antem
1983 1099 2481 1194 Sigismundus
2517 1102 2990 1175 Romanorum
3027 1103 3183 1176 Rex
3237 1103 3672 1196 indignatus,
3729 1108 3914 1199 quod

807 1245 1057 1317 parum
1114 1223 1252 1296 sibi
1305 1222 1599 1295 fiderent
1652 1225 1722 1296 et
1775 1221 2339 1313 compromittere
2393 1221 2468 1295 in
2505 1221 2710 1294 illum
2766 1223 3266 1313 detrectarent,
3327 1225 3590 1298 obtulit
3644 1247 3720 1300 se
3755 1248 3913 1318 pro-

810 1345 964 1438 prio
1020 1349 1215 1418 motu
1270 1341 1662 1416 Wladislao
1726 1343 2147 1414 Polonornm
2201 1341 2382 1435 Regi
2446 1347 2688 1416 contra
2741 1343 2915 1416 illos
2947 1344 3004 1432 1)
3067 1344 3434 1435 personale
3490 1345 3824 1420 solatium
3853 1345 3915 1436 ²)

812 1487 970 1539 cum
1025 1464 1174 1537 suis
1230 1463 1552 1536 omnibus
1623 1462 1961 1554 potentiis
2025 1463 2370 1550 laturum,
2437 1467 2508 1535 et
2561 1484 2798 1537 eorum
2863 1463 3360 1538 exterminium
3424 1466 3746 1541 omuibus
3799 1487 3914 1542 co-

815 1587 1098 1660 natibus
1153 1587 1719 1678 procuraturum:
1796 1603 1873 1656 eo
1947 1586 2182 1656 tamen
2243 1587 2447 1674 pacto
2465 1639 2481 1671 ,
2548 1583 2734 1675 quod
2795 1583 2870 1656 in
2933 1583 3206 1658 foedere
3271 1585 3458 1677 apud
3535 1587 3918 1677 Lubowlya

814 1708 990 1781 inito
1044 1702 1409 1778 'sancitum
1473 1708 1614 1793 est,
1682 1704 1903 1791 salvo,
1978 1707 2059 1776 ut
2121 1702 2332 1775 terris
2396 1703 2884 1792 Pomeraniae,
2944 1704 3378 1779 chelmensis
3445 1713 3515 1779 et
3579 1706 3915 1782 Michalo-

816 1827 1111 1915 viensiS‚
1179 1825 1253 1898 in
1310 1829 1567 1898 sortem
1633 1824 1861 1918 Regni
1914 1823 2252 1896 Poloniae
2316 1824 2514 1896 velut
2566 1823 2868 1917 propriis
2935 1830 3006 1897 et
3059 1825 3507 1899 naturalibus
3559 1827 3914 1902 redeunti-

814 1952 983 2037 buS,
1046 1945 1340 2020 Prussia
1411 1945 1597 2018 inter
1658 1946 1887 2038 Reges
1960 1942 2427 2033 divideretur3
2502 1965 2719 2036 eaque
2791 1944 3024 2018 omnia
3096 1945 3392 2020 dilatato
3465 1969 3780 2022 sermone
3844 1969 3918 2022 se

817 2071 1274 2162 impleturum
1328 2065 1774 2139 iureiurando
1829 2064 2171 2137 firmabat.
2248 2064 2497 2157 Neque
2552 2065 2636 2138 de
2689 2064 2874 2138 bello
2931 2065 3304 2140 cruciferis
3358 2068 3691 2142 Prussiae
3743 2068 3918 2143 infe-

818 2189 1029 2266 rendo
1086 2208 1321 2261 curam
1376 2188 1638 2280 RegeS,
1697 2186 1817 2258 sed
1872 2186 1956 2257 de
1994 2183 2286 2257 Prussia
2340 2184 2716 2258 dividenda
2771 2206 3156 2259 sermonem
3211 2186 3691 2276 intenderant3
3746 2189 3919 2262 iam-

823 2333 958 2404 que
1010 2308 1427 2382 divisionem
1464 2307 1691 2400 ipsam
1744 2327 1868 2398 per
1902 2306 2086 2394 loca,
2146 2305 2351 2398 signa
2403 2309 2473 2378 et
2509 2305 2762 2378 fluvios
2811 2304 3298 2399 designabant.
3353 2290 3647 2382 Tantam
3677 2291 3921 2382 ⁴autem

821 2431 1169 2505 actualem
1222 2427 1662 2501 Wladislaus
1717 2424 2049 2499 Poloniae
2086 2427 2245 2499 Rex
2300 2426 2385 2498 de
2419 2425 2786 2517 promissis
2843 2425 3282 2518 Sigismundi
3333 2428 3804 2502 Romanorum
3854 2433 3924 2503 et

821 2551 1225 2646 Hungariae
1287 2549 1502 2642 Regis
1566 2546 1926 2636 fiduciam,
2000 2545 2632 2638 certitudinemque
2693 2545 3050 2636 induerat,
3125 2551 3322 2620 ratus
3387 2547 3595 2620 illum
3659 2551 3732 2623 et
3793 2569 3922 2641 pro

820 2671 1012 2766 regia
1076 2669 1341 2744 virtute
1412 2673 1481 2744 et
1544 2647 1619 2741 in
1682 2666 2069 2743 cruciferos
2134 2667 2561 2756 irritatione,
2640 2667 2906 2741 sincere
2979 2667 3297 2760 singulas
3369 2668 3923 2761 pollicitationes

822 2791 1334 2867 custoditurum
1353 2846 1370 2881 ‚
1426 2793 1507 2863 ut
1544 2811 1779 2863 earum
1835 2788 2203 2862 dulcedine
2258 2787 2645 2876 inescatus„
2702 2793 2960 2861 terram
2999 2787 3571 2880 Sczepusiensem
3623 2789 3806 2863 dono
3853 2793 3928 2863 et

826 2913 977 2987 sine
1030 2912 1270 3004 aliqua
1323 2910 1775 3004 pecuniarum
1832 2909 2184 2982 solutione
2241 2907 2693 3001 Sigismundo
2729 2908 2910 3002 Regi
2961 2908 3318 3001 resignare
3373 2911 3739 2999 statueret,
3777 2910 3924 2984 nisi

826 3055 867 3106 a
926 3032 1285 3125 proposito
1367 3030 1503 3104 sibi
1578 3036 1647 3104 et
1720 3031 1963 3124 Regno
2036 3050 2163 3102 suo
2238 3029 2652 3122 pernitiosO,
2727 3050 2852 3122 per
2915 3029 3290 3104 Albertum
3361 3030 3922 3123 Iastrzambyecz

828 3133 1231 3247 episcopum
1285 3150 1841 3240 cracoviensem,
1900 3150 2282 3244 Sbigneum
2320 3149 2405 3222 de
2441 3148 2896 3223 Oleschnicza
2941 3149 3433 3242 Praepositum
3471 3150 3714 3224 Sancti
3749 3150 3920 3224 Flo-

826 3273 1043 3361 riani,
1102 3271 1586 3361 secretarium,
1626 3275 1697 3345 et
1732 3271 1909 3345 alios
1948 3270 2416 3361 consiliarios,
2455 3291 2594 3342 non
2633 3270 2787 3342 sine
2823 3270 3244 3345 difficultate
3280 3269 3534 3345 fuisset
3566 3271 3929 3346 reductus.

826 3386 1242 3486 Propediem
1295 3391 1641 3485 siquidem
1708 3397 2078 3465 venturum
2145 3412 2220 3465 se
2285 3396 2356 3464 et
2411 3390 2666 3464 solatia
2696 3389 2757 3480 ³)
2823 3390 3179 3483 copiarum
3245 3413 3652 3486 magnarum
3705 3391 3929 3465 addu-

830 3519 1141 3603 cturum,
1200 3512 1695 3607 Sigismundus
1733 3513 1889 3585 Rex
1946 3516 2348 3586 constanter
2401 3517 2473 3584 et
2528 3511 2734 3586 enixe
2772 3511 3166 3584 Wladislao
3202 3511 3384 3606 Regi
3436 3511 3932 3605 pollicebatur,

830 3656 971 3708 non
1025 3634 1192 3727 quia
1243 3633 1533 3725 implere
1586 3632 1805 3706 vellet
1856 3653 2035 3726 quae
2087 3631 2574 3724 promittebat,
2643 3632 2763 3706 sed
2817 3637 2899 3704 ut
2954 3632 3426 3705 Wladislaum
3479 3633 3744 3726 Regem
3801 3654 3932 3725 spe

832 3765 1083 3849 magna
1136 3753 1502 3846 impletum
1570 3752 1849 3826 facilius
1915 3753 2214 3827 falleret.
2296 3752 2446 3825 Nec
2511 3754 2738 3825 solum
2803 3757 3001 3842 tunc,
3067 3753 3190 3826 sed
3255 3756 3326 3825 et
3389 3756 3644 3844 expost
3672 3752 3737 3843 ⁴)
3801 3773 3939 3845 per

832 3876 1061 3948 multa
1113 3879 1428 3967 tempora
1481 3875 1645 3947 ficta
1699 3873 1905 3945 illum
1959 3872 2420 3964 promissione
2475 3874 2807 3946 lactabat.

834 4236 1232 4310 vladislaus
1258 4236 1399 4308 nox
1442 4237 1633 4308 vanis
1662 4237 2053 4326 sigismundi
2097 4237 2630 4327 promissionibus
2660 4237 2770 4310 diu
2815 4238 3107 4311 lactatus
3147 4256 3233 4312 ox
3263 4237 3585 4328 nugaria
3627 4237 3948 4311 discedit.

1044 4477 1251 4550 Feria
1306 4479 1509 4548 sexta
1562 4475 1637 4548 in
1690 4475 1997 4549 crastino
2036 4476 2492 4551 Ascensionis
2548 4477 2860 4566 Domini,
2903 4476 3340 4550 Wladislaus
3378 4475 3718 4550 Poloniae
3751 4476 3948 4568 Rex,

838 4602 1023 4673 facto
1086 4597 1161 4670 in
1218 4597 1745 4690 Sigismundum
1808 4597 2280 4670 Romanorum
2348 4602 2418 4670 et
2482 4597 2888 4690 Hungariae
2950 4598 3214 4690 Regem
3285 4596 3360 4670 in
3424 4597 3956 4672 Cruciferorum

839 4740 1049 4794 causa
1102 4723 1396 4793 extenso
1449 4717 1977 4809 compromisso,
2046 4723 2116 4790 et
2174 4717 2622 4810 Sigismundo
2687 4718 2866 4812 Regi
2931 4719 3006 4790 in
3062 4718 3344 4810 scriptis
3410 4717 3703 4806 tradito,
3771 4737 3953 4791 con-

841 4838 1133 4913 siliariis
1207 4839 1710 4930 necquicquam
1774 4837 2382 4927 dissuadentibuS,
2450 4843 2520 4911 et
2581 4861 2720 4911 non
2786 4843 3153 4913 extensum
3226 4838 3346 4912 sed
3408 4838 3796 4911 limitatum
3875 4845 3964 4914 et

842 4958 1397 5033 conditionatum
1468 4958 2079 5051 compromissum,
2154 4959 2296 5032 tale
2369 4958 2730 5034 videlicet:
2807 4964 2888 5032 ut
2959 4959 3022 5033 si
3086 4959 3421 5033 cruciferi
3491 4958 3578 5032 de
3649 4959 3966 5034 Prussia.

842 5079 1026 5151 infra
1078 5078 1335 5152 festum
1390 5079 1687 5152 Sanctae
1742 5079 2224 5173 Margarethae
2277 5079 2838 5171 compromittere
2893 5085 2965 5154 et
3019 5079 3515 5173 sigismundus
3570 5079 3727 5154 Rex
3781 5100 3964 5172 pro-

1064 5351 1114 5438 ¹)
1162 5373 1263 5416 eos
1330 5351 1456 5418 Ed.
1516 5353 1697 5438 Lips.
1774 5352 1828 5440 2)
1890 5355 2171 5417 auxilium
2243 5350 2394 5417 Cod.
2455 5352 2648 5418 Rozr.
2726 5353 2782 5435 ³)
2843 5355 3066 5416 auxilia
3133 5349 3286 5417 cod.
3348 5351 3540 5416 Rozr.
3615 5351 3673 5435 ⁴)
3733 5359 3975 5434 postea

853 5455 1005 5524 God.
1053 5454 1245 5521 Rozr.
