4342 6384
893 587 1044 666 250
1999 557 2010 564 ⁶
2073 609 2303 666 menn
2354 606 2815 666 usnncmus.
3428 583 3564 690 (Α.
3604 583 3697 665 D.
3736 583 4007 690 1420.)

900 798 1388 888 stidientibuS,
1447 796 1686 890 elegit.
1745 797 1836 870 Et
1891 797 2058 872 licet
2113 803 2239 872 tua
2294 799 2650 874 Serenitas
2703 797 3145 891 repudiatum
3194 803 3405 890 atque
3444 803 3758 890 spretum
3796 819 3879 872 se
3921 797 4015 871 iri

893 941 934 992 a
987 919 1358 992 Cruciferis
1413 919 1691 1007 dolenS,
1750 918 2198 991 iureiurando
2256 920 2329 991 in
2384 941 2631 992 manus
2670 920 2726 1007 ¹)
2784 917 3063 990 Domini
3118 917 3254 991 mei
3309 919 3525 1011 Regis
3588 922 3785 990 motu
3840 939 4011 1010 pro-

892 1040 1046 1131 prio
1100 1039 1476 1130 praestit0,
1533 1039 2055 1129 repromisisset
2093 1039 2166 1111 in
2208 1039 2715 1114 cruciferorum
2754 1038 3247 1112 exterminium
3296 1059 3713 1131 consurgere
3752 1043 3825 1112 et
3866 1039 4013 1109 Do-

893 1159 1080 1232 mino
1157 1180 1307 1232 meo
1382 1157 1978 1232 excellentissimo
2052 1158 2447 1232 Wladislao
2512 1159 2844 1232 Poloniae
2909 1157 3091 1251 Regi
3155 1160 3518 1250 personale
3572 1157 3919 1231 solatium
3950 1155 4015 1245 2)

893 1285 1135 1352 contra
1202 1299 1318 1351 eos
1372 1283 1518 1350 tam
1585 1267 1936 1351 constanti
2003 1283 2074 1352 et
2128 1279 2413 1352 assidua
2474 1277 2963 1372 promissionis
3027 1278 3575 1371 ingeminatione
3643 1279 3861 1366 ferre,
3932 1279 4017 1348 ut

894 1399 1235 1471 Dominus
1291 1421 1486 1471 meus
1541 1398 1981 1479 Wladislaus
2035 1399 2371 1472 Poloniae
2436 1401 2594 1472 Rex
2648 1398 2881 1472 verbis
2937 1399 3081 1470 tuis
3136 1398 3423 1471 credens
3476 1397 3709 1472 inesse
3764 1397 4008 1470 virtu·

894 1524 1070 1608 tem,
1129 1519 1546 1592 marsalcum
1601 1518 1830 1611 Regni
1887 1517 1999 1590 sui
2053 1519 2389 1592 Poloniae
2458 1518 2839 1611 Sbigneum
2900 1518 2985 1590 de
3042 1519 3337 1591 Brzesze
3368 1516 3431 1607 3)
3485 1538 3700 1611 penes
3757 1521 3831 1588 te
3894 1537 4005 1588 re-

895 1641 1278 1731 linqueret,
1337 1643 1530 1711 tuam
1588 1639 2054 1712 Serenitatem
2107 1659 2234 1730 per
2286 1643 2510 1712 terras
2565 1637 2793 1730 Regni
2829 1637 3162 1710 Poloniae
3200 1659 3357 1710 cum
3396 1636 3715 1710 exercitu
3750 1643 4013 1709 contra

895 1760 1256 1832 Prussiam
1312 1759 1728 1851 procedente
1759 1760 1822 1848 ⁴)
1879 1758 2419 1847 conducturum,
2488 1762 2559 1832 et
2620 1757 2753 1831 tibi
2808 1761 3068 1848 tuoque
3132 1756 3477 1832 exercitui
3531 1758 3617 1830 de
3673 1756 4019 1830 victuali-

893 1881 1026 1952 bus
1081 1879 1557 1970 provisurum:
1616 1884 1740 1950 tua
1794 1883 2026 1952 tamen
2085 1878 2475 1966 Serenita8‚
2532 1898 2673 1949 non
2729 1879 2955 1950 solum
3010 1877 3147 1950 sibi
3202 1879 3573 1969 personale
3624 1876 4018 1962 auxilium,

897 1999 1358 2072 iurisiurandi
1389 1998 1449 2087 5)
1506 1998 1711 2071 facile
1768 1998 2022 2087 oblita,
2079 2019 2219 2070 non
2257 1998 2460 2086 tulit,
2519 1997 2641 2069 sed
2678 2018 2835 2070 eum
2874 2017 3030 2070 cum
3068 1997 3525 2072 multitudine
3561 1998 4017 2071 exercituum

897 2139 1180 2190 suorum
1245 2119 1384 2191 iam
1439 2118 1512 2188 in
1567 2118 1776 2190 metis
1848 2126 2193 2191 terrarum
2257 2117 2626 2192 hostilium
2679 2115 3211 2205 consistentem,
3270 2122 3341 2190 et
3392 2118 3694 2210 grandes
3732 2118 4015 2208 impen-

899 2259 1047 2326 saS,
1106 2259 1230 2329 pro
1287 2238 1542 2330 quibus
1598 2257 1737 2309 uon
1789 2239 1922 2311 hae
1977 2238 2457 2310 tantummodo
2512 2241 2767 2324 terrae,
2826 2258 2999 2329 quas
3056 2242 3179 2308 tua
3234 2238 3589 2311 Serenitas
3644 2237 3760 2309 illi
3798 2257 4018 2330 prae-

898 2363 1008 2431 ter
1072 2357 1497 2449 aequitatem
1561 2356 1962 2431 abiudicare
2016 2357 2279 2446 voluit,
2348 2358 2468 2431 sed
2534 2358 2759 2428 multo
2812 2356 3358 2448 praestantiores
3422 2357 3590 2445 emi,
3648 2377 4019 2448 compara-

897 2478 1100 2570 rique
1151 2477 1581 2570 potuissent,
1641 2477 2046 2566 facientem,
2105 2477 2589 2568 compromissi
2645 2476 3103 2565 authoritate,
3162 2476 3459 2550 offerens
3518 2497 3593 2550 se
3646 2476 3763 2550 illi
3798 2477 4019 2550 bene-

900 2598 1137 2670 volum
1193 2603 1265 2670 et
1319 2596 1775 2670 favorabilem
1831 2596 2318 2669 arbitratorem
2374 2597 2719 2684 futurum,
2776 2596 3154 2670 revocavit.
3214 2597 3474 2671 Verum
3523 2597 3665 2670 iam
3702 2597 3909 2670 videt
3950 2603 4023 2669 et

905 2717 1300 2811 experitur,
1359 2717 1590 2790 omnia
1646 2737 1774 2788 sua
1839 2715 2068 2789 officia
2119 2716 2195 2788 in
2249 2721 2319 2788 te
2375 2716 2781 2808 deprompta
2844 2716 3268 2808 perdidisse,
3336 2722 3405 2790 et
3460 2721 3529 2790 te
3585 2738 3728 2789 non
3783 2717 4021 2789 amico

901 2859 1126 2930 neque
1181 2839 1532 2911 foederato
1587 2837 1851 2924 animo,
1911 2836 2030 2909 sed
2084 2835 2333 2907 hostili
2390 2839 2459 2908 et
2512 2836 2771 2908 callido
2809 2840 3019 2926 atque
3056 2837 3299 2908 acerbo
3336 2837 3412 2908 in
3450 2858 3610 2910 eum
3649 2836 4018 2910 extitisse.

904 2959 1127 3031 Tenet
1180 2957 1526 3049 siquidem
1580 2977 1705 3048 pro
1761 2956 2116 3028 constanti
2169 2955 2703 3028 illustrissimus
2758 2955 3099 3028 Dominus
3158 2977 3352 3029 meus
3390 2955 3839 3028 Wladislaus
3876 2957 4019 3028 Po-

903 3078 1134 3150 louiae
1187 3079 1378 3164 Rex,
1437 3083 1506 3150 et
1551 3077 1624 3149 id
1661 3077 1961 3170 ingenue
2015 3079 2403 3164 asseverat,
2464 3077 2713 3167 quodsi
2767 3077 2842 3148 in
2898 3075 3416 3148 atrocissimum
3455 3096 3666 3147 suum
3705 3075 4020 3160 hostem,

905 3200 975 3268 et
1029 3197 1151 3288 qui
1204 3198 1277 3269 in
1335 3217 1460 3268 suo
1516 3217 1756 3270 cruore
1811 3195 2126 3270 balneari
2183 3199 2574 3290 appeteret,
2642 3195 2923 3268 fecisset
2988 3195 3595 3287 compromissum,
3666 3217 3811 3268 non
3868 3201 4023 3267 tam

904 3318 1107 3406 dura,
1168 3338 1393 3409 neque
1448 3322 1589 3390 tam
1643 3316 1918 3408 iniqua,
1979 3316 2175 3408 quali
2231 3320 2309 3388 tu
2365 3316 2630 3389 amicus
2671 3321 2739 3390 et
2776 3315 3334 3403 confoederatus,
3392 3315 3747 3389 sententia
3804 3315 4023 3387 illum

901 3436 1326 3509 damnasset.
1385 3436 1582 3528 Quod
1638 3458 1726 3510 ex
1783 3458 1860 3509 eo
1917 3437 2066 3509 solo
2120 3441 2443 3528 respectu
2498 3437 2746 3509 saltem
2786 3456 3115 3527 agnosce:
3173 3435 3435 3507 dudum
3472 3435 3693 3523 enim,
3738 3441 3815 3508 et
3852 3441 4025 3506 ante

903 3577 1224 3648 guerram
1279 3555 1598 3647 proxime
1650 3555 1963 3628 habitam
1991 3557 2056 3646 6)
2112 3560 2183 3629 et
2234 3577 2360 3649 pro
2428 3560 2547 3628 tuo
2604 3554 3042 3646 beneplacito
3106 3554 3559 3642 dissolutam,
3626 3554 4029 3628 offerebant

906 3675 1242 3748 Cruciferi
1293 3697 1417 3766 per
1471 3675 1716 3748 literas
1781 3675 2053 3748 Summi
2118 3675 2483 3748 Pontificis
2549 3675 2837 3747 Martini
2904 3673 3169 3766 quinti,
3248 3674 3544 3748 Domino
3606 3695 3763 3748 meo
3832 3696 4025 3748 sere-

905 3795 1196 3867 nissimo
1262 3794 1443 3886 Regi
1509 3800 1732 3868 terras
1795 3795 2417 3867 Michaloviensem
2473 3800 2542 3867 et
2595 3793 3237 3886 Nyeschoviensem
3300 3816 3377 3867 se
3439 3794 3877 3885 reddituros,
3940 3796 4027 3866 de

911 3920 1249 3987 terrarum
1305 3913 1771 4008 Samagittiae
1827 3919 1897 3986 et
1951 3914 2297 3987 Sudorum
2355 3914 2507 3987 iure
2562 3920 2632 3988 et
2687 3914 2899 3988 titulo
2956 3935 3405 4002 excessuroS,
3464 3918 3535 3988 et
3587 3913 3858 4006 viginti
3898 3935 4025 3988 au-

908 4054 1181 4106 reorum
1246 4033 1474 4106 millia
1539 4034 1920 4107 soluturos.
1997 4034 2189 4126 Quae
2255 4033 2533 4126 quidem
2600 4034 2895 4122 oblati0,
2974 4039 3314 4126 quantum
3367 4033 4025 4125 pronuntiationem

911 4157 1104 4225 tuam
1159 4153 1470 4245 iniquam
1527 4153 1912 4242 convincit,
1971 4158 2095 4227 tua
2148 4145 2513 4228 'Serenitas
2568 4155 2847 4245 plenius
2904 4154 3285 4248 intelligit,
3344 4175 3521 4246 quae
3568 4175 3814 4226 omnes
3854 4155 4027 4227 illas

912 4279 1168 4360 terraS,
1227 4295 1520 4364 quarum
1578 4272 1913 4346 Cruciferi
1969 4274 2354 4347 cessionem
2412 4273 2830 4363 offerebant,
2888 4274 3183 4346 Domino
3222 4295 3371 4347 meo
3410 4274 4026 4348 excellentissimo

913 4393 1092 4485 Regi
1149 4392 1600 4465 abiudicavit.
1667 4391 1828 4465 Non
1895 4415 1968 4466 se
2023 4394 2327 4485 amplius
2393 4395 2749 4468 continere
2802 4395 3046 4468 valens
3103 4393 3599 4487 Sigismundus
3660 4395 4024 4468 Romano-

911 4533 1067 4584 rum
1123 4516 1192 4583 et
1245 4512 1649 4604 Hungariae
1703 4513 1892 4600 Rex,
1950 4513 2301 4614 legatione
2348 4513 2774 4607 interrupta,
2832 4515 2965 4588 ait:
3022 4516 3111 4587 In
3148 4515 3446 4587 veritate
3486 4535 3853 4606 nunquam
3898 4537 4025 4608 ego

914 4633 1054 4705 ista
1107 4630 1444 4718 sciebam,
1503 4652 1704 4704 secus
1760 4633 1985 4704 multo
2043 4632 2459 4705 sententiam
2517 4633 2917 4707 arbitralem
2975 4635 3285 4722 laturuS,
3347 4634 3530 4706 side
3567 4633 3681 4706 his
3718 4635 4027 4709 fuissem

912 4751 1330 4842 tempestive
1383 4751 1825 4824 informatus
1885 4753 2058 4824 Tum
2117 4751 2463 4844 Sbigneus
2519 4752 2605 4825 de
2661 4752 3114 4826 Oleschnicza
3178 4754 3471 4827 nuntius
3532 4754 3807 4846 regius:
3872 4757 4029 4829 Sci·

917 4872 1177 4960 visset,
1235 4871 1500 4961 inquit,
1561 4871 1918 4944 Serenitas
1975 4876 2098 4944 tua
2163 4877 2233 4945 et
2295 4873 2467 4945 haec
2532 4877 2601 4945 et
2656 4873 3028 4965 ampliora,
3098 4874 3161 4946 si
3214 4878 3484 4965 partem
3538 4872 3827 4946 Domini
3888 4877 4033 4949 mei

917 4991 1132 5081 Regis
1187 4991 1431 5064 audire
1485 4995 1556 5062 et
1611 4991 2109 5064 instructiones
2166 5012 2291 5083 per
2344 4993 2707 5065 Praelatos
2745 4996 2817 5065 et
2850 4993 3143 5067 barones
3181 4993 3411 5086 Regni
3447 4993 3783 5066 Poloniae
3823 4995 4029 5069 obla·

917 5114 1028 5181 tas
1082 5110 1346 5198 videre,
1405 5115 1476 5182 et
1531 5111 1878 5184 iustitiam
1934 5115 2145 5204 atque
2202 5111 2570 5187 veritatem
2626 5112 2976 5204 inquirere
3030 5135 3168 5185 non
3224 5113 3656 5203 fastidisset,
3712 5113 3805 5186 ad
3860 5136 4029 5190 sen-

1141 5379 1184 5460 ι)
1230 5382 1290 5440 in
1320 5383 1590 5443 manibus
1624 5378 1776 5445 God.
1810 5380 2001 5446 Rozr.
2053 5381 2104 5465 ⁹)
2137 5387 2419 5446 auxilium
2471 5382 2621 5448 cod.
2652 5383 2845 5448 Rozr.
2894 5384 2947 5466 ³)
2992 5387 3234 5449 Brzezie
3283 5381 3435 5449 Cod.
3480 5383 3674 5448 Rozr.
3722 5383 3779 5465 ⁴)
3818 5404 4037 5463 proce-

926 5482 1158 5542 dentem
1207 5479 1358 5545 cod.
1389 5482 1581 5545 Rozr.
1632 5483 1683 5566 ⁸)
1731 5487 2060 5547 iusiurandi
2103 5485 2231 5549 Ed.
2274 5487 2455 5572 Lips.
2504 5487 2560 5570 ⁰)
2604 5491 2823 5550 bellum
2867 5490 3131 5567 proxime
3174 5489 3439 5550 habitum
3487 5483 3639 5550 Cod.
3684 5483 3889 5551 Rozr.
