4342 6384
340 532 468 633 (Α.
506 533 599 609 D.
643 530 901 631 1432.)
1494 512 1721 610 mann
1772 556 2234 611 uunncnms.
3281 540 3432 610 479

345 739 418 811 iu
471 740 771 815 Schubis
810 741 865 829 1)
922 744 993 813 et
1044 740 1385 831 pellibus,
1442 741 1785 816 notabilia
1838 764 2147 816 munera.
2207 743 2344 816 Sed
2398 748 2468 816 et
2513 743 2666 835 ipse
2718 742 3126 817 Baldwinus
3164 762 3320 816 cum
3359 745 3440 816 fi-

347 859 493 948 liis,
552 866 621 933 et
676 881 915 932 omnes
967 860 1275 951 potiores
1331 861 1475 947 sui,
1534 862 1926 935 liberaliter
1974 862 2402 936 remunerati
2455 862 2678 952 vasiS,
2738 863 3056 937 vestibus
3103 868 3174 936 et
3213 864 3438 955 equis,

342 980 507 1052 laeti
561 980 637 1053 in
692 980 1024 1053 venetias
1080 981 1681 1073 regrediebantur,
1741 982 1993 1056 exinde
2032 984 2208 1055 freto
2247 983 2322 1055 in
2357 983 2658 1075 Cyprum
2696 984 3097 1073 traiecturi,
3155 984 3440 1055 horren-

341 1105 443 1171 tes
498 1100 635 1173 iter
687 1100 1003 1190 breviuS,
1060 1108 1348 1194 propter
1402 1102 1870 1175 Valachorum
1924 1103 2278 1177 crudelem
2307 1096 2871 1176 immanitatem.

442 1453 886 1542 sigismundus
930 1455 1377 1544 Starodubsky
1422 1456 1628 1529 stater
1671 1457 2021 1529 Withavdi
2034 1512 2051 1543 ,
2099 1458 2314 1529 eiecto
2359 1457 2881 1546 svitrigscllone
2896 1512 2913 1543 ,
2960 1457 3343 1530 lithuaniao

1562 1576 1873 1649 fluentum
1920 1579 2216 1666 occupat.

549 1821 659 1894 Ex
715 1821 1013 1895 Vislicia
1075 1821 1511 1895 Wladislaus
1566 1822 1724 1896 Rex
1756 1822 1820 1912 ²)
1872 1823 2271 1911 discedenS,
2330 1823 2528 1896 venit
2574 1822 2846 1895 Novam
2902 1822 3309 1911 Civitatem,
3369 1828 3440 1896 et

340 1942 589 2018 abinde
657 1941 1117 2014 Laurentium
1171 1942 1577 2016 Zarambam
1638 1944 2103 2017 castellanum
2159 1942 2633 2017 Siradiensem
2707 1942 2780 2014 iu
2835 1942 3287 2015 Lithuaniam
3347 1943 3435 2015 ad

350 2064 631 2135 fratrem
686 2082 893 2133 suum
949 2062 1211 2135 Ducem
1278 2061 1637 2155 Switrigal
1697 2062 2153 2151 transmittit,
2223 2062 2590 2136 solicitans
2645 2067 2716 2135 et
2769 2063 3150 2135 exhortans
3207 2062 3435 2150 illum,

345 2187 425 2254 ut
478 2180 771 2255 dimissa
838 2180 1227 2272 pertinacia
1298 2201 1458 2271 sua,
1534 2202 1769 2255 secum
1822 2183 1897 2255 in
1950 2183 2250 2275 gratiam
2315 2186 2386 2257 et
2445 2182 3086 2256 reconciliationem
3157 2182 3440 2271 rediret,

348 2324 501 2375 cum
540 2302 835 2374 durante
872 2321 1109 2374 eorum
1146 2306 1392 2374 mutuo
1428 2301 1755 2399 dissidio,
1812 2301 1985 2374 fides
2021 2302 2536 2375 Lithuanorum
2577 2302 2717 2375 sibi
2753 2302 2960 2376 debet
2997 2322 3150 2375 esse
3198 2322 3442 2394 suspe-

349 2426 491 2509 cta,
549 2427 619 2495 et
673 2420 900 2493 vereri
969 2420 1255 2494 deberet
1306 2421 1564 2513 capitis
1620 2422 1732 2494 sui
1784 2422 2175 2513 periculum
2250 2422 2386 2495 sibi
2443 2422 2820 2513 aliquando
2889 2422 3276 2494 imminere.
3351 2422 3446 2493 Et

348 2544 517 2615 haec
572 2540 851 2633 quidem
908 2544 1059 2615 erat
1112 2542 1489 2615 Zarambae
1542 2546 1784 2634 aperta
1838 2542 2122 2635 legatie.
2180 2542 2442 2615 Verum
2487 2540 2684 2614 aliud
2721 2546 2870 2615 erat
2905 2541 3124 2633 Regis
3171 2544 3244 2613 et
3279 2560 3442 2613 con-

351 2662 776 2735 siliariorum
830 2660 905 2733 in
960 2660 1292 2733 missione
1348 2680 1475 2733 sua
1527 2660 1987 2754 propositum.
2047 2661 2420 2734 Solicitare
2467 2662 2651 2734 enim
2687 2660 2950 2734 missus
2989 2665 3138 2733 erat
3173 2660 3444 2733 animos

349 2781 757 2872 Principum
812 2785 882 2853 et
935 2781 1362 2871 Boyarorum
1396 2778 1458 2870 ³)
1512 2780 1967 2869 Lithuaniae,
2036 2786 2107 2854 et
2162 2781 2523 2873 signanter
2585 2782 2846 2854 Ducem
2913 2780 3449 2873 sigismundum

352 2902 829 2992 Starodubsky
886 2900 1063 2973 alias
1117 2900 1691 2993 Keystuthowicz
1747 2902 2033 2974 fratrem
2086 2920 2495 2993 germanum
2550 2900 2766 2973 Ducis
2821 2900 2988 2974 olim
3043 2900 3280 2993 Magni
3319 2900 3438 2973 Li-

350 3021 683 3095 thuaniae
728 3019 1145 3108 Withawdi,
1202 3042 1289 3095 ne
1324 3026 1732 3113 paterentur
1770 3022 2031 3095 Ducem
2070 3022 2428 3115 Switrigal
2464 3020 2848 3114 principari
2876 3022 2975 3110 ⁴);
3033 3020 3154 3093 sed
3209 3020 3442 3110 illum,

349 3146 559 3234 prout
612 3141 751 3213 iam
806 3141 892 3213 ad
947 3139 1018 3212 id
1075 3146 1363 3214 noverat
1418 3142 1573 3215 Rex
1629 3162 1745 3215 eos
1801 3144 2271 3233 conspirasse,
2327 3142 2528 3212 nullo
2583 3145 2775 3213 metu
2829 3144 2954 3213 aut
3001 3144 3324 3232 respectu
3363 3140 3448 3213 de

356 3263 550 3353 Rege
601 3260 875 3345 habite,
935 3280 976 3331 a
1028 3260 1191 3333 sede
1244 3261 1482 3353 Magni
1534 3262 1851 3334 Ducatus
1906 3260 2330 3334 Lithuaniae
2375 3260 2708 3334 eiicerent
2745 3265 2814 3333 et
2851 3260 3335 3348 excluderent,
3377 3264 3448 3331 et

352 3382 611 3453 Ducem
668 3378 1195 3471 Sigismuudum
1250 3380 1731 3471 Starodubsky
1786 3380 1859 3452 in
1898 3380 2050 3453 eius
2089 3381 2318 3453 locum
2359 3384 2837 3471 surrogarent3
2893 3379 3447 3470 certificaretque

352 3522 473 3573 eos
526 3500 611 3573 de
666 3499 852 3571 omni
906 3498 1316 3572 assistentia
1368 3499 1519 3572 illis
1572 3520 1697 3591 per
1748 3500 2011 3592 Regem
2074 3500 2516 3591 praestanda.
2583 3500 2998 3573 Movebatur
3051 3500 3234 3572 enim
3289 3498 3447 3571 Rex

353 3628 428 3695 et
482 3619 867 3693 consiliarii
922 3620 1010 3691 ad
1064 3618 1136 3692 id
1193 3618 1615 3710 faciendum,
1693 3620 2022 3712 quoniam
2086 3621 2249 3691 Dux
2315 3619 2673 3712 Switrigal
2724 3620 3084 3711 praefatus
3138 3642 3278 3691 non
3334 3639 3446 3690 so-

351 3744 505 3815 lum
556 3740 859 3833 pessimo
912 3738 1249 3831 regimine
1303 3745 1373 3812 et
1426 3740 1695 3813 crudeli
1747 3742 2095 3831 praeerat,
2155 3739 2277 3812 sed
2332 3739 2542 3813 etiam
2600 3739 2671 3812 in
2727 3744 2986 3813 sectam
3027 3740 3448 3812 Graecorum

352 3860 765 3955 propensior
819 3860 1164 3945 existens,
1220 3860 1439 3932 ritum
1477 3860 1894 3933 Graecorum
1942 3861 2135 3932 ultra
2166 3860 2596 3933 catholicum
2632 3858 2872 3932 efferre
2911 3864 2982 3931 et
3016 3878 3446 3951 promovere,

356 3981 757 4057 solicitante
811 3980 901 4051 ad
954 3978 1027 4053 id
1080 4000 1237 4052 eum
1292 3984 1611 4053 consorte
1648 4000 1806 4068 sua,
1870 4002 2077 4072 quam
2115 3980 2392 4052 noviter
2428 4000 2518 4053 ex
2554 3979 3004 4072 Principibus
3041 3979 3124 4052 de
3163 3979 3450 4052 Thwera

354 4104 775 4191 acceperat,'
813 4098 1195 4174 nitebatur.
1262 4100 1513 4191 Itaque
1574 4100 1911 4172 Zaramba
1974 4100 2277 4172 fideliter
2341 4100 2416 4173 in
2467 4100 2616 4185 his,
2674 4121 2886 4196 quae,
2919 4099 3056 4172 sibi
3111 4098 3450 4171 'mandata

356 4225 593 4308 eraut,
650 4219 1057 4311 procedenS,
1117 4218 1425 4293 omnium
1488 4219 1898 4311 Principum
1954 4224 2025 4291 et
2080 4220 2511 4312 Boyarorum
2541 4218 2604 4309 5)
2667 4220 3091 4292 Lithuaniae
3153 4219 3449 4307 animem

357 4344 607 4432 suapte
638 4340 701 4426 θ)
754 4340 841 4411 ad
894 4337 969 4411 id
1022 4338 1284 4413 dudum
1338 4338 1673 4429 deflexos,
1733 4344 2121 4432 opportune
2175 4340 2512 4413 accendit.
2569 4339 2637 4412 N
2641 4362 2728 4412 on
2764 4346 2928 4431 post
2963 4341 3226 4412 multos
3263 4339 3450 4411 enim

358 4460 545 4547 dieS,
602 4458 937 4533 Zaramba
1000 4458 1153 4532 illic
1216 4464 1480 4547 stante,
1546 4463 1879 4551 concepta
1942 4459 2366 4551 conspiratio
2441 4464 2684 4533 contra
2756 4462 3017 4533 Ducem
3095 4458 3452 4551 Switrigal

296 4622 313 4631 -
359 4580 551 4653 edita
614 4583 743 4651 est.
812 4579 974 4651 Dux
1038 4578 1223 4650 enim
1289 4578 1784 4671 sigismundus
1846 4582 2208 4672 praefatus
2273 4581 2754 4671 Starodubsky
2819 4600 2976 4653 cum
3041 4578 3454 4653 assistentia

356 4700 819 4793 plurimorum
883 4696 1291 4788 Principum
1347 4702 1419 4771 et
1472 4700 1903 4791 Boyarorum
1935 4700 1997 4788 ⁷)
2052 4699 2476 4772 Lithuaniae
2536 4700 2612 4771 iu
2667 4700 3034 4791 Oszmany,
3103 4699 3226 4771 ubi
3281 4703 3452 4771 tunc

360 4821 526 4891 Dux
582 4817 941 4910 Switrigal
994 4838 1151 4891 cum
1206 4820 1524 4891 consorte
1577 4823 1647 4892 et
1701 4819 1890 4893 omni
1954 4820 2149 4893 curia
2211 4842 2340 4891 sua
2393 4820 2675 4912 agebat,
2741 4840 2899 4891 cum
2955 4818 3270 4893 exercitu
3326 4838 3450 4889 va-

358 4937 505 5011 lido
560 4938 633 5009 in
689 4942 923 5023 nocte,
981 4937 1093 5009 die
1148 4937 1513 5010 Dominico
1568 4942 1728 5011 ante
1782 4941 2037 5012 festum
2092 4939 2518 5012 Nativitatis
2568 4939 2864 5012 Sanctae
2899 4938 3161 5012 Mariae
3188 4936 3278 5028 8),
3337 4958 3452 5009 su-

576 5229 622 5309 ¹)
672 5231 731 5289 in
774 5230 1039 5291 vestibus
1083 5230 1349 5305 pelliceis
1398 5223 1549 5291 God.
1584 5226 1775 5291 Rozr.
1827 5229 1875 5308 ²)
1922 5230 2204 5290 Poloniae
2249 5228 2378 5288 Rex
2425 5224 2578 5290 Cod.
2629 5226 2820 5289 Rozr.
2871 5226 2924 5306 ³)
2967 5228 3253 5288 nobilium
3302 5222 3458 5289 cod.

356 5332 559 5400 Rozr.
608 5330 661 5411 ⁴)
710 5333 998 5409 imperare
1047 5328 1199 5395 Ood.
1245 5329 1436 5394 Rozr.
1488 5330 1539 5412 θ)
1586 5334 1871 5393 nobilium
1918 5328 2071 5393 Cod.
2119 5329 2311 5393 Roz‘r.
2364 5330 2416 5409 θ)
2464 5349 2572 5392 sua
2610 5336 2819 5408 sponte
2853 5326 3006 5392 Ood.
3039 5328 3232 5392 Rom.
3271 5326 3322 5410 ⁷)
3355 5348 3462 5391 no·

354 5438 573 5499 bilium
620 5431 772 5497 Cod.
818 5433 1009 5496 Rozr.
1060 5433 1112 5512 Β)
1159 5436 1219 5495 S.
1264 5435 1490 5496 Mariae
1532 5435 1797 5511 Virginis
1846 5424 1999 5496 Ood.
2044 5432 2238 5497 Rom.
