4342 6384
829 501 976 575 732
2002 524 2234 576 mann
2285 522 2802 576 Duomacmus.
3377 499 3514 600 (Α.
3549 496 3645 574 D.
3681 503 3891 605 1444.)

822 706 977 800 pori
1032 708 1337 779 humano
1376 708 1717 799 possibile
1752 708 2145 798 videretur,
2203 709 2436 782 effecit
2474 710 2553 799 1),
2611 712 3024 801 tantamque
3061 711 3368 802 stragem
3405 708 3690 801 propria
3721 732 3897 785 manu

828 826 1182 902 commisit
1235 827 1311 899 in
1366 828 1666 901 Teucros
1698 827 1784 918 2),
1844 834 1925 901 ut
1980 850 2188 921 opera
2243 828 2962 922 magnanimitateque
3013 850 3178 917 sua,
3235 833 3491 921 quarta
3541 850 3703 921 pars
3735 852 3896 923 prae-

830 947 1255 1025 stantiorum
1310 948 1617 1021 militum
1655 950 1941 1022 hostilis
1990 950 2344 1023 exercitus
2383 950 2637 1023 defecit
2673 950 2748 1022 in
2786 950 3084 1042 praelio,
3143 949 3347 1023 cuius
3387 950 3620 1022 virtus
3657 956 3725 1023 et
3757 956 3899 1025 stre-

831 1068 1071 1141 nuitas
1126 1089 1343 1159 supra
1397 1070 1861 1143 christianum
1916 1072 2306 1143 exercitum
2362 1072 2642 1144 venisse
2695 1070 3058 1143 dicuntur:
3119 1074 3190 1143 et
3248 1070 3434 1143 nihil
3481 1070 3764 1144 dubium
3795 1078 3900 1160 cst,

834 1188 1007 1279 quin
1060 1190 1219 1261 Rex
1275 1210 1439 1262 vera
1492 1190 1758 1263 virtute
1798 1192 2099 1264 Teucros
2130 1189 2195 1281 3)
2251 1191 2721 1283 superaverit,
2783 1212 3181 1283 quanquam
3231 1192 3372 1283 ipsi
3409 1192 3787 1265 exercitum
3815 1214 3902 1266 re-

824 1309 1027 1401 gium
1090 1309 1551 1383 multitudine
1620 1311 1858 1402 potius
1933 1334 2141 1403 quam
2212 1312 2446 1405 gladio
2511 1308 3040 1404 perterruerint.
3116 1312 3442 1405 Hungari
3505 1334 3634 1405 pro
3695 1313 3906 1386 maiori

832 1434 1033 1521 parte
1090 1430 1273 1503 salvi
1325 1431 1593 1505 reversi
1649 1437 1849 1520 sunt3
1917 1433 2037 1505 sed
2101 1434 2649 1524 praestantiores
2713 1432 2928 1505 etiam
2993 1432 3262 1506 milites
3316 1434 3804 1526 Hungarorum
3847 1435 3907 1506 in

833 1551 1098 1643 praelio
1154 1552 1586 1639 defecerunt,
1646 1558 1715 1625 et
1772 1553 1833 1625 si
1887 1553 2372 1644 perstitissent
2425 1554 2666 1645 copiae
2720 1554 2941 1646 Regis
2971 1554 3061 1643 ⁴),
3132 1573 3536 1646 quanquam
3590 1553 3904 1645 incompa-

828 1671 1153 1745 rabiliter
1217 1672 1610 1763 superiores
1674 1678 1875 1745 erant
1936 1696 2225 1747 numero
2288 1675 2560 1762 hostes,
2631 1679 2780 1747 erat
2836 1696 2995 1767 spes
3051 1673 3516 1747 nihilominus
3571 1675 3902 1747 habendae

833 1792 1199 1881 victoriae,
1256 1797 1329 1867 81
1382 1794 1521 1867 18111
1572 1795 1761 1867 Deus
1799 1794 1978 1886 Regi
2016 1795 2453 1886 triumphum
2491 1795 2776 1868 dederat
2813 1798 3102 1887 propter
3139 1792 3341 1887 signa
3375 1814 3489 1882 ea,
3551 1814 3730 1885 quae
3763 1792 3908 1881 dixi,

831 1913 973 1992 nisi
1028 1913 1235 1985 illum
1292 1915 1459 2006 fuga
1512 1914 1865 1989 exercitus
1918 1914 2035 1987 sui
2090 1916 2609 1988 labefactasset.
2665 1916 2778 1987 Ex
2835 1914 3024 1987 omni
3071 1919 3307 1987 autem
3343 1914 3564 2007 Regis
3601 1914 3910 2003 exercitu,

829 2035 906 2107 in
961 2056 1128 2125 quo,
1184 2038 1266 2105 ut
1320 2054 1567 2107 verum
1622 2035 1881 2122 dicam,
1941 2034 2065 2107 vix
2122 2036 2412 2108 aderant
2466 2035 2726 2128 viginti
2781 2035 3011 2108 11111118
3055 2034 3402 2123 militum,
3457 2055 3604 2107 non
3643 2036 3913 2107 creditur

741 2165 748 2172 ’
835 2154 1156 2246 quintam
1211 2158 1483 2246 partem
1538 2161 1759 2227 morte
1812 2160 1937 2227 aut
1980 2156 2400 2247 captivitate
2437 2156 2764 2248 periisse:
2823 2159 2895 2228 et
2949 2156 3220 2227 1111118111
3257 2154 3560 2247 denique
3601 2156 3911 2229 iacturam

830 2275 1263 2349 christianus
1301 2275 1689 2367 accepisset
1710 2275 1770 2365 5)
1810 2276 2198 2365 exercitus,
2249 2276 2313 2348 si
2351 2277 2551 2349 modo
2591 2277 2832 2349 salvus
2871 2276 3312 2349 Wladislans
3349 2276 3508 2349 Rex
3565 2275 3771 2349 nobis
3819 2276 3912 2349 ad-

840 2395 1187 2483 venisset3
1244 2417 1381 2487 quo
1437 2395 1765 2488 Principe
1818 2398 2021 2468 nulla
2065 2401 2260 2469 aetas
2315 2402 2440 2469 aut
2493 2418 2802 2488 unquam
2867 2396 3082 2485 vidit,
3151 2400 3274 2468 aut
3337 2417 3656 2488 unquam
3711 2397 3918 2469 visura

830 2521 940 2593 est
992 2515 1572 2607 praestantiorem
1626 2517 1939 2609 pugilem
1993 2540 2117 2609 pro
2164 2518 2300 2589 fide
2346 2521 2588 2589 nostra
2625 2516 3002 2606 catholica,
3059 2522 3185 2589 aut
3241 2518 3673 2589 catholicum
3731 2518 3921 2609 magis

833 2642 903 2712 et
958 2642 1278 2709 sanctum
1332 2637 1867 2729 Imperatorem,
1927 2638 2049 2729 qui
2102 2660 2228 2729 pro
2286 2660 2557 2711 summa
2605 2637 2755 2711 eius
2810 2636 3129 2711 bonitate
3171 2637 3440 2711 nemini
3475 2658 3790 2730 unquam
3823 2656 3922 2709 no·

832 2756 983 2830 cuit
1044 2756 1313 2829 homini
1376 2757 1794 2861 christiano,
1870 2759 2093 2831 Deum
2162 2778 2436 2851 semper
2497 2758 2796 2831 laudans
2861 2761 2931 2829 et
2994 2756 3409 2831 benedicens
3476 2758 3774 2830 auditus
3840 2762 3928 2829 est

836 2884 989 2952 tum
1044 2876 1120 2949 in
1170 2877 1514 2965 Psalmis,
1572 2882 1723 2949 tum
1760 2877 1837 2950 in
1874 2878 2060 2950 omni
2116 2878 2270 2951 81118
2325 2879 2536 2952 verbo
2576 2883 2645 2951 et
2683 2899 2913 2970 opere.
2971 2878 3058 2950 In
3097 2878 3250 2950 cibo
3287 2876 3854 2951 modestissimus
3875 2876 3927 2965 θ)

834 2998 1206 3090 Ρ111108Ρ8,
1264 3002 1335 3071 81
1390 3002 1623 3089 spreto
1679 2998 1876 3088 11110,
1946 3000 2098 3071 8018
2150 2999 2224 3070 111
2279 3003 2452 3091 potu
2517 3004 2888 3072 contentus
2953 3019 3170 3090 aqua,
3240 3018 3320 3071 80
3385 2998 3672 3071 demum
3727 2996 3926 3071 veluti

836 3122 1124 3193 sanctus
1178 3118 1336 3191 Rex
1392 3122 1463 3191 et
1499 3120 1815 3211 Angelus
1871 3120 2051 3192 alter
2103 3120 2178 3192 111
2233 3120 2440 3193 terris
2497 3120 2834 3193 coelibem
2897 3124 2968 3193 et
3013 3118 3402 3210 virgineam
3456 3117 3688 3191 vitam
3743 3117 3924 3205 domi,

838 3238 1276 3329 militiaeque
1330 3239 1561 3315 duxit.
1626 3240 1841 3313 Caesa
1893 3240 1970 3312 in
2024 3242 2155 3314 1180
2187 3241 2248 3330 7)
2303 3262 2541 3334 pugna
2595 3245 2763 3313 sunt
2799 3239 3210 3333 octuaginta
3245 3235 3506 3323 millia,
3565 3240 3930 3330 pluresque

838 3359 1159 3432 illustres
1214 3360 1486 3433 animae
1540 3361 1659 3431 vel
1712 3360 1787 3432 in
1843 3362 2113 3434 coelum
2167 3363 2286 3435 181
2339 3362 2425 3433 ad
2482 3362 2740 3434 inferos
2794 3359 3245 3434 transierant.
3301 3358 3626 3451 Insignis
3685 3365 3794 3431 est
3835 3358 3930 3429 hic

840 3502 1065 3587 annus
1123 3480 1368 3553 multis
1425 3480 1777 3570 cladibus,
1835 3503 1996 3554 nam
2053 3485 2123 3554 et
2181 3482 2625 3573 Swyczenses
2655 3480 2719 3572 ⁸)
2775 3482 2962 3574 apud
2999 3480 3355 3553 Basileam
3392 3478 3580 3553 caesi
3623 3485 3824 3568 sunt,
3873 3483 3928 3551 ct

840 3600 1233 3693 Delphinus
1288 3621 1496 3693 quam
1552 3602 1792 3693 plures
1822 3601 1884 3691 ⁹)
1940 3601 2360 3674 Almanniae
2415 3602 2742 3675 civitates
2801 3599 3199 3693 occupavit,
3259 3604 3330 3674 et
3393 3600 3552 3673 Rex
3607 3598 3927 3672 Francius

842 3722 1163 3810 Tullum,
1221 3721 1745 3812 Verdinumque
1791 3720 2007 3813 cepit;
2054 3723 2258 3795 nulla
2304 3728 2539 3795 tamen
2589 3744 2797 3814 quam
2836 3722 2924 3811 ¹⁰)
2980 3720 3384 3794 Pannonica
3419 3720 3514 3810 ¹¹)
3571 3719 3923 3813 insignior,

839 3847 1212 3936 postquam
1267 3842 1500 3914 victus
1558 3845 1626 3913 et
1679 3839 1905 3914 victor
1968 3841 2246 3915 diversa
2305 3842 2460 3915 loca
2515 3841 2752 3913 sortiti
2807 3845 3004 3913 sunt:
3090 3840 3321 3913 victus
3389 3839 3580 3912 enim
3639 3838 3928 3911 Wladis-

844 3966 1002 4036 laus
1058 3962 1482 4034 Polonorum
1522 3966 1594 4034 et
1630 3961 2037 4053 Hungariae
2078 3959 2167 4051 12)
2223 3962 2378 4034 Rex
2443 3960 2882 4035 consociatus
2932 3963 3039 4034 est
3086 3960 3414 4053 Angelis,
3483 3959 3721 4033 victor
3781 3961 3930 4031 Tut-

844 4104 967 4157 cus
1020 4082 1383 4173 perpetuis
1440 4081 1761 4155 addictus
1818 4086 1923 4155 est
1980 4082 2375 4173 suppliciis
2435 4082 2799 4155 Transacti
2856 4081 3024 4154 mali
3077 4081 3153 4153 in
3207 4080 3462 4153 animis
3517 4080 3930 4152 Polonorum

843 4202 1189 4293 inspirata
1244 4202 1583 4292 quaedam
1638 4202 2025 4275 habebatur
2080 4202 2457 4290 divinatio,
2517 4206 2586 4275 et
2640 4202 2897 4275 nedum
2955 4204 3137 4274 fama
3187 4200 3424 4293 regiae
3481 4200 3714 4274 cladis
3749 4199 3929 4272 Polo·

843 4323 1032 4395 niam
1095 4320 1575 4413 perveniente,
1643 4328 1913 4394 moesta
1978 4326 2210 4397 tamen
2272 4324 2585 4395 lamenta
2648 4327 3151 4409 matronarum,
3220 4326 3424 4394 natos
3494 4326 3567 4394 et
3623 4322 3930 4413 cognatos

846 4465 1010 4517 suos
1067 4463 1155 4516 ex
1211 4443 1362 4515 sola
1415 4442 1814 4516 coniectura
1868 4448 1937 4515 et
1994 4443 2397 4535 suspicione
2453 4442 3008 4535 deplorantium,
3067 4440 3556 4516 audiebantur.

1062 4750 1111 4829 ¹)
1158 4752 1418 4813 efficeret
1459 4749 1585 4815 Ed.
1633 4749 1815 4834 Lips.
1864 4749 1915 4833 ⁸)
1960 4752 2190 4813 Turcos
2241 4746 2392 4813 Cod.
2439 4748 2574 4813 Lis.
2623 4748 2676 4831 ³)
2723 4752 2952 4812 Turcos
3001 4744 3152 4811 God.
3199 4744 3335 4810 Lis.
3381 4744 3439 4828 ⁴)
3487 4753 3551 4809 et
3593 4745 3932 4826 superstitis·

850 4860 1007 4932 sent,
1068 4856 1184 4915 nisi
1227 4854 1412 4933 Regis
1470 4850 1621 4918 Cod.
1666 4853 1842 4917 Kost.
1907 4854 1957 4935 ³)
2003 4856 2234 4931 accepit
2277 4847 2403 4916 Ed.
2463 4852 2640 4937 Lips.
2703 4852 2753 4933 6)
2797 4852 3300 4915 moderatissimus
3350 4846 3504 4914 Cod.
3555 4849 3740 4913 Kost.
3789 4848 3837 4930 τ)
3875 4866 3936 4908 ea

852 4954 983 5019 Ed.
1036 4955 1211 5040 Lips.
1274 4954 1326 5037 ⁸)
1376 4958 1620 5019 Swiceri
1668 4954 1819 5021 Cod.
1863 4956 2039 5019 Kost.
2087 4958 2399 5018 Swaiczeri
2447 4954 2573 5018 Ed.
2621 4954 2804 5039 Lips.
2867 4954 2918 5037 ⁹)
2967 4975 3143 5032 quam
3199 4954 3487 5031 plurimas
3551 4950 3712 5017 Cod.
3771 4950 3928 5015 Kost.

863 5058 941 5135 ¹⁰)
988 5061 1099 5121 nisi
1152 5056 1304 5123 Cod.
1350 5058 1571 5123 Przez.
1627 5059 1705 5141 ¹¹)
1750 5062 2095 5121 Pannonica
2140 5060 2340 5121 clades
2385 5056 2516 5129 Ed.
2567 5056 2748 5142 Lips.
2805 5058 2882 5139 ¹²)
2928 5060 3272 5118 Hunnorum
3323 5053 3481 5120 Cod.
3527 5054 3712 5119 Kost.
