4342 6384
840 541 990 615 452
2039 561 2267 618 mess
2318 561 2776 616 virescimus,
3050 583 3057 590 ·
3260 551 3263 556 ’
3402 541 3533 643 (Α.
3576 543 3669 618 D.
3710 541 3939 641 1431.)

897 860 1174 933 induciis
1219 860 1536 949 expiratis
1580 863 1958 934 castrenses
2002 862 2473 952 aggrediuntur
2517 862 2875 934 exercitum
2918 862 3324 949 Polonorum,
3382 863 3501 934 sod
3543 864 3878 934 recedunt.

1046 1107 1256 1180 Feria
1309 1112 1514 1179 sexta
1565 1111 1726 1198 post
1782 1108 2038 1180 festum
2093 1106 2623 1198 Assumptionis
2690 1107 2989 1180 Sanctae
3043 1107 3304 1180 Mariae
3345 1108 3420 1197 ¹),
3490 1110 3761 1201 treugis
3814 1131 3937 1182 ex-

838 1227 1268 1319 pirantibuS,
1326 1225 1684 1299 custodiae
1738 1226 1812 1297 in
1868 1225 2208 1299 stationes
2264 1231 2505 1298 contra
2542 1231 2850 1300 castrum
2880 1225 2943 1315 ²)
2998 1227 3391 1318 applicatae
3432 1234 3620 1300 sunt.
3678 1230 3939 1303 Verum

841 1368 996 1419 cum
1052 1344 1125 1417 in
1181 1347 1290 1418 die
1345 1345 1572 1418 media
1627 1345 1878 1419 Poloni
1942 1344 2014 1416 in
2070 1345 2473 1418 huiusmodi
2537 1346 3150 1419 excubiissecuri
3216 1351 3517 1436 starent,
3578 1369 3937 1422 scacorum

841 1466 1005 1536 ludo
1063 1465 1414 1555 occupati,
1471 1466 1710 1536 hostes
1767 1483 1853 1536 ex
1909 1463 2290 1555 improviso
2341 1466 2425 1537 de
2462 1470 2687 1537 castro
2744 1465 3247 1558 irrumpenteS,
3303 1467 3675 1540 Nicolaum
3733 1469 3937 1541 Slan·

839 1587 1001 1657 kam
1056 1585 1140 1657 de
1196 1584 1488 1676 Lapsow
1521 1582 1582 1673 ³)
1638 1583 1938 1657 militem
1996 1588 2065 1656 et
2121 1583 2461 1656 familiam
2518 1606 2716 1656 suam
2742 1586 2803 1675 ⁴)
2861 1586 3172 1678 aggressi
3224 1595 3423 1675 sunt,
3482 1592 3552 1663 et
3586 1587 3941 1680 plerisque

842 1703 1124 1792 occisis,
1182 1709 1490 1776 caeteros
1547 1702 1928 1776 affecerunt
1983 1703 2421 1776 vulneribus,
2478 1705 2766 1776 Fuisset
2803 1726 3078 1798 quoque
3118 1711 3187 1778 et
3224 1706 3377 1797 ipse
3414 1707 3679 1779 Slanka
3710 1706 3772 1796 5)
3826 1729 3939 1779 oc-

841 1825 1064 1912 cisuS,
1121 1824 1196 1895 ni
1249 1823 1620 1895 familiaris
1677 1845 1846 1895 suus
1901 1823 2130 1895 fidelis
2188 1823 2621 1913 StephanuS,
2682 1823 3025 1898 offerendo
3066 1845 3141 1896 se
3178 1847 3304 1916 pro
3361 1825 3522 1912 ille,
3581 1826 3721 1898 sibi
3758 1847 3939 1898 mor-

842 1949 1014 2032 tem,
1081 1943 1360 2015 domino
1423 1964 1585 2014 vero
1643 1964 1767 2014 suo
1825 1942 2121 2016 salutem
2178 1941 2675 2033 praestitisset.
2734 1943 2932 2016 Caesi
2988 1951 3221 2016 tamen
3278 1953 3476 2032 sunt,
3534 1951 3741 2018 aucta
3796 1946 3939 2017 vir-

734 2153 742 2160 ·
845 2069 997 2135 tute
1050 2062 1504 2149 Polonorum‚
1563 2063 1836 2149 hosteS,
1897 2069 1966 2134 et
2020 2061 2230 2135 multi
2296 2061 2540 2147 occisi,
2608 2061 2869 2134 caeteri
2935 2064 3101 2155 fuga
3153 2063 3228 2135 in
3284 2068 3592 2135 castrum
3655 2065 3939 2155 dilapsi.

847 2181 1150 2255 Sabbato
1205 2185 1364 2273 post
1420 2183 1675 2254 festum
1733 2181 2259 2272 Assumptiouis
2317 2181 2613 2252 Sanctae
2659 2180 2918 2254 Mariae
2948 2182 3035 2270 6),
3095 2183 3390 2254 veniunt
3428 2183 3517 2254 ad
3553 2185 3817 2276 Regem
3852 2205 3940 2257 ex

845 2305 1044 2392 parte
1099 2301 1314 2373 Ducis
1371 2300 1760 2393 Switrigal,
1821 2299 2068 2372 Olelko
2125 2305 2197 2372 et
2250 2300 2481 2371 Wasil
2512 2301 2572 2389 ⁷)
2630 2302 2856 2372 Duces
2912 2301 3429 2391 Ruthenorum,
3490 2309 3561 2375 et
3598 2303 3943 2396 Gedigold

848 2442 1004 2492 cum
1059 2420 1222 2492 aliis
1278 2420 1586 2512 quinque
1640 2419 2050 2507 Humanis,
2109 2440 2233 2511 pro
2292 2441 2461 2511 pace
2518 2421 2905 2493 tractanda.
2973 2421 3065 2492 Et
3128 2421 3297 2493 licet
3359 2421 3607 2494 diebus
3672 2423 3944 2514 aliquot

845 2561 985 2632 pax
1041 2539 1292 2613 fuisset
1355 2544 1687 2628 tractata,
1753 2539 2114 2612 redierunt
2180 2544 2412 2611 tamen
2476 2539 2711 2612 nuntii
2776 2541 2993 2613 Ducis
3052 2539 3405 2635 Switrigal
3462 2543 3727 2634 absque
3780 2562 3940 2614 con-

845 2660 1190 2747 clusione,
1257 2660 1524 2752 treugis
1591 2641 1822 2732 tamen
1888 2660 1962 2731 in
2018 2659 2166 2731 dies
2236 2663 2391 2730 octo
2456 2659 2785 2748 firmatiS,
2856 2659 3200 2734 exercitui
3252 2661 3443 2754 regio
3497 2661 3941 2752 dispendium

844 2779 1326 2873 afferentibus:
1394 2801 1549 2852 cum
1615 2784 1893 2871 tempus
1959 2779 2256 2852 aestatis
2320 2778 2676 2852 laberetur
2730 2784 2801 2851 et
2856 2783 3215 2871 appeteret
3269 2780 3607 2853 inducens
3659 2780 3942 2871 pluvias

845 2904 1261 2988 autumnae,
1319 2921 1610 2991 quarum
1667 2897 2028 2972 molestias
2083 2903 2349 2971 certum
2406 2903 2555 2970 erat
2610 2899 2997 2972 exercitum
3052 2921 3191 2972 nou
3244 2900 3731 2972 toleraturum.

892 3252 1150 3324 Rathuo
1195 3253 1480 3324 castrum
1509 3251 1728 3341 rogale
1773 3250 2083 3340 proditur.
2128 3251 2349 3324 Hostis
2393 3251 2461 3322 in
2506 3255 2686 3324 terra
2730 3251 3091 3323 cholmenzi
3134 3252 3508 3342 grassatus,
3556 3268 3595 3322 a
3644 3250 3903 3324 Polonis

1569 3371 1854 3460 rugatur.
1900 3371 2064 3442 Luos
2110 3388 2413 3460 equorum
2455 3370 2524 3442 iu
2570 3371 2865 3442 exercitu
2893 3370 3213 3443 Polonico.

1060 3619 1244 3688 Dum
1299 3618 1470 3688 haec
1507 3621 1910 3707 agerentur,
1969 3621 2273 3688 castrum
2312 3618 2546 3708 regale
2584 3617 2898 3704 Rathno‚
2959 3611 3141 3708 quod
3178 3615 3484 3689 Hriczko
3538 3618 3937 3710 Kyerdeyo-

853 3737 1017 3810 wicz
1046 3736 1134 3825 ⁸),
1201 3756 1358 3808 cum
1423 3736 1614 3827 Rege
1678 3735 1752 3807 in
1817 3735 2128 3808 exercitu
2194 3736 2657 3826 personaliter
2720 3757 2965 3828 agens,
3033 3735 3347 3823 tenebat,
3415 3757 3457 3808 a
3509 3737 3811 3828 propriis
3876 3742 3945 3811 et

853 3856 1254 3930 domesticis
1311 3860 1540 3945 (erant
1597 3855 1780 3928 enim
1837 3856 1978 3927 fere
2035 3877 2270 3930 omnes
2326 3856 2672 3943 Rutheni)
2730 3856 3051 3927 hostibus
3106 3854 3462 3946 proditum
3510 3860 3579 3929 et
3616 3861 3943 3929 exustum

855 3981 984 4049 est.
1042 3977 1302 4048 Hostes
1358 3996 1630 4066 quoque
1697 3975 2039 4047 facilitate
2104 3976 2261 4066 ipsa
2324 3975 2647 4063 animati,
2715 3975 2787 4047 in
2844 3981 3095 4048 terram
3162 3975 3641 4049 Chelmeusem
3696 3976 3945 4067 spoliis

855 4101 926 4169 et
978 4097 1140 4188 igne
1196 4095 1463 4167 saevire
1499 4101 1900 4186 coeperant3
1959 4095 2078 4168 sed
2117 4095 2413 4187 Czyolek
2447 4095 2865 4188 burgrabius
2923 4095 3389 4184 ChelmensiS,
3429 4095 3554 4167 vix
3590 4117 3747 4168 cum
3786 4116 3944 4169 cen-

855 4220 1007 4287 tum
1061 4215 1354 4307 triginta
1404 4215 1722 4305 personis
1777 4216 2156 4303 adunatuS,
2231 4218 2469 4288 hostes
2534 4236 2813 4288 securos
2876 4221 2947 4286 et
3000 4215 3180 4286 nihil
3233 4214 3657 4287 hostilitatis
3712 4215 3945 4308 suspi-

858 4339 1082 4422 catoS,
1156 4334 1534 4425 improvise
1605 4334 1926 4423 invasit,
1977 4340 2047 4408 et
2101 4335 2269 4407 adeo
2325 4334 2399 4406 iu
2452 4337 2853 4426 pavefactos
2918 4339 2987 4406 et
3044 4335 3517 4408 somnolentos
3578 4340 3948 4426 grassatus

858 4459 996 4544 est,
1051 4459 1134 4525 ut
1189 4474 1458 4525 omnem
1516 4453 2072 4542 multitudinem,
2139 4453 2383 4545 paucis
2448 4455 2613 4546 fuga
2676 4453 2971 4544 elapsis,
3040 4458 3163 4525 aut
3218 4453 3593 4542 occideret,
3654 4460 3781 4526 aut
3834 4475 3945 4528 ca·

854 4574 1188 4667 ptivaret.
1245 4573 1552 4646 Tricenti
1607 4572 1802 4645 clade
1857 4573 2099 4660 occisi,
2168 4573 2631 4664 quadraginta
2695 4573 2883 4665 capti
2912 4573 3000 4662 ⁰).
3058 4574 3173 4647 Ita
3227 4574 3545 4647 vindicta
3594 4595 3723 4666 pro
3778 4595 3947 4647 exu-

858 4695 1084 4768 stione
1137 4693 1354 4767 castri
1408 4693 1689 4766 Rathno
1745 4692 2014 4765 reddita
2053 4693 2141 4781 ¹⁰)
2198 4698 2268 4764 et
2322 4692 2627 4763 vastatio
2668 4697 2893 4764 terrae
2932 4693 3362 4767 Chelmensis
3416 4694 3743 4766 inhibita.
3804 4695 3951 4767 Sub

857 4815 1093 4888 eodem
1147 4813 1436 4904 insuper
1475 4817 1810 4904 tempore,
1851 4816 2152 4903 quatuor
2186 4812 2478 4884 barones
2516 4811 2883 4901 Poloniae,
2930 4812 3185 4884 Petrus
3224 4813 3751 4905 Schaffranyecz
3790 4834 3947 4886 suc-

1072 5120 1120 5199 ¹)
1165 5121 1418 5181 Sanctae
1461 5121 1684 5181 Mariae
1727 5119 1992 5196 Virginis
2041 5114 2193 5182 Cod.
2236 5117 2429 5180 Rozr.
2480 5114 2533 5201 ²)
2580 5123 2837 5179 castrum
2880 5118 3134 5206 Luczko'
3169 5114 3321 5180 0001.
3366 5116 3559 5180 Rozr.
3608 5117 3665 5198 ³)
3696 5119 3955 5180 Szlauka

859 5225 935 5283 de
977 5222 1266 5299 Lapszow
1309 5219 1437 5283 Ed.
1485 5219 1665 5305 Lips.
1728 5220 1781 5300 ⁴)
1827 5223 1954 5282 eius
2021 5217 2172 5284 Cod.
2240 5219 2430 5285 Rozr.
2496 5217 2547 5298 ⁵)
2598 5221 2856 5282 Szlanka
2914 5217 3041 5281 Ed.
3089 5216 3270 5303 Lips.
3334 5219 3387 5298 ⁶)
3434 5221 3687 5282 Sanctae
3730 5223 3953 5282 Mariae

859 5324 1123 5401 Virginis
1171 5319 1324 5387 cod.
1370 5323 1560 5386 Rozr.
1613 5323 1664 5405 ⁷)
1711 5324 2010 5387 Oleschko
2055 5331 2116 5386 et
2156 5327 2359 5385 Vaszil
2398 5321 2525 5386 Ed.
2559 5321 2740 5407 Lips.
2776 5323 2829 5404 8)
2858 5324 3264 5385 Kerdeiowicz
3300 5319 3450 5386 Cod.
3480 5321 3677 5385 Rozr.
3712 5323 3769 5404 ⁹)
3799 5327 3953 5402 capti

863 5432 1017 5488 sunt.
1066 5423 1218 5490 Cod.
1267 5425 1457 5490 Rozr.
1514 5425 1590 5509 ¹⁰)
1639 5429 1874 5490 reddita
1915 5435 2008 5490 est
2055 5425 2207 5491 Cod.
2255 5425 2446 5490 Rozr.
