<?xml version="1.0" encoding="UTF-8"?>
<!DOCTYPE html PUBLIC "-//W3C//DTD XHTML 1.0 Transitional//EN"
    "http://www.w3.org/TR/xhtml1/DTD/xhtml1-transitional.dtd">
<html xmlns="http://www.w3.org/1999/xhtml" xml:lang="en" lang="en">
 <head>
  <title>
</title>
<meta http-equiv="Content-Type" content="text/html;charset=utf-8" />
  <meta name='ocr-system' content='tesseract 3.04.00' />
  <meta name='ocr-capabilities' content='ocr_page ocr_carea ocr_par ocr_line ocrx_word'/>
</head>
<body>
  <div class='ocr_page' id='page_1' title='image "./dzieawszystkie00unkngoog_0440.png"; bbox 0 0 4342 6384; ppageno 0'>
   <div class='ocr_carea' id='block_1_1' title="bbox 357 576 3447 681">
    <p class='ocr_par' dir='ltr' id='par_1_1' title="bbox 357 576 3447 681">
     <span class='ocr_line' id='line_1_1' title="bbox 357 576 3447 681; baseline -0.003 -26"><span class='ocrx_word' id='word_1_1' title='bbox 357 577 493 681; x_wconf 72' lang='lat' dir='ltr'>(A.</span> <span class='ocrx_word' id='word_1_2' title='bbox 531 580 624 654; x_wconf 87' lang='lat' dir='ltr'>D.</span> <span class='ocrx_word' id='word_1_3' title='bbox 661 578 915 680; x_wconf 76' lang='lat'><strong>1430.)</strong></span> <span class='ocrx_word' id='word_1_4' title='bbox 1519 602 1750 655; x_wconf 61' lang='lat'>12131212</span> <span class='ocrx_word' id='word_1_5' title='bbox 1801 600 2263 655; x_wconf 68' lang='lat' dir='ltr'>macnus.</span> <span class='ocrx_word' id='word_1_6' title='bbox 3295 576 3447 672; x_wconf 67' lang='lat'>429</span> 
     </span>
    </p>
   </div>
   <div class='ocr_carea' id='block_1_2' title="bbox 328 783 3463 5171">
    <p class='ocr_par' dir='ltr' id='par_1_2' title="bbox 328 783 3463 5171">
     <span class='ocr_line' id='line_1_2' title="bbox 328 783 3448 880; baseline 0.001 -27"><span class='ocrx_word' id='word_1_7' title='bbox 328 786 784 875; x_wconf 72' lang='lat' dir='ltr'>,„dotinetur.</span> <span class='ocrx_word' id='word_1_8' title='bbox 851 786 1040 878; x_wconf 87' lang='lat' dir='ltr'>Quae</span> <span class='ocrx_word' id='word_1_9' title='bbox 1109 785 1388 859; x_wconf 81' lang='lat' dir='ltr'>novitas</span> <span class='ocrx_word' id='word_1_10' title='bbox 1461 789 1810 859; x_wconf 84' lang='lat' dir='ltr'>attentata</span> <span class='ocrx_word' id='word_1_11' title='bbox 1862 789 2102 858; x_wconf 84' lang='lat' dir='ltr'>contra</span> <span class='ocrx_word' id='word_1_12' title='bbox 2167 787 2444 857; x_wconf 84' lang='lat' dir='ltr'>tantum</span> <span class='ocrx_word' id='word_1_13' title='bbox 2506 786 2769 880; x_wconf 80' lang='lat' dir='ltr'>Regem</span> <span class='ocrx_word' id='word_1_14' title='bbox 2840 784 3170 878; x_wconf 85' lang='lat' dir='ltr'>displicet</span> <span class='ocrx_word' id='word_1_15' title='bbox 3240 783 3448 857; x_wconf 88' lang='lat' dir='ltr'>nobis</span> 
     </span>
     <span class='ocr_line' id='line_1_3' title="bbox 367 904 3448 997; baseline -0.001 -20"><span class='ocrx_word' id='word_1_16' title='bbox 367 906 820 997; x_wconf 88' lang='lat' dir='ltr'>„plurimum,</span> <span class='ocrx_word' id='word_1_17' title='bbox 877 910 948 979; x_wconf 91' lang='lat' dir='ltr'>et</span> <span class='ocrx_word' id='word_1_18' title='bbox 1001 904 1212 978; x_wconf 80' lang='lat' dir='ltr'>etiam</span> <span class='ocrx_word' id='word_1_19' title='bbox 1269 904 1649 979; x_wconf 73' lang='lat' dir='ltr'><strong>Serenitati</strong></span> <span class='ocrx_word' id='word_1_20' title='bbox 1703 909 1866 978; x_wconf 84' lang='lat' dir='ltr'>tuae</span> <span class='ocrx_word' id='word_1_21' title='bbox 1903 904 2108 977; x_wconf 89' lang='lat' dir='ltr'>debet</span> <span class='ocrx_word' id='word_1_22' title='bbox 2145 922 2299 977; x_wconf 89' lang='lat' dir='ltr'>esse</span> <span class='ocrx_word' id='word_1_23' title='bbox 2337 905 2654 978; x_wconf 88' lang='lat' dir='ltr'>molesta.</span> <span class='ocrx_word' id='word_1_24' title='bbox 2710 904 3047 977; x_wconf 90' lang='lat' dir='ltr'>Veremur</span> <span class='ocrx_word' id='word_1_25' title='bbox 3084 904 3302 990; x_wconf 89' lang='lat' dir='ltr'>enim,</span> <span class='ocrx_word' id='word_1_26' title='bbox 3358 923 3448 975; x_wconf 91' lang='lat' dir='ltr'>ne</span> 
     </span>
     <span class='ocr_line' id='line_1_4' title="bbox 367 1022 3449 1116; baseline -0.002 -18"><span class='ocrx_word' id='word_1_27' title='bbox 367 1025 662 1115; x_wconf 87' lang='lat' dir='ltr'>„exinde</span> <span class='ocrx_word' id='word_1_28' title='bbox 719 1029 1100 1116; x_wconf 87' lang='lat' dir='ltr'>sequantur</span> <span class='ocrx_word' id='word_1_29' title='bbox 1149 1024 1494 1098; x_wconf 91' lang='lat' dir='ltr'>bellorum</span> <span class='ocrx_word' id='word_1_30' title='bbox 1549 1023 1872 1097; x_wconf 88' lang='lat' dir='ltr'>incendia</span> <span class='ocrx_word' id='word_1_31' title='bbox 1925 1043 2082 1097; x_wconf 88' lang='lat' dir='ltr'>cum</span> <span class='ocrx_word' id='word_1_32' title='bbox 2138 1027 2373 1116; x_wconf 87' lang='lat' dir='ltr'>strage</span> <span class='ocrx_word' id='word_1_33' title='bbox 2424 1024 2737 1096; x_wconf 85' lang='lat' dir='ltr'>fidelium</span> <span class='ocrx_word' id='word_1_34' title='bbox 2794 1027 2864 1098; x_wconf 90' lang='lat' dir='ltr'>et</span> <span class='ocrx_word' id='word_1_35' title='bbox 2916 1022 3253 1096; x_wconf 87' lang='lat' dir='ltr'>effusione</span> <span class='ocrx_word' id='word_1_36' title='bbox 3290 1044 3449 1095; x_wconf 87' lang='lat' dir='ltr'>san-</span> 
     </span>
     <span class='ocr_line' id='line_1_5' title="bbox 367 1142 3449 1237; baseline -0.001 -20"><span class='ocrx_word' id='word_1_37' title='bbox 367 1144 646 1237; x_wconf 81' lang='lat' dir='ltr'>„gninis</span> <span class='ocrx_word' id='word_1_38' title='bbox 699 1143 1094 1217; x_wconf 87' lang='lat' dir='ltr'>christiani.</span> <span class='ocrx_word' id='word_1_39' title='bbox 1149 1144 1570 1217; x_wconf 84' lang='lat' dir='ltr'>Dubitamus</span> <span class='ocrx_word' id='word_1_40' title='bbox 1625 1144 1868 1231; x_wconf 88' lang='lat' dir='ltr'>etiam,</span> <span class='ocrx_word' id='word_1_41' title='bbox 1925 1164 2014 1216; x_wconf 90' lang='lat' dir='ltr'>ne</span> <span class='ocrx_word' id='word_1_42' title='bbox 2068 1142 2363 1215; x_wconf 85' lang='lat' dir='ltr'>Bohemi</span> <span class='ocrx_word' id='word_1_43' title='bbox 2414 1142 2752 1217; x_wconf 85' lang='lat' dir='ltr'>haeretici</span> <span class='ocrx_word' id='word_1_44' title='bbox 2788 1144 2961 1215; x_wconf 87' lang='lat' dir='ltr'>fiant</span> <span class='ocrx_word' id='word_1_45' title='bbox 2994 1142 3069 1215; x_wconf 90' lang='lat' dir='ltr'>in</span> <span class='ocrx_word' id='word_1_46' title='bbox 3106 1146 3307 1215; x_wconf 87' lang='lat' dir='ltr'>tanta</span> <span class='ocrx_word' id='word_1_47' title='bbox 3340 1162 3449 1215; x_wconf 91' lang='lat' dir='ltr'>re·</span> 
     </span>
     <span class='ocr_line' id='line_1_6' title="bbox 369 1261 3450 1355; baseline -0.001 -19"><span class='ocrx_word' id='word_1_48' title='bbox 369 1284 566 1351; x_wconf 90' lang='lat' dir='ltr'>„rum</span> <span class='ocrx_word' id='word_1_49' title='bbox 619 1262 1144 1355; x_wconf 78' lang='lat' dir='ltr'>perturbatione</span> <span class='ocrx_word' id='word_1_50' title='bbox 1197 1262 1576 1336; x_wconf 79' lang='lat' dir='ltr'>validiores</span> <span class='ocrx_word' id='word_1_51' title='bbox 1633 1268 1703 1335; x_wconf 89' lang='lat' dir='ltr'>et</span> <span class='ocrx_word' id='word_1_52' title='bbox 1756 1262 2140 1354; x_wconf 77' lang='lat' dir='ltr'>paratiores</span> <span class='ocrx_word' id='word_1_53' title='bbox 2199 1264 2285 1335; x_wconf 93' lang='lat' dir='ltr'>ad</span> <span class='ocrx_word' id='word_1_54' title='bbox 2340 1262 2749 1335; x_wconf 89' lang='lat' dir='ltr'>nocendum.</span> <span class='ocrx_word' id='word_1_55' title='bbox 2820 1261 3047 1352; x_wconf 88' lang='lat' dir='ltr'>Quare</span> <span class='ocrx_word' id='word_1_56' title='bbox 3102 1262 3450 1335; x_wconf 81' lang='lat' dir='ltr'>excellen-</span> 
     </span>
     <span class='ocr_line' id='line_1_7' title="bbox 368 1379 3451 1475; baseline -0.002 -19"><span class='ocrx_word' id='word_1_57' title='bbox 368 1382 584 1472; x_wconf 85' lang='lat' dir='ltr'>„tiam</span> <span class='ocrx_word' id='word_1_58' title='bbox 637 1387 832 1455; x_wconf 88' lang='lat' dir='ltr'>tuam</span> <span class='ocrx_word' id='word_1_59' title='bbox 885 1402 1242 1475; x_wconf 84' lang='lat' dir='ltr'>rogamus,</span> <span class='ocrx_word' id='word_1_60' title='bbox 1298 1386 1381 1454; x_wconf 90' lang='lat' dir='ltr'>ut</span> <span class='ocrx_word' id='word_1_61' title='bbox 1433 1382 1914 1472; x_wconf 78' lang='lat' dir='ltr'>considerans,</span> <span class='ocrx_word' id='word_1_62' title='bbox 1983 1386 2247 1474; x_wconf 87' lang='lat' dir='ltr'>quanta</span> <span class='ocrx_word' id='word_1_63' title='bbox 2309 1382 2622 1474; x_wconf 88' lang='lat' dir='ltr'>pericula</span> <span class='ocrx_word' id='word_1_64' title='bbox 2674 1386 2747 1454; x_wconf 89' lang='lat' dir='ltr'>et</span> <span class='ocrx_word' id='word_1_65' title='bbox 2798 1381 3215 1454; x_wconf 86' lang='lat' dir='ltr'>detrimenta</span> <span class='ocrx_word' id='word_1_66' title='bbox 3272 1379 3451 1453; x_wconf 88' lang='lat' dir='ltr'>acci-</span> 
     </span>
     <span class='ocr_line' id='line_1_8' title="bbox 367 1499 3451 1594; baseline 0 -22"><span class='ocrx_word' id='word_1_67' title='bbox 367 1501 570 1589; x_wconf 90' lang='lat' dir='ltr'>„dere</span> <span class='ocrx_word' id='word_1_68' title='bbox 623 1506 922 1591; x_wconf 88' lang='lat' dir='ltr'>possunt</span> <span class='ocrx_word' id='word_1_69' title='bbox 975 1502 1049 1574; x_wconf 91' lang='lat' dir='ltr'>in</span> <span class='ocrx_word' id='word_1_70' title='bbox 1101 1504 1359 1594; x_wconf 88' lang='lat' dir='ltr'>populo</span> <span class='ocrx_word' id='word_1_71' title='bbox 1413 1501 1796 1574; x_wconf 86' lang='lat' dir='ltr'>christiano</span> <span class='ocrx_word' id='word_1_72' title='bbox 1835 1522 1925 1574; x_wconf 82' lang='lat' dir='ltr'>ex</span> <span class='ocrx_word' id='word_1_73' title='bbox 1959 1502 2361 1574; x_wconf 88' lang='lat' dir='ltr'>huiusmodi</span> <span class='ocrx_word' id='word_1_74' title='bbox 2412 1501 2761 1589; x_wconf 83' lang='lat' dir='ltr'>novitate,</span> <span class='ocrx_word' id='word_1_75' title='bbox 2818 1500 3085 1573; x_wconf 90' lang='lat' dir='ltr'>coneris</span> <span class='ocrx_word' id='word_1_76' title='bbox 3122 1499 3451 1573; x_wconf 77' lang='lat' dir='ltr'>reducere</span> 
     </span>
     <span class='ocr_line' id='line_1_9' title="bbox 366 1618 3442 1713; baseline -0.001 -20"><span class='ocrx_word' id='word_1_77' title='bbox 366 1620 854 1710; x_wconf 64' lang='lat' dir='ltr'>„dissidentes</span> <span class='ocrx_word' id='word_1_78' title='bbox 882 1620 970 1693; x_wconf 86' lang='lat' dir='ltr'>ad</span> <span class='ocrx_word' id='word_1_79' title='bbox 1021 1641 1292 1713; x_wconf 88' lang='lat' dir='ltr'>pacem,</span> <span class='ocrx_word' id='word_1_80' title='bbox 1349 1626 1420 1695; x_wconf 90' lang='lat' dir='ltr'>et</span> <span class='ocrx_word' id='word_1_81' title='bbox 1472 1642 1630 1694; x_wconf 90' lang='lat' dir='ltr'>cum</span> <span class='ocrx_word' id='word_1_82' title='bbox 1684 1620 1874 1694; x_wconf 90' lang='lat' dir='ltr'>omni</span> <span class='ocrx_word' id='word_1_83' title='bbox 1927 1622 2061 1694; x_wconf 87' lang='lat' dir='ltr'>fide</span> <span class='ocrx_word' id='word_1_84' title='bbox 2115 1626 2187 1693; x_wconf 90' lang='lat' dir='ltr'>et</span> <span class='ocrx_word' id='word_1_85' title='bbox 2239 1620 2532 1693; x_wconf 88' lang='lat' dir='ltr'>caritate</span> <span class='ocrx_word' id='word_1_86' title='bbox 2586 1622 2893 1693; x_wconf 87' lang='lat' dir='ltr'>fraterna</span> <span class='ocrx_word' id='word_1_87' title='bbox 2962 1618 3144 1693; x_wconf 77' lang='lat' dir='ltr'>velis</span> <span class='ocrx_word' id='word_1_88' title='bbox 3208 1618 3442 1691; x_wconf 90' lang='lat' dir='ltr'>inten-</span> 
     </span>
     <span class='ocr_line' id='line_1_10' title="bbox 369 1737 3453 1833; baseline -0.001 -21"><span class='ocrx_word' id='word_1_89' title='bbox 369 1741 574 1829; x_wconf 83' lang='lat' dir='ltr'>„dere</span> <span class='ocrx_word' id='word_1_90' title='bbox 627 1740 1030 1813; x_wconf 87' lang='lat' dir='ltr'>liberationi</span> <span class='ocrx_word' id='word_1_91' title='bbox 1082 1740 1379 1832; x_wconf 82' lang='lat' dir='ltr'>praefati</span> <span class='ocrx_word' id='word_1_92' title='bbox 1433 1739 1681 1833; x_wconf 75' lang='lat' dir='ltr'>RegiS‚</span> <span class='ocrx_word' id='word_1_93' title='bbox 1751 1760 1956 1832; x_wconf 89' lang='lat' dir='ltr'>quem</span> <span class='ocrx_word' id='word_1_94' title='bbox 2019 1759 2290 1831; x_wconf 89' lang='lat' dir='ltr'>semper</span> <span class='ocrx_word' id='word_1_95' title='bbox 2344 1740 2629 1811; x_wconf 88' lang='lat' dir='ltr'>fratrem</span> <span class='ocrx_word' id='word_1_96' title='bbox 2684 1738 3039 1830; x_wconf 87' lang='lat' dir='ltr'>appellare</span> <span class='ocrx_word' id='word_1_97' title='bbox 3092 1737 3327 1811; x_wconf 73' lang='lat' dir='ltr'>verbis</span> <span class='ocrx_word' id='word_1_98' title='bbox 3384 1741 3453 1811; x_wconf 91' lang='lat' dir='ltr'>et</span> 
     </span>
     <span class='ocr_line' id='line_1_11' title="bbox 369 1858 3451 1952; baseline -0 -22"><span class='ocrx_word' id='word_1_99' title='bbox 369 1858 644 1947; x_wconf 88' lang='lat' dir='ltr'>„literis</span> <span class='ocrx_word' id='word_1_100' title='bbox 697 1859 1147 1933; x_wconf 79' lang='lat' dir='ltr'>consuevisti.</span> <span class='ocrx_word' id='word_1_101' title='bbox 1207 1860 1342 1952; x_wconf 92' lang='lat' dir='ltr'>Qui</span> <span class='ocrx_word' id='word_1_102' title='bbox 1395 1859 1457 1931; x_wconf 89' lang='lat' dir='ltr'>si</span> <span class='ocrx_word' id='word_1_103' title='bbox 1512 1860 1724 1932; x_wconf 91' lang='lat' dir='ltr'>etiam</span> <span class='ocrx_word' id='word_1_104' title='bbox 1779 1862 1964 1932; x_wconf 88' lang='lat' dir='ltr'>esset</span> <span class='ocrx_word' id='word_1_105' title='bbox 2019 1858 2379 1947; x_wconf 76' lang='lat' dir='ltr'>inimicae,</span> <span class='ocrx_word' id='word_1_106' title='bbox 2434 1862 2720 1950; x_wconf 90' lang='lat' dir='ltr'>propter</span> <span class='ocrx_word' id='word_1_107' title='bbox 2774 1858 2995 1930; x_wconf 88' lang='lat' dir='ltr'>solam</span> <span class='ocrx_word' id='word_1_108' title='bbox 3031 1858 3293 1950; x_wconf 89' lang='lat' dir='ltr'>regalis</span> <span class='ocrx_word' id='word_1_109' title='bbox 3328 1878 3451 1931; x_wconf 90' lang='lat' dir='ltr'>no-</span> 
     </span>
     <span class='ocr_line' id='line_1_12' title="bbox 369 1956 3452 2071; baseline -0.001 -20"><span class='ocrx_word' id='word_1_110' title='bbox 369 1978 624 2067; x_wconf 85' lang='lat' dir='ltr'>„minis</span> <span class='ocrx_word' id='word_1_111' title='bbox 677 1978 1090 2071; x_wconf 87' lang='lat' dir='ltr'>dignitatem</span> <span class='ocrx_word' id='word_1_112' title='bbox 1152 1980 1284 2053; x_wconf 87' lang='lat' dir='ltr'>hoc</span> <span class='ocrx_word' id='word_1_113' title='bbox 1337 1978 1412 2052; x_wconf 91' lang='lat' dir='ltr'>in</span> <span class='ocrx_word' id='word_1_114' title='bbox 1465 2000 1630 2051; x_wconf 88' lang='lat' dir='ltr'>casu</span> <span class='ocrx_word' id='word_1_115' title='bbox 1683 1978 2030 2051; x_wconf 85' lang='lat' dir='ltr'>iuvandus</span> <span class='ocrx_word' id='word_1_116' title='bbox 2087 1981 2275 2051; x_wconf 89' lang='lat' dir='ltr'>esset</span> <span class='ocrx_word' id='word_1_117' title='bbox 2318 1999 2360 2050; x_wconf 89' lang='lat' dir='ltr'>a</span> <span class='ocrx_word' id='word_1_118' title='bbox 2396 1982 2499 2065; x_wconf 88' lang='lat' dir='ltr'>te,</span> <span class='ocrx_word' id='word_1_119' title='bbox 2560 1977 2792 2068; x_wconf 89' lang='lat' dir='ltr'>quies</span> <span class='ocrx_word' id='word_1_120' title='bbox 2830 1956 3452 2070; x_wconf 73' lang='lat' dir='ltr'>omnium&#39;Regum</span> 
     </span>
     <span class='ocr_line' id='line_1_13' title="bbox 371 2096 3456 2190; baseline -0 -20"><span class='ocrx_word' id='word_1_121' title='bbox 371 2099 714 2190; x_wconf 87' lang='lat' dir='ltr'>„primns,</span> <span class='ocrx_word' id='word_1_122' title='bbox 769 2119 896 2172; x_wconf 92' lang='lat' dir='ltr'>nec</span> <span class='ocrx_word' id='word_1_123' title='bbox 945 2098 1098 2190; x_wconf 86' lang='lat' dir='ltr'>pati</span> <span class='ocrx_word' id='word_1_124' title='bbox 1151 2098 1392 2188; x_wconf 73' lang='lat' dir='ltr'>debeS,</span> <span class='ocrx_word' id='word_1_125' title='bbox 1447 2103 1529 2170; x_wconf 96' lang='grc' dir='ltr'>ιιι</span> <span class='ocrx_word' id='word_1_126' title='bbox 1583 2098 1943 2171; x_wconf 85' lang='lat' dir='ltr'>inferiores</span> <span class='ocrx_word' id='word_1_127' title='bbox 1999 2097 2299 2171; x_wconf 89' lang='lat' dir='ltr'>audeant</span> <span class='ocrx_word' id='word_1_128' title='bbox 2352 2096 2641 2171; x_wconf 90' lang='lat' dir='ltr'>iniicere</span> <span class='ocrx_word' id='word_1_129' title='bbox 2696 2097 3043 2170; x_wconf 85' lang='lat' dir='ltr'>violentas</span> <span class='ocrx_word' id='word_1_130' title='bbox 3098 2116 3345 2170; x_wconf 89' lang='lat' dir='ltr'>manus</span> <span class='ocrx_word' id='word_1_131' title='bbox 3381 2096 3456 2169; x_wconf 92' lang='lat' dir='ltr'>in</span> 
     </span>
     <span class='ocr_line' id='line_1_14' title="bbox 369 2216 3451 2311; baseline -0.001 -19"><span class='ocrx_word' id='word_1_132' title='bbox 369 2220 675 2310; x_wconf 88' lang='lat' dir='ltr'>„Reges,</span> <span class='ocrx_word' id='word_1_133' title='bbox 733 2239 1026 2311; x_wconf 79' lang='lat' dir='ltr'>quorum</span> <span class='ocrx_word' id='word_1_134' title='bbox 1081 2218 1390 2311; x_wconf 82' lang='lat' dir='ltr'>dignitas</span> <span class='ocrx_word' id='word_1_135' title='bbox 1451 2223 1648 2290; x_wconf 87' lang='lat' dir='ltr'>tanta</span> <span class='ocrx_word' id='word_1_136' title='bbox 1701 2222 1842 2305; x_wconf 88' lang='lat' dir='ltr'>est,</span> <span class='ocrx_word' id='word_1_137' title='bbox 1898 2221 1978 2289; x_wconf 93' lang='lat' dir='ltr'>ut</span> <span class='ocrx_word' id='word_1_138' title='bbox 2033 2238 2183 2290; x_wconf 90' lang='lat' dir='ltr'>eam</span> <span class='ocrx_word' id='word_1_139' title='bbox 2237 2217 2503 2291; x_wconf 80' lang='lat' dir='ltr'>violare</span> <span class='ocrx_word' id='word_1_140' title='bbox 2538 2216 2907 2311; x_wconf 87' lang='lat' dir='ltr'>sacrilegio</span> <span class='ocrx_word' id='word_1_141' title='bbox 2946 2216 3177 2291; x_wconf 89' lang='lat' dir='ltr'>simile</span> <span class='ocrx_word' id='word_1_142' title='bbox 3214 2217 3451 2291; x_wconf 77' lang='lat' dir='ltr'>videa·</span> 
     </span>
     <span class='ocr_line' id='line_1_15' title="bbox 370 2336 3448 2431; baseline -0.001 -23"><span class='ocrx_word' id='word_1_143' title='bbox 370 2342 552 2427; x_wconf 87' lang='lat' dir='ltr'>„tur.</span> <span class='ocrx_word' id='word_1_144' title='bbox 609 2338 837 2411; x_wconf 86' lang='lat' dir='ltr'>Multa</span> <span class='ocrx_word' id='word_1_145' title='bbox 888 2338 1024 2411; x_wconf 91' lang='lat' dir='ltr'>tibi</span> <span class='ocrx_word' id='word_1_146' title='bbox 1059 2358 1423 2430; x_wconf 89' lang='lat' dir='ltr'>possemus</span> <span class='ocrx_word' id='word_1_147' title='bbox 1462 2339 1625 2410; x_wconf 86' lang='lat' dir='ltr'>dare</span> <span class='ocrx_word' id='word_1_148' title='bbox 1662 2338 1984 2431; x_wconf 87' lang='lat' dir='ltr'>exempla</span> <span class='ocrx_word' id='word_1_149' title='bbox 2021 2338 2490 2410; x_wconf 88' lang='lat' dir='ltr'>Romanorum</span> <span class='ocrx_word' id='word_1_150' title='bbox 2528 2337 3069 2428; x_wconf 84' lang='lat' dir='ltr'>Imperatorum,</span> <span class='ocrx_word' id='word_1_151' title='bbox 3130 2336 3250 2428; x_wconf 89' lang='lat' dir='ltr'>qui</span> <span class='ocrx_word' id='word_1_152' title='bbox 3289 2356 3448 2408; x_wconf 91' lang='lat' dir='ltr'>con-</span> 
     </span>
     <span class='ocr_line' id='line_1_16' title="bbox 371 2456 3451 2551; baseline -0.001 -22"><span class='ocrx_word' id='word_1_153' title='bbox 371 2463 787 2545; x_wconf 85' lang='lat' dir='ltr'>„servarunt</span> <span class='ocrx_word' id='word_1_154' title='bbox 839 2458 1068 2551; x_wconf 84' lang='lat' dir='ltr'>Reges</span> <span class='ocrx_word' id='word_1_155' title='bbox 1123 2458 1198 2529; x_wconf 93' lang='lat' dir='ltr'>in</span> <span class='ocrx_word' id='word_1_156' title='bbox 1251 2457 1516 2551; x_wconf 88' lang='lat' dir='ltr'>Regnis</span> <span class='ocrx_word' id='word_1_157' title='bbox 1573 2458 1757 2547; x_wconf 78' lang='lat' dir='ltr'>suiS,</span> <span class='ocrx_word' id='word_1_158' title='bbox 1814 2478 1973 2530; x_wconf 87' lang='lat' dir='ltr'>cum</span> <span class='ocrx_word' id='word_1_159' title='bbox 2025 2461 2316 2549; x_wconf 86' lang='lat' dir='ltr'>possent</span> <span class='ocrx_word' id='word_1_160' title='bbox 2368 2458 2499 2529; x_wconf 89' lang='lat' dir='ltr'>illa</span> <span class='ocrx_word' id='word_1_161' title='bbox 2549 2458 2978 2549; x_wconf 88' lang='lat' dir='ltr'>praeripere,</span> <span class='ocrx_word' id='word_1_162' title='bbox 3038 2462 3109 2530; x_wconf 89' lang='lat' dir='ltr'>et</span> <span class='ocrx_word' id='word_1_163' title='bbox 3163 2457 3248 2529; x_wconf 86' lang='lat' dir='ltr'>ab</span> <span class='ocrx_word' id='word_1_164' title='bbox 3287 2456 3451 2528; x_wconf 89' lang='lat' dir='ltr'>aliis</span> 
     </span>
     <span class='ocr_line' id='line_1_17' title="bbox 374 2556 3453 2669; baseline 0 -22"><span class='ocrx_word' id='word_1_165' title='bbox 374 2578 762 2666; x_wconf 78' lang='lat' dir='ltr'>„violenter</span> <span class='ocrx_word' id='word_1_166' title='bbox 815 2578 1071 2651; x_wconf 91' lang='lat' dir='ltr'>eiectos</span> <span class='ocrx_word' id='word_1_167' title='bbox 1127 2577 1201 2650; x_wconf 92' lang='lat' dir='ltr'>in</span> <span class='ocrx_word' id='word_1_168' title='bbox 1253 2578 1498 2669; x_wconf 87' lang='lat' dir='ltr'>Regna</span> <span class='ocrx_word' id='word_1_169' title='bbox 1549 2578 2012 2666; x_wconf 87' lang='lat' dir='ltr'>reduxerunt,</span> <span class='ocrx_word' id='word_1_170' title='bbox 2069 2556 2140 2650; x_wconf 88' lang='lat' dir='ltr'>et</span> <span class='ocrx_word' id='word_1_171' title='bbox 2194 2577 2431 2649; x_wconf 88' lang='lat' dir='ltr'>ablata</span> <span class='ocrx_word' id='word_1_172' title='bbox 2484 2574 2695 2649; x_wconf 79' lang='lat' dir='ltr'>victis</span> <span class='ocrx_word' id='word_1_173' title='bbox 2734 2582 2804 2649; x_wconf 90' lang='lat' dir='ltr'>et</span> <span class='ocrx_word' id='word_1_174' title='bbox 2843 2576 3193 2668; x_wconf 89' lang='lat' dir='ltr'>superatis</span> <span class='ocrx_word' id='word_1_175' title='bbox 3242 2574 3453 2667; x_wconf 86' lang='lat' dir='ltr'>Regi-</span> 
     </span>
     <span class='ocr_line' id='line_1_18' title="bbox 373 2694 3450 2789; baseline -0.001 -20"><span class='ocrx_word' id='word_1_176' title='bbox 373 2697 547 2786; x_wconf 88' lang='lat' dir='ltr'>„bus</span> <span class='ocrx_word' id='word_1_177' title='bbox 586 2696 1070 2785; x_wconf 89' lang='lat' dir='ltr'>reddiderunt,</span> <span class='ocrx_word' id='word_1_178' title='bbox 1124 2696 1502 2788; x_wconf 87' lang='lat' dir='ltr'>gloriosius</span> <span class='ocrx_word' id='word_1_179' title='bbox 1551 2696 2076 2785; x_wconf 83' lang='lat' dir='ltr'>existimantes,</span> <span class='ocrx_word' id='word_1_180' title='bbox 2133 2697 2363 2789; x_wconf 84' lang='lat' dir='ltr'>Reges</span> <span class='ocrx_word' id='word_1_181' title='bbox 2415 2694 2821 2783; x_wconf 89' lang='lat' dir='ltr'>restituere,</span> <span class='ocrx_word' id='word_1_182' title='bbox 2880 2716 3087 2787; x_wconf 88' lang='lat' dir='ltr'>quam</span> <span class='ocrx_word' id='word_1_183' title='bbox 3142 2695 3450 2767; x_wconf 84' lang='lat' dir='ltr'>vincere:</span> 
     </span>
     <span class='ocr_line' id='line_1_19' title="bbox 372 2813 3452 2910; baseline -0.001 -23"><span class='ocrx_word' id='word_1_184' title='bbox 372 2821 495 2905; x_wconf 88' lang='lat' dir='ltr'>„ut</span> <span class='ocrx_word' id='word_1_185' title='bbox 547 2815 944 2910; x_wconf 76' lang='lat' dir='ltr'>intelligas„</span> <span class='ocrx_word' id='word_1_186' title='bbox 1003 2816 1184 2907; x_wconf 91' lang='lat' dir='ltr'>quod</span> <span class='ocrx_word' id='word_1_187' title='bbox 1223 2837 1264 2887; x_wconf 88' lang='lat' dir='ltr'>a</span> <span class='ocrx_word' id='word_1_188' title='bbox 1299 2820 1426 2887; x_wconf 91' lang='lat' dir='ltr'>tua</span> <span class='ocrx_word' id='word_1_189' title='bbox 1461 2816 1912 2889; x_wconf 87' lang='lat' dir='ltr'>Sublimitate</span> <span class='ocrx_word' id='word_1_190' title='bbox 1965 2815 2423 2907; x_wconf 85' lang='lat' dir='ltr'>requirimus,</span> <span class='ocrx_word' id='word_1_191' title='bbox 2479 2815 2565 2888; x_wconf 90' lang='lat' dir='ltr'>de</span> <span class='ocrx_word' id='word_1_192' title='bbox 2602 2813 3015 2889; x_wconf 82' lang='lat' dir='ltr'>liberatione</span> <span class='ocrx_word' id='word_1_193' title='bbox 3062 2814 3279 2907; x_wconf 90' lang='lat' dir='ltr'>Regis</span> <span class='ocrx_word' id='word_1_194' title='bbox 3316 2815 3452 2885; x_wconf 88' lang='lat' dir='ltr'>fra-</span> 
     </span>
     <span class='ocr_line' id='line_1_20' title="bbox 373 2932 3448 3028; baseline -0.001 -20"><span class='ocrx_word' id='word_1_195' title='bbox 373 2935 547 3025; x_wconf 87' lang='lat' dir='ltr'>„tris</span> <span class='ocrx_word' id='word_1_196' title='bbox 602 2935 710 3009; x_wconf 85' lang='lat' dir='ltr'>tui</span> <span class='ocrx_word' id='word_1_197' title='bbox 773 2935 1129 3008; x_wconf 88' lang='lat' dir='ltr'>laudabile</span> <span class='ocrx_word' id='word_1_198' title='bbox 1183 2934 1492 3008; x_wconf 86' lang='lat' dir='ltr'>officium</span> <span class='ocrx_word' id='word_1_199' title='bbox 1558 2936 2014 3028; x_wconf 88' lang='lat' dir='ltr'>Imperatoris</span> <span class='ocrx_word' id='word_1_200' title='bbox 2089 2956 2243 3009; x_wconf 86' lang='lat' dir='ltr'>esse</span> <span class='ocrx_word' id='word_1_201' title='bbox 2317 2934 2639 3008; x_wconf 87' lang='lat' dir='ltr'>Romani.</span> <span class='ocrx_word' id='word_1_202' title='bbox 2715 2933 2981 3026; x_wconf 81' lang='lat' dir='ltr'>Quodsi</span> <span class='ocrx_word' id='word_1_203' title='bbox 3033 2934 3203 3007; x_wconf 89' lang='lat' dir='ltr'>huic</span> <span class='ocrx_word' id='word_1_204' title='bbox 3252 2932 3356 3006; x_wconf 91' lang='lat' dir='ltr'>rei</span> <span class='ocrx_word' id='word_1_205' title='bbox 3393 2935 3448 3023; x_wconf 87' lang='lat'>¹)</span> 
     </span>
     <span class='ocr_line' id='line_1_21' title="bbox 371 3048 3457 3148; baseline -0.002 -19"><span class='ocrx_word' id='word_1_206' title='bbox 371 3074 572 3143; x_wconf 82' lang='lat' dir='ltr'>„eum</span> <span class='ocrx_word' id='word_1_207' title='bbox 629 3059 891 3146; x_wconf 87' lang='lat' dir='ltr'>quanta</span> <span class='ocrx_word' id='word_1_208' title='bbox 952 3048 1214 3146; x_wconf 88' lang='lat' dir='ltr'>poteris</span> <span class='ocrx_word' id='word_1_209' title='bbox 1276 3054 1648 3147; x_wconf 86' lang='lat' dir='ltr'>diligentia</span> <span class='ocrx_word' id='word_1_210' title='bbox 1703 3059 1776 3127; x_wconf 87' lang='lat' dir='ltr'>et</span> <span class='ocrx_word' id='word_1_211' title='bbox 1826 3056 1961 3129; x_wconf 85' lang='lat' dir='ltr'>fide</span> <span class='ocrx_word' id='word_1_212' title='bbox 2024 3054 2496 3148; x_wconf 87' lang='lat' dir='ltr'>praestiteris,</span> <span class='ocrx_word' id='word_1_213' title='bbox 2562 3052 2909 3146; x_wconf 87' lang='lat' dir='ltr'>obligabis</span> <span class='ocrx_word' id='word_1_214' title='bbox 2972 3074 3129 3127; x_wconf 89' lang='lat' dir='ltr'>eum</span> <span class='ocrx_word' id='word_1_215' title='bbox 3197 3052 3329 3125; x_wconf 90' lang='lat' dir='ltr'>tibi</span> <span class='ocrx_word' id='word_1_216' title='bbox 3387 3057 3457 3125; x_wconf 91' lang='lat' dir='ltr'>et</span> 
     </span>
     <span class='ocr_line' id='line_1_22' title="bbox 373 3171 3451 3267; baseline -0.001 -22"><span class='ocrx_word' id='word_1_217' title='bbox 373 3192 572 3261; x_wconf 88' lang='lat' dir='ltr'>„cum</span> <span class='ocrx_word' id='word_1_218' title='bbox 625 3172 778 3264; x_wconf 87' lang='lat' dir='ltr'>ipso</span> <span class='ocrx_word' id='word_1_219' title='bbox 833 3171 1212 3246; x_wconf 78' lang='lat' dir='ltr'>amicitiam</span> <span class='ocrx_word' id='word_1_220' title='bbox 1266 3178 1674 3266; x_wconf 87' lang='lat' dir='ltr'>perpetuam</span> <span class='ocrx_word' id='word_1_221' title='bbox 1729 3174 2198 3247; x_wconf 86' lang='lat' dir='ltr'>confirmabis.</span> <span class='ocrx_word' id='word_1_222' title='bbox 2258 3173 2517 3267; x_wconf 78' lang='lat' dir='ltr'>Quanti</span> <span class='ocrx_word' id='word_1_223' title='bbox 2572 3173 2757 3247; x_wconf 91' lang='lat' dir='ltr'>enim</span> <span class='ocrx_word' id='word_1_224' title='bbox 2796 3173 3005 3246; x_wconf 75' lang='lat' dir='ltr'>faciet</span> <span class='ocrx_word' id='word_1_225' title='bbox 3038 3172 3451 3246; x_wconf 86' lang='lat' dir='ltr'>beneficium</span> 
     </span>
     <span class='ocr_line' id='line_1_23' title="bbox 373 3291 3446 3384; baseline 0 -21"><span class='ocrx_word' id='word_1_226' title='bbox 373 3291 852 3381; x_wconf 86' lang='lat' dir='ltr'>„liberationis</span> <span class='ocrx_word' id='word_1_227' title='bbox 909 3312 1109 3381; x_wconf 86' lang='lat' dir='ltr'>suae,</span> <span class='ocrx_word' id='word_1_228' title='bbox 1165 3292 1228 3365; x_wconf 90' lang='lat' dir='ltr'>si</span> <span class='ocrx_word' id='word_1_229' title='bbox 1283 3293 1466 3365; x_wconf 90' lang='lat' dir='ltr'>illud</span> <span class='ocrx_word' id='word_1_230' title='bbox 1519 3298 1644 3365; x_wconf 87' lang='lat' dir='ltr'>tua</span> <span class='ocrx_word' id='word_1_231' title='bbox 1697 3292 2194 3367; x_wconf 87' lang='lat' dir='ltr'>intercessione</span> <span class='ocrx_word' id='word_1_232' title='bbox 2248 3291 2620 3384; x_wconf 86' lang='lat' dir='ltr'>receperit,</span> <span class='ocrx_word' id='word_1_233' title='bbox 2678 3296 2755 3365; x_wconf 89' lang='lat' dir='ltr'>tu</span> <span class='ocrx_word' id='word_1_234' title='bbox 2802 3295 3001 3384; x_wconf 88' lang='lat' dir='ltr'>potes</span> <span class='ocrx_word' id='word_1_235' title='bbox 3040 3292 3301 3383; x_wconf 89' lang='lat' dir='ltr'>optime</span> <span class='ocrx_word' id='word_1_236' title='bbox 3338 3292 3446 3364; x_wconf 89' lang='lat' dir='ltr'>iu-</span> 
     </span>
     <span class='ocr_line' id='line_1_24' title="bbox 374 3411 3455 3504; baseline 0.001 -22"><span class='ocrx_word' id='word_1_237' title='bbox 374 3412 676 3500; x_wconf 86' lang='lat' dir='ltr'>„dicare,</span> <span class='ocrx_word' id='word_1_238' title='bbox 735 3411 858 3503; x_wconf 92' lang='lat' dir='ltr'>qui</span> <span class='ocrx_word' id='word_1_239' title='bbox 912 3411 1080 3484; x_wconf 88' lang='lat' dir='ltr'>olim</span> <span class='ocrx_word' id='word_1_240' title='bbox 1135 3416 1381 3504; x_wconf 88' lang='lat' dir='ltr'>captus</span> <span class='ocrx_word' id='word_1_241' title='bbox 1437 3433 1478 3483; x_wconf 87' lang='lat' dir='ltr'>a</span> <span class='ocrx_word' id='word_1_242' title='bbox 1531 3413 1710 3501; x_wconf 61' lang='lat' dir='ltr'>tuis»,</span> <span class='ocrx_word' id='word_1_243' title='bbox 1770 3413 2002 3486; x_wconf 92' lang='lat' dir='ltr'>simile</span> <span class='ocrx_word' id='word_1_244' title='bbox 2037 3412 2453 3486; x_wconf 88' lang='lat' dir='ltr'>beneficium</span> <span class='ocrx_word' id='word_1_245' title='bbox 2489 3412 2578 3484; x_wconf 89' lang='lat' dir='ltr'>ab</span> <span class='ocrx_word' id='word_1_246' title='bbox 2614 3412 2779 3484; x_wconf 89' lang='lat' dir='ltr'>aliis</span> <span class='ocrx_word' id='word_1_247' title='bbox 2814 3411 3167 3502; x_wconf 89' lang='lat' dir='ltr'>recepisti.</span> <span class='ocrx_word' id='word_1_248' title='bbox 3228 3411 3455 3503; x_wconf 83' lang='lat' dir='ltr'>Quare</span> 
     </span>
     <span class='ocr_line' id='line_1_25' title="bbox 374 3528 3454 3621; baseline 0 -19"><span class='ocrx_word' id='word_1_249' title='bbox 374 3528 521 3619; x_wconf 85' lang='lat' dir='ltr'>„fili</span> <span class='ocrx_word' id='word_1_250' title='bbox 575 3529 968 3618; x_wconf 88' lang='lat' dir='ltr'>carissime,</span> <span class='ocrx_word' id='word_1_251' title='bbox 1024 3550 1182 3604; x_wconf 90' lang='lat' dir='ltr'>cum</span> <span class='ocrx_word' id='word_1_252' title='bbox 1237 3531 1370 3603; x_wconf 91' lang='lat' dir='ltr'>tibi</span> <span class='ocrx_word' id='word_1_253' title='bbox 1425 3532 1693 3605; x_wconf 86' lang='lat' dir='ltr'>occasio</span> <span class='ocrx_word' id='word_1_254' title='bbox 1739 3533 1976 3605; x_wconf 88' lang='lat' dir='ltr'>oblata</span> <span class='ocrx_word' id='word_1_255' title='bbox 2013 3531 2140 3621; x_wconf 90' lang='lat' dir='ltr'>sit,</span> <span class='ocrx_word' id='word_1_256' title='bbox 2199 3530 2619 3619; x_wconf 86' lang='lat' dir='ltr'>bonitatem,</span> <span class='ocrx_word' id='word_1_257' title='bbox 2676 3530 3119 3603; x_wconf 89' lang='lat' dir='ltr'>clementiam</span> <span class='ocrx_word' id='word_1_258' title='bbox 3182 3534 3253 3603; x_wconf 90' lang='lat' dir='ltr'>et</span> <span class='ocrx_word' id='word_1_259' title='bbox 3316 3531 3454 3602; x_wconf 83' lang='lat' dir='ltr'>fra-</span> 
     </span>
     <span class='ocr_line' id='line_1_26' title="bbox 373 3648 3455 3749; baseline -0.001 -28"><span class='ocrx_word' id='word_1_260' title='bbox 373 3653 686 3737; x_wconf 88' lang='lat' dir='ltr'>„ternam</span> <span class='ocrx_word' id='word_1_261' title='bbox 739 3650 1105 3723; x_wconf 86' lang='lat' dir='ltr'>caritatem</span> <span class='ocrx_word' id='word_1_262' title='bbox 1167 3655 1360 3723; x_wconf 88' lang='lat' dir='ltr'>tuam</span> <span class='ocrx_word' id='word_1_263' title='bbox 1427 3672 1508 3724; x_wconf 87' lang='lat' dir='ltr'>ac</span> <span class='ocrx_word' id='word_1_264' title='bbox 1560 3651 1778 3723; x_wconf 88' lang='lat' dir='ltr'>animi</span> <span class='ocrx_word' id='word_1_265' title='bbox 1822 3650 2376 3743; x_wconf 84' lang='lat' dir='ltr'>magnitudinem</span> <span class='ocrx_word' id='word_1_266' title='bbox 2433 3649 2877 3738; x_wconf 89' lang='lat' dir='ltr'>ostendendi,</span> <span class='ocrx_word' id='word_1_267' title='bbox 2927 3669 3104 3740; x_wconf 88' lang='lat' dir='ltr'>quae</span> <span class='ocrx_word' id='word_1_268' title='bbox 3142 3648 3217 3721; x_wconf 92' lang='lat' dir='ltr'>in</span> <span class='ocrx_word' id='word_1_269' title='bbox 3253 3649 3455 3749; x_wconf 84' lang='lat' dir='ltr'>nulla</span> 
     </span>
     <span class='ocr_line' id='line_1_27' title="bbox 374 3767 3461 3862; baseline -0 -22"><span class='ocrx_word' id='word_1_270' title='bbox 374 3769 558 3858; x_wconf 86' lang='lat' dir='ltr'>„alia</span> <span class='ocrx_word' id='word_1_271' title='bbox 623 3788 836 3842; x_wconf 88' lang='lat' dir='ltr'>causa</span> <span class='ocrx_word' id='word_1_272' title='bbox 895 3770 1202 3861; x_wconf 86' lang='lat' dir='ltr'>perspici</span> <span class='ocrx_word' id='word_1_273' title='bbox 1262 3774 1529 3862; x_wconf 90' lang='lat' dir='ltr'>potest,</span> <span class='ocrx_word' id='word_1_274' title='bbox 1599 3775 1672 3843; x_wconf 91' lang='lat' dir='ltr'>et</span> <span class='ocrx_word' id='word_1_275' title='bbox 1723 3770 1933 3843; x_wconf 87' lang='lat' dir='ltr'>etiam</span> <span class='ocrx_word' id='word_1_276' title='bbox 1990 3774 2187 3843; x_wconf 88' lang='lat' dir='ltr'>tanto</span> <span class='ocrx_word' id='word_1_277' title='bbox 2250 3768 2584 3843; x_wconf 87' lang='lat' dir='ltr'>beneficio</span> <span class='ocrx_word' id='word_1_278' title='bbox 2650 3767 3008 3860; x_wconf 89' lang='lat' dir='ltr'>obligandi</span> <span class='ocrx_word' id='word_1_279' title='bbox 3071 3769 3331 3861; x_wconf 86' lang='lat' dir='ltr'>Regem</span> <span class='ocrx_word' id='word_1_280' title='bbox 3390 3773 3461 3841; x_wconf 88' lang='lat' dir='ltr'>et</span> 
     </span>
     <span class='ocr_line' id='line_1_28' title="bbox 374 3886 3455 3980; baseline -0 -20"><span class='ocrx_word' id='word_1_281' title='bbox 374 3889 738 3980; x_wconf 88' lang='lat' dir='ltr'>„Regnum</span> <span class='ocrx_word' id='word_1_282' title='bbox 796 3910 999 3961; x_wconf 85' lang='lat' dir='ltr'>suum</span> <span class='ocrx_word' id='word_1_283' title='bbox 1029 3887 1117 3979; x_wconf 81' lang='lat'>²),</span> <span class='ocrx_word' id='word_1_284' title='bbox 1177 3894 1246 3961; x_wconf 90' lang='lat' dir='ltr'>et</span> <span class='ocrx_word' id='word_1_285' title='bbox 1293 3890 1366 3962; x_wconf 92' lang='lat' dir='ltr'>in</span> <span class='ocrx_word' id='word_1_286' title='bbox 1403 3894 1530 3962; x_wconf 90' lang='lat' dir='ltr'>tua</span> <span class='ocrx_word' id='word_1_287' title='bbox 1583 3890 1894 3962; x_wconf 86' lang='lat' dir='ltr'>amicitia</span> <span class='ocrx_word' id='word_1_288' title='bbox 1949 3888 2434 3977; x_wconf 87' lang='lat' dir='ltr'>confirmandi,</span> <span class='ocrx_word' id='word_1_289' title='bbox 2489 3886 2672 3959; x_wconf 80' lang='lat' dir='ltr'>velis</span> <span class='ocrx_word' id='word_1_290' title='bbox 2730 3907 2880 3960; x_wconf 87' lang='lat' dir='ltr'>eam</span> <span class='ocrx_word' id='word_1_291' title='bbox 2918 3888 3224 3980; x_wconf 86' lang='lat' dir='ltr'>arripere</span> <span class='ocrx_word' id='word_1_292' title='bbox 3262 3907 3455 3960; x_wconf 88' lang='lat' dir='ltr'>occa·</span> 
     </span>
     <span class='ocr_line' id='line_1_29' title="bbox 375 4004 3457 4101; baseline -0.001 -20"><span class='ocrx_word' id='word_1_293' title='bbox 375 4009 713 4097; x_wconf 88' lang='lat' dir='ltr'>„sionem,</span> <span class='ocrx_word' id='word_1_294' title='bbox 771 4012 842 4081; x_wconf 90' lang='lat' dir='ltr'>et</span> <span class='ocrx_word' id='word_1_295' title='bbox 895 4008 1236 4101; x_wconf 88' lang='lat' dir='ltr'>cogitare,</span> <span class='ocrx_word' id='word_1_296' title='bbox 1291 4011 1470 4083; x_wconf 89' lang='lat' dir='ltr'>hanc</span> <span class='ocrx_word' id='word_1_297' title='bbox 1523 4009 1688 4097; x_wconf 88' lang='lat' dir='ltr'>tibi,</span> <span class='ocrx_word' id='word_1_298' title='bbox 1749 4010 1934 4101; x_wconf 89' lang='lat' dir='ltr'>quod</span> <span class='ocrx_word' id='word_1_299' title='bbox 1969 4014 2040 4083; x_wconf 91' lang='lat' dir='ltr'>et</span> <span class='ocrx_word' id='word_1_300' title='bbox 2075 4030 2204 4081; x_wconf 89' lang='lat' dir='ltr'>nos</span> <span class='ocrx_word' id='word_1_301' title='bbox 2259 4007 2636 4097; x_wconf 86' lang='lat' dir='ltr'>credimus,</span> <span class='ocrx_word' id='word_1_302' title='bbox 2693 4028 2736 4079; x_wconf 89' lang='lat' dir='ltr'>a</span> <span class='ocrx_word' id='word_1_303' title='bbox 2778 4007 2924 4079; x_wconf 92' lang='lat' dir='ltr'>Deo</span> <span class='ocrx_word' id='word_1_304' title='bbox 2962 4006 3197 4079; x_wconf 85' lang='lat' dir='ltr'>datam</span> <span class='ocrx_word' id='word_1_305' title='bbox 3227 4004 3314 4096; x_wconf 72' lang='lat'>³),</span> <span class='ocrx_word' id='word_1_306' title='bbox 3372 4011 3457 4079; x_wconf 89' lang='lat' dir='ltr'>ut</span> 
     </span>
     <span class='ocr_line' id='line_1_30' title="bbox 374 4125 3458 4219; baseline -0 -20"><span class='ocrx_word' id='word_1_307' title='bbox 374 4126 690 4215; x_wconf 85' lang='lat' dir='ltr'>„animus</span> <span class='ocrx_word' id='word_1_308' title='bbox 747 4128 898 4200; x_wconf 89' lang='lat' dir='ltr'>eius</span> <span class='ocrx_word' id='word_1_309' title='bbox 950 4127 1086 4201; x_wconf 85' lang='lat' dir='ltr'>tibi</span> <span class='ocrx_word' id='word_1_310' title='bbox 1136 4133 1474 4219; x_wconf 87' lang='lat' dir='ltr'>perpetua</span> <span class='ocrx_word' id='word_1_311' title='bbox 1527 4133 1596 4202; x_wconf 88' lang='lat' dir='ltr'>et</span> <span class='ocrx_word' id='word_1_312' title='bbox 1651 4128 2078 4202; x_wconf 88' lang='lat' dir='ltr'>immutabili</span> <span class='ocrx_word' id='word_1_313' title='bbox 2134 4127 2428 4201; x_wconf 87' lang='lat' dir='ltr'>caritate</span> <span class='ocrx_word' id='word_1_314' title='bbox 2480 4127 2847 4219; x_wconf 88' lang='lat' dir='ltr'>iungatur,</span> <span class='ocrx_word' id='word_1_315' title='bbox 2921 4125 3009 4198; x_wconf 89' lang='lat' dir='ltr'>ad</span> <span class='ocrx_word' id='word_1_316' title='bbox 3046 4147 3458 4200; x_wconf 78' lang='lat' dir='ltr'>conservan-</span> 
     </span>
     <span class='ocr_line' id='line_1_31' title="bbox 377 4245 3456 4339; baseline 0 -21"><span class='ocrx_word' id='word_1_317' title='bbox 377 4246 577 4335; x_wconf 87' lang='lat' dir='ltr'>„dam</span> <span class='ocrx_word' id='word_1_318' title='bbox 628 4268 869 4339; x_wconf 87' lang='lat' dir='ltr'>pacem</span> <span class='ocrx_word' id='word_1_319' title='bbox 907 4250 978 4320; x_wconf 89' lang='lat' dir='ltr'>et</span> <span class='ocrx_word' id='word_1_320' title='bbox 1015 4247 1321 4338; x_wconf 90' lang='lat' dir='ltr'>quietem</span> <span class='ocrx_word' id='word_1_321' title='bbox 1375 4249 1720 4336; x_wconf 90' lang='lat' dir='ltr'>fidelium,</span> <span class='ocrx_word' id='word_1_322' title='bbox 1781 4252 1852 4321; x_wconf 91' lang='lat' dir='ltr'>et</span> <span class='ocrx_word' id='word_1_323' title='bbox 1903 4248 2411 4321; x_wconf 88' lang='lat' dir='ltr'>haereticorum</span> <span class='ocrx_word' id='word_1_324' title='bbox 2462 4246 2826 4338; x_wconf 87' lang='lat' dir='ltr'>perfidiam</span> <span class='ocrx_word' id='word_1_325' title='bbox 2880 4245 3456 4319; x_wconf 83' lang='lat' dir='ltr'>confundendam.</span> 
     </span>
     <span class='ocr_line' id='line_1_32' title="bbox 374 4364 3454 4459; baseline 0 -23"><span class='ocrx_word' id='word_1_326' title='bbox 374 4364 614 4456; x_wconf 83' lang='lat' dir='ltr'>„Quod</span> <span class='ocrx_word' id='word_1_327' title='bbox 679 4364 1009 4457; x_wconf 86' lang='lat' dir='ltr'>quoniam</span> <span class='ocrx_word' id='word_1_328' title='bbox 1073 4366 1279 4439; x_wconf 85' lang='lat' dir='ltr'>valde</span> <span class='ocrx_word' id='word_1_329' title='bbox 1339 4388 1468 4439; x_wconf 93' lang='lat' dir='ltr'>nos</span> <span class='ocrx_word' id='word_1_330' title='bbox 1535 4366 1890 4459; x_wconf 77' lang='lat' dir='ltr'>cupimuS,</span> <span class='ocrx_word' id='word_1_331' title='bbox 1955 4365 2329 4439; x_wconf 86' lang='lat' dir='ltr'>scribimus</span> <span class='ocrx_word' id='word_1_332' title='bbox 2391 4365 2605 4438; x_wconf 86' lang='lat' dir='ltr'>etiam</span> <span class='ocrx_word' id='word_1_333' title='bbox 2660 4364 2799 4437; x_wconf 90' lang='lat' dir='ltr'>sibi</span> <span class='ocrx_word' id='word_1_334' title='bbox 2826 4365 2915 4454; x_wconf 83' lang='lat'>⁴),</span> <span class='ocrx_word' id='word_1_335' title='bbox 2972 4365 3279 4456; x_wconf 88' lang='lat' dir='ltr'>qualiter</span> <span class='ocrx_word' id='word_1_336' title='bbox 3330 4384 3454 4456; x_wconf 88' lang='lat' dir='ltr'>pro</span> 
     </span>
     <span class='ocr_line' id='line_1_33' title="bbox 375 4482 3461 4577; baseline -0 -19"><span class='ocrx_word' id='word_1_337' title='bbox 375 4484 570 4573; x_wconf 85' lang='lat' dir='ltr'>„eius</span> <span class='ocrx_word' id='word_1_338' title='bbox 621 4484 1038 4558; x_wconf 87' lang='lat' dir='ltr'>liberatione</span> <span class='ocrx_word' id='word_1_339' title='bbox 1089 4486 1512 4577; x_wconf 87' lang='lat' dir='ltr'>requirimus</span> <span class='ocrx_word' id='word_1_340' title='bbox 1569 4486 2094 4559; x_wconf 86' lang='lat' dir='ltr'>Sublimitatem</span> <span class='ocrx_word' id='word_1_341' title='bbox 2147 4488 2379 4574; x_wconf 85' lang='lat' dir='ltr'>tuam,</span> <span class='ocrx_word' id='word_1_342' title='bbox 2436 4505 2575 4557; x_wconf 91' lang='lat' dir='ltr'>non</span> <span class='ocrx_word' id='word_1_343' title='bbox 2631 4484 3037 4556; x_wconf 85' lang='lat' dir='ltr'>dubitamus</span> <span class='ocrx_word' id='word_1_344' title='bbox 3091 4487 3163 4557; x_wconf 88' lang='lat' dir='ltr'>te</span> <span class='ocrx_word' id='word_1_345' title='bbox 3215 4483 3291 4556; x_wconf 90' lang='lat' dir='ltr'>in</span> <span class='ocrx_word' id='word_1_346' title='bbox 3328 4482 3461 4557; x_wconf 87' lang='lat' dir='ltr'>hoc</span> 
     </span>
     <span class='ocr_line' id='line_1_34' title="bbox 375 4603 3462 4697; baseline -0.001 -20"><span class='ocrx_word' id='word_1_347' title='bbox 375 4624 586 4692; x_wconf 81' lang='lat' dir='ltr'>„casu</span> <span class='ocrx_word' id='word_1_348' title='bbox 657 4625 783 4676; x_wconf 91' lang='lat' dir='ltr'>suo</span> <span class='ocrx_word' id='word_1_349' title='bbox 813 4603 900 4693; x_wconf 79' lang='grc'>5),</span> <span class='ocrx_word' id='word_1_350' title='bbox 976 4609 1316 4695; x_wconf 88' lang='lat' dir='ltr'>quantum</span> <span class='ocrx_word' id='word_1_351' title='bbox 1386 4606 1684 4697; x_wconf 77' lang='lat' dir='ltr'>poteria,</span> <span class='ocrx_word' id='word_1_352' title='bbox 1759 4606 2243 4697; x_wconf 75' lang='lat' dir='ltr'>profuturum3</span> <span class='ocrx_word' id='word_1_353' title='bbox 2318 4608 2389 4676; x_wconf 90' lang='lat' dir='ltr'>et</span> <span class='ocrx_word' id='word_1_354' title='bbox 2439 4623 2764 4696; x_wconf 88' lang='lat' dir='ltr'>rogamus</span> <span class='ocrx_word' id='word_1_355' title='bbox 2828 4605 3039 4693; x_wconf 89' lang='lat' dir='ltr'>atque</span> <span class='ocrx_word' id='word_1_356' title='bbox 3102 4621 3462 4675; x_wconf 87' lang='lat' dir='ltr'>monemus</span> 
     </span>
     <span class='ocr_line' id='line_1_35' title="bbox 377 4720 3455 4817; baseline -0.001 -21"><span class='ocrx_word' id='word_1_357' title='bbox 377 4744 575 4811; x_wconf 83' lang='lat' dir='ltr'>„eum</span> <span class='ocrx_word' id='word_1_358' title='bbox 605 4723 694 4812; x_wconf 71' lang='grc' dir='ltr'>θ),</span> <span class='ocrx_word' id='word_1_359' title='bbox 751 4726 834 4795; x_wconf 93' lang='grc' dir='ltr'>ιιι</span> <span class='ocrx_word' id='word_1_360' title='bbox 887 4722 1216 4796; x_wconf 89' lang='lat' dir='ltr'>similiter</span> <span class='ocrx_word' id='word_1_361' title='bbox 1267 4724 1445 4797; x_wconf 77' lang='lat' dir='ltr'>velit</span> <span class='ocrx_word' id='word_1_362' title='bbox 1498 4725 1572 4796; x_wconf 92' lang='lat' dir='ltr'>in</span> <span class='ocrx_word' id='word_1_363' title='bbox 1625 4724 1928 4817; x_wconf 88' lang='lat' dir='ltr'>negotiis</span> <span class='ocrx_word' id='word_1_364' title='bbox 1984 4726 2054 4795; x_wconf 91' lang='lat' dir='ltr'>et</span> <span class='ocrx_word' id='word_1_365' title='bbox 2089 4722 2630 4797; x_wconf 87' lang='lat' dir='ltr'>necessitatibus</span> <span class='ocrx_word' id='word_1_366' title='bbox 2668 4721 2814 4793; x_wconf 92' lang='lat' dir='ltr'>tuis</span> <span class='ocrx_word' id='word_1_367' title='bbox 2852 4742 3019 4814; x_wconf 88' lang='lat' dir='ltr'>erga</span> <span class='ocrx_word' id='word_1_368' title='bbox 3055 4725 3125 4794; x_wconf 89' lang='lat' dir='ltr'>te</span> <span class='ocrx_word' id='word_1_369' title='bbox 3161 4720 3316 4814; x_wconf 89' lang='lat' dir='ltr'>pari</span> <span class='ocrx_word' id='word_1_370' title='bbox 3354 4722 3455 4793; x_wconf 83' lang='lat' dir='ltr'>af·</span> 
     </span>
     <span class='ocr_line' id='line_1_36' title="bbox 376 4842 3458 4935; baseline -0.001 -22"><span class='ocrx_word' id='word_1_371' title='bbox 376 4842 715 4929; x_wconf 85' lang='lat' dir='ltr'>„fectione</span> <span class='ocrx_word' id='word_1_372' title='bbox 769 4862 844 4915; x_wconf 90' lang='lat' dir='ltr'>se</span> <span class='ocrx_word' id='word_1_373' title='bbox 896 4843 1183 4931; x_wconf 89' lang='lat' dir='ltr'>habere,</span> <span class='ocrx_word' id='word_1_374' title='bbox 1239 4848 1309 4916; x_wconf 90' lang='lat' dir='ltr'>et</span> <span class='ocrx_word' id='word_1_375' title='bbox 1363 4844 1764 4935; x_wconf 72' lang='lat' dir='ltr'>specialiter</span> <span class='ocrx_word' id='word_1_376' title='bbox 1817 4842 2050 4915; x_wconf 88' lang='lat' dir='ltr'>omnia</span> <span class='ocrx_word' id='word_1_377' title='bbox 2111 4842 2377 4914; x_wconf 84' lang='lat' dir='ltr'>dudum</span> <span class='ocrx_word' id='word_1_378' title='bbox 2450 4842 2637 4915; x_wconf 88' lang='lat' dir='ltr'>inter</span> <span class='ocrx_word' id='word_1_379' title='bbox 2699 4860 2821 4912; x_wconf 85' lang='lat' dir='ltr'>vos</span> <span class='ocrx_word' id='word_1_380' title='bbox 2876 4844 3219 4913; x_wconf 83' lang='lat' dir='ltr'>conventa</span> <span class='ocrx_word' id='word_1_381' title='bbox 3238 4893 3255 4926; x_wconf 93' lang='lat'>,</span> <span class='ocrx_word' id='word_1_382' title='bbox 3314 4860 3458 4913; x_wconf 93' lang='lat' dir='ltr'>ser-</span> 
     </span>
     <span class='ocr_line' id='line_1_37' title="bbox 379 4958 3460 5054; baseline 0 -23"><span class='ocrx_word' id='word_1_383' title='bbox 379 4981 616 5049; x_wconf 79' lang='lat' dir='ltr'>„vare,</span> <span class='ocrx_word' id='word_1_384' title='bbox 671 4966 742 5034; x_wconf 91' lang='lat' dir='ltr'>et</span> <span class='ocrx_word' id='word_1_385' title='bbox 795 4961 938 5033; x_wconf 89' lang='lat' dir='ltr'>alia</span> <span class='ocrx_word' id='word_1_386' title='bbox 991 4962 1210 5034; x_wconf 89' lang='lat' dir='ltr'>latius</span> <span class='ocrx_word' id='word_1_387' title='bbox 1263 4962 1328 5035; x_wconf 91' lang='lat' dir='ltr'>ei</span> <span class='ocrx_word' id='word_1_388' title='bbox 1383 4983 1593 5053; x_wconf 90' lang='lat' dir='ltr'>super</span> <span class='ocrx_word' id='word_1_389' title='bbox 1647 4962 1760 5035; x_wconf 87' lang='lat' dir='ltr'>his</span> <span class='ocrx_word' id='word_1_390' title='bbox 1813 4962 2221 5051; x_wconf 84' lang='lat' dir='ltr'>scribimus,</span> <span class='ocrx_word' id='word_1_391' title='bbox 2277 4965 2487 5054; x_wconf 91' lang='lat' dir='ltr'>prout</span> <span class='ocrx_word' id='word_1_392' title='bbox 2538 4960 2811 5033; x_wconf 80' lang='lat' dir='ltr'>videbis</span> <span class='ocrx_word' id='word_1_393' title='bbox 2866 4959 2941 5031; x_wconf 93' lang='lat' dir='ltr'>in</span> <span class='ocrx_word' id='word_1_394' title='bbox 2978 4958 3178 5051; x_wconf 86' lang='lat' dir='ltr'>copia</span> <span class='ocrx_word' id='word_1_395' title='bbox 3212 4959 3460 5031; x_wconf 89' lang='lat' dir='ltr'>litera·</span> 
     </span>
     <span class='ocr_line' id='line_1_38' title="bbox 380 5077 3463 5171; baseline 0 -21"><span class='ocrx_word' id='word_1_396' title='bbox 380 5100 576 5168; x_wconf 87' lang='lat' dir='ltr'>„rum</span> <span class='ocrx_word' id='word_1_397' title='bbox 629 5083 1060 5169; x_wconf 88' lang='lat' dir='ltr'>nostrarum,</span> <span class='ocrx_word' id='word_1_398' title='bbox 1120 5102 1325 5171; x_wconf 91' lang='lat' dir='ltr'>quam</span> <span class='ocrx_word' id='word_1_399' title='bbox 1381 5081 1516 5154; x_wconf 88' lang='lat' dir='ltr'>tibi</span> <span class='ocrx_word' id='word_1_400' title='bbox 1567 5082 1918 5155; x_wconf 89' lang='lat' dir='ltr'>mittimus</span> <span class='ocrx_word' id='word_1_401' title='bbox 1973 5080 2090 5153; x_wconf 88' lang='lat' dir='ltr'>his</span> <span class='ocrx_word' id='word_1_402' title='bbox 2144 5080 2490 5153; x_wconf 87' lang='lat' dir='ltr'>inclusam</span> <span class='ocrx_word' id='word_1_403' title='bbox 2509 5134 2526 5167; x_wconf 94' lang='lat'>,</span> <span class='ocrx_word' id='word_1_404' title='bbox 2582 5083 2911 5171; x_wconf 88' lang='lat' dir='ltr'>rogantes</span> <span class='ocrx_word' id='word_1_405' title='bbox 2962 5077 3463 5152; x_wconf 77' lang='lat' dir='ltr'>celsitudinem</span> 
     </span>
    </p>
   </div>
   <div class='ocr_carea' id='block_1_3' title="bbox 368 5294 3457 5538">
    <p class='ocr_par' dir='ltr' id='par_1_3' title="bbox 368 5294 3457 5538">
     <span class='ocr_line' id='line_1_39' title="bbox 583 5294 3457 5433; baseline -0.001 -20"><span class='ocrx_word' id='word_1_406' title='bbox 583 5350 630 5432; x_wconf 89' lang='lat'>¹)</span> <span class='ocrx_word' id='word_1_407' title='bbox 672 5294 828 5415; x_wconf 72' lang='lat' dir='ltr'>hanc</span> <span class='ocrx_word' id='word_1_408' title='bbox 867 5370 994 5414; x_wconf 86' lang='lat' dir='ltr'>rem</span> <span class='ocrx_word' id='word_1_409' title='bbox 1041 5348 1194 5415; x_wconf 75' lang='lat' dir='ltr'>cod.</span> <span class='ocrx_word' id='word_1_410' title='bbox 1239 5350 1433 5415; x_wconf 80' lang='lat' dir='ltr'>Rozr.</span> <span class='ocrx_word' id='word_1_411' title='bbox 1495 5350 1549 5429; x_wconf 77' lang='lat'>²)</span> <span class='ocrx_word' id='word_1_412' title='bbox 1597 5354 1724 5415; x_wconf 83' lang='lat' dir='ltr'>cius</span> <span class='ocrx_word' id='word_1_413' title='bbox 1773 5349 1924 5415; x_wconf 76' lang='lat' dir='ltr'>cod.</span> <span class='ocrx_word' id='word_1_414' title='bbox 1972 5350 2166 5416; x_wconf 75' lang='lat' dir='ltr'>Rozr.</span> <span class='ocrx_word' id='word_1_415' title='bbox 2230 5352 2279 5433; x_wconf 77' lang='lat'>⁸)</span> <span class='ocrx_word' id='word_1_416' title='bbox 2325 5352 2523 5413; x_wconf 82' lang='lat' dir='ltr'>datam</span> <span class='ocrx_word' id='word_1_417' title='bbox 2569 5370 2703 5413; x_wconf 82' lang='lat' dir='ltr'>esse</span> <span class='ocrx_word' id='word_1_418' title='bbox 2750 5346 2904 5414; x_wconf 75' lang='lat' dir='ltr'>cod.</span> <span class='ocrx_word' id='word_1_419' title='bbox 2954 5348 3151 5413; x_wconf 63' lang='lat' dir='ltr'>Rom.</span> <span class='ocrx_word' id='word_1_420' title='bbox 3199 5346 3261 5429; x_wconf 80' lang='lat'>⁴)</span> <span class='ocrx_word' id='word_1_421' title='bbox 3305 5349 3457 5425; x_wconf 83' lang='lat' dir='ltr'>Regi</span> 
     </span>
     <span class='ocr_line' id='line_1_40' title="bbox 368 5451 2679 5538; baseline 0 -24"><span class='ocrx_word' id='word_1_422' title='bbox 368 5454 698 5519; x_wconf 78' lang='lat' dir='ltr'>wladislao</span> <span class='ocrx_word' id='word_1_423' title='bbox 754 5452 906 5521; x_wconf 80' lang='lat' dir='ltr'>C&#39;od.</span> <span class='ocrx_word' id='word_1_424' title='bbox 957 5451 1148 5519; x_wconf 78' lang='lat' dir='ltr'>Rozr.</span> <span class='ocrx_word' id='word_1_425' title='bbox 1198 5454 1250 5537; x_wconf 77' lang='lat'>⁶)</span> <span class='ocrx_word' id='word_1_426' title='bbox 1297 5457 1424 5518; x_wconf 84' lang='lat' dir='ltr'>eius</span> <span class='ocrx_word' id='word_1_427' title='bbox 1473 5451 1626 5519; x_wconf 78' lang='lat' dir='ltr'>Cod.</span> <span class='ocrx_word' id='word_1_428' title='bbox 1675 5453 1866 5519; x_wconf 82' lang='lat' dir='ltr'>Rozr.</span> <span class='ocrx_word' id='word_1_429' title='bbox 1915 5453 1969 5535; x_wconf 78' lang='lat'>⁸)</span> <span class='ocrx_word' id='word_1_430' title='bbox 2016 5456 2268 5517; x_wconf 85' lang='lat' dir='ltr'>eundem</span> <span class='ocrx_word' id='word_1_431' title='bbox 2309 5452 2439 5516; x_wconf 77' lang='lat' dir='ltr'>Ed.</span> <span class='ocrx_word' id='word_1_432' title='bbox 2491 5452 2679 5538; x_wconf 74' lang='lat' dir='ltr'>Lips.</span> 
     </span>
    </p>
   </div>
  </div>
 </body>
</html>
