4342 6384
388 600 522 702 (Α.
552 599 643 677 D.
683 598 938 704 1444.)
1558 622 1786 677 mann
1837 622 2351 677 monacum&
3325 604 3477 681 697

397 809 693 898 „certior
745 807 830 881 de
882 807 1257 882 clementia
1293 808 1422 882 Dei
1478 807 1759 899 saepius
1814 809 2188 900 degustata
2241 808 2394 881 eius
2433 808 2832 899 dulcedine,
2889 811 3090 884 modo
3127 812 3200 883 in
3239 816 3481 885 sanct-o

396 929 825 1021 „proposito,
893 928 1364 1001 immaculatis
1432 927 1757 1000 sensibus
1830 932 1903 999 et
1940 928 1994 1017 ¹)
2068 928 2426 1001 mentibus
2495 934 3011 1021 perseveretur3
3086 934 3347 1023 quanto
3411 934 3482 1004 et

396 1048 746 1138 „securior
798 1048 884 1121 de
920 1047 1199 1140 cognita
1252 1046 1391 1120 iam
1432 1051 1503 1120 et
1536 1052 1903 1139 perspecta
1958 1051 2027 1121 et
2063 1048 2322 1121 ducum
2377 1070 2662 1122 suorum
2696 1050 3057 1143 pugnandi
3092 1052 3362 1124 ratione
3391 1050 3480 1141 2),

396 1174 509 1259 „et
560 1168 873 1243 militum
938 1165 1351 1239 fortitudine
1414 1186 1494 1239 ac
1556 1166 1724 1256 fide,
1799 1188 1953 1241 esse
2016 1167 2243 1241 debet.
2327 1168 2580 1241 Vestro
2643 1168 2718 1241 in
2782 1190 2910 1242 nos
2973 1172 3196 1244 amori
3267 1192 3480 1263 prope

397 1286 917 1380 „singulariter,
977 1285 1102 1378 qui
1154 1286 1243 1358 ad
1280 1286 1725 1359 scribendum
1778 1286 2098 1379 impulit,
2153 1287 2342 1359 haud
2379 1287 2762 1361 dissimiles
2815 1290 3082 1382 gratias
3117 1291 3478 1379 habemus,

397 1410 739 1500 „quantas
791 1426 1165 1499 possumus
1228 1409 1417 1479 certe
1477 1406 1809 1494 dicimus;
1880 1406 2141 1479 vestris
2209 1407 2585 1481 commodis
2651 1408 2713 1481 si
2765 1408 2938 1500 quid
2991 1430 3118 1483 nos
3183 1410 3480 1483 adiicere

395 1548 641 1619 „posse
694 1524 1269 1599 animadverterit
1320 1526 1793 1617 providentia,
1850 1529 2128 1600 nullum
2183 1528 2434 1620 gratiis
2488 1528 2782 1621 agendis
2837 1530 3118 1602 modum
3137 1586 3153 1619 ,
3203 1531 3482 1602 nullum

396 1649 643 1735 „finem
680 1645 920 1719 eadem
972 1665 1101 1717 nos
1156 1646 1461 1719 facturos
1508 1646 1887 1739 intelliget.
1944 1648 2205 1720 Datum
2243 1647 2652 1737 Mediolani,
2712 1648 2824 1721 die
2858 1648 3194 1723 vicesima
3232 1649 3482 1741 quinta

396 1766 785 1854 „Ianuarii,
844 1766 1049 1838 Anno
1104 1765 1387 1838 Domini
1440 1765 1819 1839 Millesimo
1876 1766 2562 1860 quadringentesimo
2619 1768 3150 1861 quadragesimo
3206 1772 3478 1859 quarto.

1116 1884 1535 1977 „Philippus
1590 1886 1813 1958 Maria
1842 1886 2186 1983 ‚Angelus
2241 1888 2406 1958 Dux
2461 1886 2841 1962 Mediolani
2892 1893 3027 1961 etc.

1217 2004 1555 2098 „Papiae‚
1596 2005 2113 2098 Angleriaeque
2142 2002 2205 2094 3)
2259 2005 2502 2079 Comes
2559 2009 2629 2079 et
2665 2006 2930 2080 Ianuae
2949 2008 3014 2097 ⁴)
3062 2005 3472 2079 Dominus.“

385 2366 704 2439 lohannes
746 2366 973 2439 Giskra
1034 2383 1176 2439 cum
1222 2365 1517 2437 omnibus
1560 2365 1907 2438 rebellibus
1964 2368 2034 2437 in
2079 2368 2409 2437 conventu
2468 2364 2684 2437 Budas
2743 2365 2968 2437 habito
3027 2366 3110 2439 ab
3163 2367 3483 2457 liutgeri:

878 2486 1025 2559 neci
1070 2485 1480 2573 destinatus,
1526 2502 1565 2556 a
1614 2484 1965 2557 'ladislao
2006 2485 2181 2577 Rogo
2228 2484 2607 2556 Polonoru
2650 2484 2982 2557 liberatur.

592 2724 706 2797 Ad
760 2723 945 2796 diem
1000 2722 1242 2795 Sancti
1296 2722 1582 2817 Georgii
1633 2744 1758 2815 pro
1796 2722 2254 2797 conventione
2307 2722 2617 2816 generali
2668 2742 2794 2815 per
2827 2722 3301 2827 wladislaum
3341 2724 3476 2797 Re-

262 2876 271 2883 ·
384 2866 541 2936 gem
596 2844 1015 2931 constituta,
1091 2842 1517 2916 conveniunt
1580 2843 1849 2915 Budam
1924 2843 2242 2917 universi
2307 2842 2650 2930 Praelati‚
2716 2841 3116 2935 PrincipeS‚
3181 2844 3478 2916 barones

386 2969 457 3037 et
508 2964 782 3037 nobiles
833 2962 1261 3055 Hungariae,
1318 2963 1407 3035 ad
1442 2962 1947 3054 providendum
2000 2984 2139 3035 non
2179 2963 2406 3035 solum
2461 2961 2893 3052 expeditioni
2949 2966 3189 3035 contra
3217 2964 3479 3035 'Purcos

385 3084 917 3172 instaurandae,
984 3083 1105 3157 sed
1160 3082 1371 3155 etiam
1431 3082 1589 3174 paci
1654 3086 1724 3157 et
1778 3082 2001 3174 quieti
2058 3082 2323 3175 Regni,
2391 3080 2542 3154 sine
2607 3102 2744 3173 qua
2799 3081 3278 3154 administrari
3331 3082 3476 3155 bel·

384 3206 533 3277 lum
588 3206 969 3277 Turcorum
1022 3201 1545 3295 dispendiosum
1598 3201 1811 3275 nimis
1866 3205 2043 3274 erat.
2111 3203 2462 3293 Despotus
2519 3200 2730 3273 etiam
2786 3200 3082 3274 Rasciae
3135 3200 3479 3294 Georgius

382 3344 715 3415 praesens
752 3323 1022 3412 aderat,
1082 3320 1409 3413 quoniam
1446 3342 1591 3395 rem
1630 3342 1827 3394 suam
1882 3320 1999 3414 agi
2036 3321 2353 3409 videbat3
2410 3320 2606 3394 venit
2643 3323 2714 3393 et
2749 3321 3096 3393 Iohannes
3133 3320 3390 3395 Giskra
3419 3321 3481 3410 Ι5)

384 3464 543 3515 cum
599 3442 749 3515 suis
803 3441 1222 3533 capitaneis,
1279 3445 1623 3514 venerunt
1678 3446 1750 3513 et
1803 3441 2133 3515 civitates
2189 3441 2511 3533 singulae
2548 3439 2881 3529 rebelles„
2939 3441 3316 3514 securitate
3371 3446 3476 3513 ta·
3553 3420 3566 3427 ’

384 3584 543 3637 men
594 3562 789 3654 regia
842 3562 944 3635 eis
998 3560 1340 3653 praestita
1398 3561 1753 3652 provisae,
1820 3565 1904 3633 ut
1956 3561 2293 3634 ambabus
2355 3560 2677 3653 partibus
2743 3559 3320 3634 convenientibus
3377 3561 3476 3632 fa-

383 3682 599 3755 cilius
651 3682 739 3754 de
796 3681 1173 3754 commodis
1228 3684 1301 3754 et
1354 3681 1592 3773 quiete
1646 3681 1875 3773 Regni
1932 3682 2232 3775 transigi
2284 3701 2395 3753 res
2448 3685 2710 3772 posset.
2766 3679 3202 3770 Displicebat
3255 3680 3478 3771 pluri-

385 3823 577 3875 mum
632 3802 1103 3876 Romanorum
1166 3799 1345 3893 Regi
1407 3800 1763 3875 Friderico
1838 3806 1910 3874 et
1971 3802 2157 3893 parti
2231 3801 2564 3874 adversae
2625 3800 2783 3893 ipsa
2854 3799 3253 3889 conventio,
3329 3804 3478 3871 tum

382 3927 671 4014 propter
722 3925 1067 3995 recentem
1132 3920 1545 3994 felicitatem
1606 3920 1988 3995 Wladislai
2051 3920 2299 4013 Regis,
2369 3924 2516 3992 tum
2571 3924 2854 4012 propter
2917 3921 3146 3993 locum
3201 3920 3477 3994 Buden-

386 4064 566 4131 sem,
621 4042 696 4115 in
750 4061 887 4134 quo
940 4040 1127 4112 nihil
1180 4039 1295 4131 agi
1346 4060 1555 4131 posse
1608 4040 1967 4128 censebat,
2025 4040 2167 4113 nisi
2221 4061 2310 4112 ex
2365 4040 2659 4113 arbitrio
2713 4040 3095 4113 Wladislai
3147 4039 3366 4132 Regis
3413 4044 3482 4113 et

388 4184 557 4235 suae
610 4162 861 4253 partis.
918 4161 1281 4233 Conventu
1318 4161 1563 4234 taliter
1598 4160 2015 4251 instaurato,
2052 4160 2127 4233 id
2164 4160 2236 4233 in
2274 4161 2522 4251 primis
2558 4161 2824 4253 negotii
2865 4161 3004 4233 sibi
3041 4160 3479 4235 Wladislaus

384 4282 541 4355 Rex
594 4286 666 4353 et
719 4280 831 4353 sui
886 4278 1277 4353 consiliarii
1328 4280 1825 4353 assumendum
1880 4279 2264 4368 duxerunt,
2332 4283 2414 4351 ut
2467 4281 2788 4373 Regnum
2844 4280 3252 4372 Hungariae
3309 4280 3478 4352 scis-

391 4421 547 4471 sum
603 4404 675 4471 et
728 4398 1107 4472 domestico
1160 4398 1348 4472 bello
1404 4400 1745 4474 afflictum
1775 4400 1839 4491 ⁶)
1892 4403 2283 4491 pacaretur,
2339 4403 2422 4472 ut
2476 4399 2756 4473 facilius
2790 4400 2979 4472 bello
3035 4404 3322 4473 externo
3360 4420 3478 4470 va·

385 4522 595 4592 caret.
680 4518 1161 4593 Offerebantur
1231 4519 1319 4591 ad
1381 4541 1527 4594 rem
1600 4518 2142 4612 componendam
2212 4521 2420 4612 plura
2493 4518 2753 4607 media3
2826 4520 3174 4593 Iohannes
3247 4523 3480 4590 tamen

386 4638 672 4727 Giskra‚
732 4637 852 4731 qui
907 4639 1101 4711 solus
1153 4644 1390 4731 partes
1444 4640 1761 4712 Ladislai
1814 4638 2048 4732 pueri,
2106 4639 2400 4712 caeteris
2456 4638 2779 4711 omnibus
2829 4638 3188 4731 Hungaris
3245 4636 3478 4711 cuius-

382 4758 561 4831 libet
617 4763 847 4832 status
919 4758 1007 4831 ad
1062 4757 1535 4832 Wladislaum
1597 4760 1859 4853 Regem
1924 4758 2444 4847 deficientibuS,
2517 4759 2998 4850 promovebat,
3071 4758 3343 4830 nullam
3408 4778 3481 4828 se

382 4877 898 4951 conclusionem
970 4883 1420 4981 accepturum
1492 4878 1987 4971 respondebat,
2066 4899 2244 4970 quae
2307 4878 2420 4951 ius
2485 4877 2800 4951 Ladislai
2868 4877 3070 4968 pueri
3141 4876 3478 4950 inficeret.

384 5000 637 5090 Itaque
687 4999 884 5091 pacis
939 4997 1365 5072 sufferentiis
1419 4999 1683 5073 bellum
1722 4999 2178 5073 domesticum
2233 4998 2568 5090 suspendi
2620 4996 2920 5088 placuit,
2978 4996 3053 5068 in
3109 5017 3282 5088 quas
3321 4995 3478 5069 Gis-

382 5118 513 5190 kra
568 5117 719 5210 ipse
771 5140 931 5191 cum
986 5118 1135 5191 suis
1191 5119 1513 5193 omnibus
1580 5122 1651 5192 et
1705 5118 2115 5193 civitatibus
2169 5118 2554 5192 rebellibus
2617 5119 2805 5190 ultro
2860 5117 3237 5191 consensit.
3313 5116 3483 5187 Erat

602 5389 651 5475 ¹)
698 5399 759 5453 et
801 5391 972 5455 deest
1013 5392 1089 5454 in
1136 5388 1288 5455 Cod.
1339 5388 1517 5455 Calv.
1582 5390 1634 5469 ²)
1679 5392 2041 5467 pugnatione
2107 5387 2260 5453 cod.
2312 5386 2490 5452 Calv.
2564 5386 2620 5473 ³)
2665 5391 3037 5467 Angliaeque
3085 5386 3238 5452 cod.
3304 5384 3483 5451 Cal-u.

386 5494 443 5577 ⁴)
489 5496 735 5557 Genuae
783 5491 935 5558 0001.
968 5492 1107 5560 Lis.
1156 5494 1211 5577 ο)
1255 5496 1426 5556 Iskra
1468 5491 1597 5557 Ed.
1621 5491 1803 5577 Lipe.
1852 5492 1909 5575 ⁸)
1952 5497 2224 5555 affectum
2268 5492 2396 5556 Ed.
2442 5490 2624 5576 Lips.

441 5648 489 5689 J.
514 5648 707 5697 Dinaea.
734 5648 857 5689 mat.
883 5647 1044 5689 Polou.
1072 5647 1125 5689 Τ.
1152 5647 1233 5687 1v.
3102 5625 3172 5679 88
