4342 6384
842 470 990 547 604
2006 494 2233 547 mnnn
2284 493 2794 547 nnonncnms.
3374 467 3515 569 (Α.
3554 467 3647 541 D.
3690 460 3967 562 1439.)

771 767 778 773 ,
842 680 1030 753 inter
1083 680 1314 772 ipsum
1371 682 1442 753 et
1493 679 1868 753 Albertum
1922 681 2395 753 Romanorum
2449 684 2520 753 et
2555 680 2962 774 Hungariae
3000 682 3263 771 Regem
3316 676 3799 763 reformanda,
3844 696 3963 745 ro-

840 804 1190 894 gatusque
1243 798 1411 889 fuit,
1468 804 1550 872 ut
1604 804 1729 873 aut
1781 820 1908 891 per
1962 822 2067 889 se,
2125 804 2249 873 aut
2301 822 2425 892 per
2462 823 2628 873 suos
2682 801 3031 873 notabiles
3084 800 3371 872 nuntios
3428 799 3505 871 in
3560 796 3960 869 Wratisla-

842 920 1072 994 viensi
1127 919 1419 993 civitate
1477 920 1656 994 velit
1721 921 2091 994 convenire
2145 924 2216 994 et
2268 921 2573 993 diaetam
2626 943 2752 1012 pro
2805 942 2975 1013 pace
3031 920 3394 993 tractanda
3448 924 3687 991 tenere
3704 974 3723 1005 ,
3780 916 3957 987 offe-

837 1044 1072 1113 rentes
1132 1062 1208 1114 se
1259 1039 1415 1113 illic
1465 1040 1660 1132 pacis
1716 1044 2130 1114 tractatores
2185 1042 2458 1134 legatos
2514 1062 2677 1113 suos
2734 1042 3109 1128 missuros;
3176 1061 3389 1131 super
3443 1060 3583 1131 qua
3636 1059 3717 1109 re
3772 1035 3957 1108 deli-

839 1159 1196 1234 beratione
1248 1165 1394 1233 tam
1447 1182 1572 1253 per
1623 1162 1988 1233 Praelatos
2045 1166 2116 1234 et
2168 1161 2466 1233 barones
2520 1162 2888 1249 Poloniae,
2947 1182 3155 1253 quam
3210 1160 3422 1233 etiam
3476 1180 3605 1250 per
3648 1158 3957 1229 barones

842 1280 1252 1369 Bohemiae‚
1311 1281 1434 1373 qui
1464 1280 1712 1353 eidem
1767 1280 2217 1354 conventioni
2268 1282 2809 1373 Pyotrkoviensi
2855 1282 3359 1368 interfuerunt,
3415 1279 3693 1366 habita,
3754 1280 3955 1368 post-

843 1420 1050 1492 quam
1105 1400 1433 1492 apparuit
1485 1400 1722 1474 labare
1777 1402 2039 1474 factum
2077 1401 2131 1490 1)
2190 1402 2643 1474 Bohemicum
2696 1402 3030 1493 languido
3086 1401 3535 1473 fundamento
3590 1398 3952 1483 innixum,

841 1519 1034 1591 mitti
1087 1520 1172 1593 de
1205 1540 1376 1613 pace
1429 1524 1740 1593 oratores
1777 1520 1990 1594 etiam
2028 1520 2206 1611 ipsis
2228 1519 2291 1609 2)
2348 1520 2813 1593 Bohemorum
2850 1519 3075 1612 partis
3114 1519 3462 1592 Kazimiri
3514 1517 3953 1609 primoribus

840 1638 1144 1731 placuit,
1203 1642 1274 1713 et
1325 1640 1788 1733 designantur
1823 1639 2059 1712 nuntii
2111 1640 2201 1711 ad
2237 1640 2641 1713 huiusmodi
2688 1641 2989 1714 diaetam
3028 1641 3233 1728 ituri,
3272 1639 3605 1711 videlicet
3642 1637 3951 1708 Vincen-

839 1758 986 1831 tius
1023 1757 1588 1852 archiepiscopus
1626 1760 2088 1848 GnesnensiS,
2145 1761 2495 1833 Iohannes
2533 1762 2618 1833 de
2656 1760 2957 1834 Cziszow
2994 1761 3423 1833 castellanus
3460 1755 3949 1832 Cracoviensis

841 1882 914 1951 et
967 1877 1303 1951 Albertus
1367 1879 1452 1951 de
1517 1880 1702 1951 Male
1732 1878 1794 1968 3)
1865 1879 2227 1970 palatinus
2293 1880 2769 1953 Lanciciensis
2836 1880 3252 1972 (Sbigneum
3305 1901 3471 1951 vero
3536 1878 3945 1969 episcopum

841 1997 1404 2087 cracoviensem,
1444 1998 1612 2071 licet
1648 1998 2056 2091 designatus
2096 1999 2383 2088 fuisset,
2425 2001 2755 2073 valetudo
2793 2001 3159 2089 retraxit);
3216 2000 3387 2073 item
3443 2000 3527 2071 de
3562 1997 3947 2070 baronibus

842 2116 1221 2190 Bohemiae
1275 2119 1546 2191 Halsch
1574 2119 1665 2207 ⁴),
1723 2119 2010 2191 Przibik
2041 2118 2129 2209 ⁵),
2188 2120 2535 2221 Byeniasz
2591 2125 2662 2193 et
2714 2120 2872 2209 alii,
2931 2126 3003 2193 et
3046 2126 3235 2193 certa
3288 2120 3518 2191 media
3570 2116 3772 2209 pacis
3826 2118 3945 2186 ho·

843 2240 1076 2323 nesta,
1135 2256 1310 2328 quae
1366 2236 1609 2311 offerre
1661 2238 2026 2327 deberent,
2083 2239 2233 2311 illis
2288 2241 2615 2313 mandata
2656 2245 2845 2312 sunt.
2904 2240 3103 2312 Vana
3158 2239 3505 2330 siquidem
3560 2243 3633 2310 et
3684 2234 3945 2309 blanda

844 2355 1310 2428 Bohemorum
1363 2357 1710 2448 promissa
1762 2362 1907 2429 tam
1944 2358 2101 2430 Rex
2157 2380 2366 2451 quam
2421 2359 2813 2431 consiliarii
2849 2358 3184 2431 Poloniae
3236 2364 3495 2431 temere
3550 2377 3627 2427 se
3668 2361 3942 2427 secutos

843 2480 1351 2567 cognoverunt,
1409 2476 2004 2570 deserendumque
2038 2479 2307 2551 bellum
2347 2479 2801 2551 Bohemicum
2836 2479 3181 2570 plurimos
3220 2480 3549 2568 sumptus
3588 2474 3945 2547 inutiliter

843 2614 1289 2685 consumens,
1349 2616 1766 2688 quacunque
1819 2597 2180 2671 occasione
2232 2598 2527 2671 honesta
2582 2602 2864 2689 sumpta
2918 2599 3315 2672 censebant.

1741 2953 2168 3071 ANNUS
2238 2953 2701 3068 DOMINI
2770 2954 3047 3068 1439.

931 3197 1292 3269 oonvontio
1335 3212 1450 3286 pro
1495 3211 1653 3287 paco
1695 3197 2172 3285 wratislavia,
2218 3215 2385 3287 quae
2430 3201 2651 3270 tamon
2694 3199 2883 3269 irrita
2928 3201 3054 3270 est.
3100 3198 3347 3269 ulricus
3391 3197 3613 3267 Gonnos
3658 3194 3860 3265 nilico

1433 3317 1722 3407 Regnum
1764 3317 2106 3390 nehemiae
2149 3318 2473 3390 affectans
2514 3319 2585 3390 in
2628 3320 2950 3390 Aucti-iam
2994 3320 3357 3389 revocatur.

981 3641 984 3644 ,
1053 3556 1191 3628 Pro
1246 3554 1360 3628 die
1411 3554 1850 3647 Epiphaniae
1903 3556 1978 3627 in
2033 3556 2322 3630 civitate
2352 3557 2929 3631 Wratislaviensi
2982 3556 3213 3629 diaeta
3247 3554 3559 3647 generali
3612 3574 3743 3645 pro
3780 3572 3943 3645 pace

849 3675 1037 3749 inter
1091 3674 1464 3747 Albertum
1516 3674 1991 3747 Romanorum
2045 3676 2307 3767 Regem
2364 3680 2432 3748 et
2485 3676 2959 3750 Wladislaum
3014 3676 3276 3767 Regem
3330 3672 3705 3759 Poloniae,
3764 3672 3939 3745 eius-

862 3814 998 3888 que
1051 3814 1460 3887 germanum
1523 3794 1787 3868 Ducem
1851 3794 2291 3867 Kazimirum
2357 3784 2656 3868 electum
2697 3794 3075 3868 Bohemiae
3121 3794 3387 3885 Regem
3406 3850 3423 3882 ,
3480 3792 3941 3878 reformanda,

846 3913 1214 4001 instituta,
1270 3911 1630 4005 Eugenius
1684 3914 1878 4004 Papa
1932 3917 2227 4004 quartus
2281 3914 2665 3987 Iohannem
2718 3913 3121 4005 episcopum
3160 3912 3644 4005 Segniensem‚
3706 3912 3943 3985 Conci·

852 4033 1031 4105 lium
1086 4052 1247 4104 vero
1285 4031 1682 4104 Basiliense
1717 4032 2161 4123 Alphonsum
2218 4032 2617 4125 episcopum
2656 4035 3085 4125 Burgensem
3141 4033 3225 4104 de
3262 4033 3503 4123 Regno
3558 4030 3950 4122 Hispaniae

853 4172 943 4225 ex
995 4149 1314 4223 Hebraeo
1369 4154 1572 4242 patre
1643 4172 1974 4224 converso
2039 4157 2308 4241 tamen,
2375 4153 2497 4244 qui
2559 4158 2631 4224 et
2694 4152 2845 4245 ipse
2916 4152 3056 4223 fuit
3109 4150 3495 4243 Burgensis
3550 4150 3949 4242 episcopua,

853 4274 1132 4358 natum,
1189 4269 1422 4342 virum
1483 4271 1930 4362 prudentem,
2005 4270 2325 4344 doctrina
2387 4292 2467 4343 ac
2527 4272 2793 4344 virtute
2854 4274 3324 4361 praestantem
3342 4326 3359 4357 ,
3436 4273 3509 4341 et
3576 4268 3953 4341 Nicolaum

857 4388 1089 4463 Amici
1143 4389 1218 4461 in
1272 4388 1653 4480 Theologia
1708 4389 2159 4481 Magistrum,
2215 4411 2341 4481 pro
2396 4391 2759 4462 tractanda
2803 4411 2973 4481 pace
3029 4388 3553 4475 transmittunt3
3614 4388 3955 4460 Albertns

853 4510 1170 4600 insuper.
1197 4508 1355 4581 Rex
1409 4529 1568 4579 cum
1619 4508 1945 4598 pluribus
1999 4510 2373 4598 PraelatiS,
2432 4510 2881 4600 Principibus
2936 4514 3007 4581 et
3043 4508 3420 4581 baronibus
3476 4512 3623 4579 tam
3660 4506 3955 4598 Imperii

857 4648 1067 4721 quam
1121 4627 1528 4720 Hungariae
1581 4628 1668 4699 ad
1705 4648 1856 4699 eam
1908 4629 2411 4718 personaliter;
2469 4649 2557 4700 ex
2591 4633 2793 4719 parte
2828 4650 2993 4700 vero
3048 4629 3263 4720 Regis
3301 4628 3639 4700 Poloniae
3694 4631 3771 4699 et
3806 4628 3956 4697 Ka-

857 4746 1121 4835 zimiri,
1180 4746 1610 4821 Gnesnensis
1667 4745 2233 4837 archiepiscopus
2287 4747 2702 4821 Vincentius
2758 4769 2913 4819 cum
2952 4748 3330 4820 baronibus
3385 4746 3780 4838 designatis
3832 4746 3953 4815 ad-

857 4865 1186 4940 veniunt:
1243 4864 1366 4937 ubi
1418 4864 1723 4956 primum
1777 4866 2019 4937 ambae
2054 4869 2289 4955 partes
2344 4866 2420 4937 in
2456 4865 2739 4956 publica
2774 4865 3132 4939 audientia
3186 4887 3414 4939 coram
3453 4865 3742 4957 Legatis
3780 4865 3951 4936 Con-

861 4984 1014 5057 cilii
1066 4988 1136 5056 et
1192 4984 1424 5075 Papae
1477 4983 1830 5057 iustitiam
1885 5004 2084 5057 suam
2137 4984 2495 5056 declarant
2549 4985 2795 5058 multis
2833 4985 3067 5058 verbis
3124 4991 3193 5058 et
3229 4986 3737 5057 demonstrant.
3796 4982 3955 5054 Non

1079 5250 1126 5332 ¹)
1168 5256 1522 5317 labefactum
1584 5251 1736 5320 cod.
1797 5253 2016 5319 Przez.
2127 5258 2433 5319 labascere
2492 5259 2705 5319 factum
2772 5252 2923 5320 God.
2986 5256 3119 5320 Lis.
3184 5255 3235 5337 ⁹)
3282 5259 3473 5335 ipsius
3538 5250 3692 5319 Coa.
3740 5252 3952 5317 sz.

871 5350 924 5428 ⁸)
971 5354 1047 5413 de
1087 5354 1270 5416 Malin
1323 5351 1474 5419 cod.
1505 5355 1639 5421 Lis.
1688 5356 1740 5437 ⁴)
1787 5360 2002 5420 Holski
2047 5354 2199 5421 0001.
2230 5356 2449 5422 Przez.
2498 5358 2551 5438 ⁵)
2595 5360 2896 5438 Przibygk
2922 5355 3073 5422 Cod.
3097 5358 3275 5423 Koct.
3322 5360 3588 5421 Praibisz
3617 5356 3747 5421 Ed.
3778 5355 3954 5440 Ltjpc.
