4342 6384
870 593 1021 670 370
1834 667 1841 674 ,
2054 612 2282 668 LIBER
2333 611 2792 668 unnscnms.
3402 586 3536 691 (Α.
3576 588 3667 665 D.
3709 586 3954 690 1429.)

874 802 1201 876 anhelare
1266 807 1387 874 aut
1450 801 1864 876 consentire.
1922 801 2051 874 Cui
2115 801 2611 894 Sigismundus
2665 802 2854 874 Rex:
2913 801 3105 874 Haec
3160 804 3300 886 est,
3367 799 3631 890 inquit,
3699 799 3964 872 modica

871 924 1288 1010 difficultaS,
1358 943 1564 1012 quam
1631 943 1755 1014 ego
1823 942 2128 1013 quoque,
2208 922 2330 1012 qui
2384 929 2454 993 te
2518 921 2604 992 ad
2670 920 2740 991 id
2807 920 3132 1006 incitavi,
3201 920 3471 992 solvere
3535 920 3960 1009 repromitto,

877 1043 1216 1133 Suscepto
1270 1042 1509 1132 itaque
1564 1042 1874 1132 negotio,
1942 1042 2189 1113 idoneo
2255 1047 2324 1114 et
2379 1041 2741 1132 explorato
2808 1047 3148 1131 tempore,
3215 1060 3353 1111 uno
3409 1039 3678 1112 dierum
3744 1059 3961 1126 mane,

872 1161 1366 1253 Sigismundus
1432 1162 1625 1248 Rex,
1692 1161 2124 1250 contorali1)
2193 1183 2320 1232 sua
2383 1160 2655 1253 Regina
2718 1160 3062 1248 Barbara,
3137 1181 3273 1250 quo
3339 1160 3612 1232 facilior
3685 1159 3783 1230 sit
3847 1180 3967 1230 sua

868 1283 1269 1372 persuasiO,
1355 1285 1750 1371 assumpta,
1824 1281 2057 1353 cubile
2120 1279 2502 1354 Wladislai
2577 1281 2836 1372 Regis,
2911 1281 2983 1352 in
3051 1301 3186 1370 quo
3257 1279 3410 1370 ipse
3483 1278 3712 1352 adhuc
3793 1279 3968 1352 lecto

874 1402 1240 1492 quiescens
1314 1402 1617 1488 iacebat,
1692 1401 2109 1492 ingreditur,
2179 1407 2250 1472 et
2313 1400 2634 1472 omnibus
2700 1400 3098 1473 secretariis
3163 1399 3504 1487 exclusiS,
3575 1400 3704 1472 tali
3769 1399 3968 1470 illum

871 1521 1258 1614 alloquitur
1314 1541 1659 1594 sermone:
1718 1521 2082 1608 Cernisne,
2140 1521 2405 1611 inquit,
2465 1520 2874 1592 charissime
2930 1521 3174 1592 frater!
3235 1521 3418 1612 quod
3474 1524 3544 1592 et
3579 1540 3704 1612 ego
3761 1524 3833 1591 et
3867 1523 3969 1605 tu,

872 1641 1060 1734 regio
1124 1642 1514 1714 diademate
1580 1639 1810 1712 decori
1875 1646 1943 1712 et
2008 1640 2262 1732 fulgidi
2328 1639 2580 1712 simus:
2657 1640 2977 1731 iniquum
3047 1641 3252 1712 valde
3317 1643 3386 1712 et
3449 1638 3772 1712 acerbum
3839 1643 3966 1724 est,

872 1762 1135 1834 Ducem
1190 1761 1672 1833 Alexandrum
1727 1760 2244 1848 Withawdum,
2313 1781 2743 1832 communem
2809 1761 3095 1833 fratrem
3157 1767 3509 1847 nostrum,
3577 1759 3730 1831 sine
3781 1756 3970 1850 regio

874 1881 1240 1972 splendore
1296 1901 1474 1952 esse.
1546 1879 1900 1952 Adhibere
1966 1886 2163 1951 tuum
2234 1901 2644 1953 consensum
2712 1880 2924 1969 velis,
2993 1884 3062 1952 et
3127 1882 3282 1953 fave
3347 1886 3556 1971 atque
3619 1879 3970 1972 permitte,

880 2005 954 2070 ut
1008 2005 1153 2071 tam
1205 2000 1411 2087 mihi,
1472 2021 1678 2090 quam
1736 2000 1900 2087 tibi,
1959 2021 2081 2090 per
2136 2022 2276 2088 me,
2345 2001 2465 2092 qui
2520 2020 2704 2072 nunc
2757 2001 2936 2073 hanc
2989 2005 3412 2092 potestatem
3467 2001 3666 2073 velut
3718 2001 3970 2072 Roma-

874 2140 1121 2191 norum
1177 2121 1334 2191 Rex
1392 2119 1642 2208 habeO,
1709 2125 1984 2192 creatus
2051 2121 2122 2192 in
2189 2140 2446 2191 novum
2511 2121 2807 2212 Regem,
2875 2142 3002 2211 par
3065 2123 3222 2209 fiat,
3287 2142 3414 2194 nec
3479 2121 3706 2192 solum
3763 2123 3972 2210 caput

877 2260 1081 2310 suum
1116 2237 1203 2328 2),
1266 2240 1387 2311 sed
1442 2243 1510 2311 et
1562 2239 1863 2330 patriam
1917 2245 2109 2311 tuam
2148 2239 2635 2327 Lithuaniam,
2693 2240 2912 2310 tantis
2967 2241 3331 2312 decoribus
3387 2238 3680 2311 admitte
3719 2239 3971 2310 ornari.

876 2358 989 2429 Ad
1041 2358 1212 2430 haec
1265 2358 1703 2430 Wladislaus
1757 2359 2089 2430 Poloniae
2144 2359 2330 2431 Rex:
2388 2359 2645 2446 Fave0,
2702 2359 2966 2450 inquit,
3025 2360 3433 2440 charissime
3487 2360 3735 2431 frater!
3795 2357 3972 2428 Duci

877 2478 1281 2550 Alexandro
1337 2477 1734 2550 Withawdo
1792 2479 1992 2551 fratri
2048 2500 2198 2552 meo
2255 2479 2338 2551 de
2377 2479 2564 2550 omni
2619 2478 3083 2570 amplitudine
3137 2487 3207 2551 et
3241 2480 3532 2566 honore,
3589 2498 3718 2550 nec
3751 2478 3975 2569 regali

878 2599 1344 2684 solummodo,
1412 2599 1533 2670 sed
1590 2603 1658 2670 et
1713 2598 2061 2689 imperiali
2128 2599 2334 2670 illum
2400 2598 2646 2690 dignor
2708 2599 3130 2686 diademate,
3188 2602 3559 2671 contentus
3623 2598 3836 2670 etiam
3890 2597 3974 2668 de

876 2719 1119 2808 Regno
1173 2718 1509 2792 Poloniae
1564 2717 1701 2790 sibi
1754 2719 1995 2790 cedere
2060 2721 2131 2790 et
2184 2717 2385 2790 illius
2442 2718 2758 2789 diadema
2811 2717 2885 2789 in
2939 2718 3144 2790 illum
3199 2719 3542 2806 conferre;
3616 2740 3755 2790 non
3808 2717 3978 2788 licet

879 2842 1111 2909 tamen
1167 2837 1341 2908 mihi
1396 2838 1468 2907 in
1522 2859 1667 2909 rem
1722 2843 1866 2908 tam
1932 2838 2219 2909 arduam
2275 2838 2697 2925 consentire,
2764 2837 2905 2909 nisi
2969 2839 3452 2910 Praelatorum
3519 2844 3588 2911 et
3639 2839 3976 2910 baronum

880 2977 1185 3028 meorum
1244 2957 1331 3026 ad
1386 2955 1457 3026 id
1514 2957 1885 3028 accesserit
1940 2958 2312 3029 consilium
2370 2963 2440 3030 et
2495 2979 2896 3029 consensus,
2969 2959 3256 3030 Referre
3311 2980 3418 3030 me
3469 2979 3615 3030 rem
3672 2959 3760 3028 ad
3813 2979 3972 3029 con·

884 3076 1125 3148 silium
1182 3079 1475 3166 oportet.
1551 3075 1727 3146 Tum
1784 3075 2279 3166 sigismundus
2335 3078 2524 3150 Rex:
2602 3077 2908 3165 Stolida,
2965 3077 3229 3169 inquit,
3297 3099 3408 3152 res
3464 3082 3650 3150 esset
3679 3075 3769 3165 ³),
3827 3077 3973 3147 dia-

884 3196 1152 3268 demate
1216 3194 1350 3267 tibi
1416 3195 1759 3283 detracto,
1834 3195 2037 3267 illum
2104 3217 2379 3284 ornare;
2460 3198 2579 3269 sed
2645 3197 2832 3286 sine,
2906 3203 2987 3269 ut
3048 3203 3343 3289 uterque
3408 3203 3722 3270 vestrum
3785 3195 3976 3289 regio

884 3315 1160 3386 nomine
1214 3316 1446 3386 clarus
1503 3315 1633 3402 sit3
1700 3314 2071 3387 consilium
2128 3337 2290 3388 vero
2349 3323 2626 3388 tuorum
2681 3317 3165 3389 Praelatorum
3231 3322 3302 3390 et
3353 3317 3690 3390 baronum
3743 3317 3974 3408 requi-

882 3455 1031 3507 rere
1096 3435 1170 3506 in
1232 3435 1361 3506 hac
1425 3456 1498 3507 re
1564 3454 2153 3526 supervacaneum
2221 3440 2359 3521 est,
2432 3456 2588 3507 cum
2655 3436 2905 3508 unicus
2972 3443 3136 3509 tuus
3201 3437 3508 3509 sufficiat
3571 3458 3974 3510 consensus,

884 3553 1322 3626 Wladislaus
1376 3556 1531 3627 Rex
1590 3554 1992 3627 huiusmodi
2048 3559 2295 3646 captus
2352 3555 2818 3644 sermonibuS,
2877 3577 3034 3628 cum
3089 3561 3275 3630 esset
3329 3561 3578 3649 suapte
3607 3559 3671 3646 ⁴)
3728 3557 3802 3630 in
3855 3579 3976 3648 pa-

883 3674 1060 3747 triae
1122 3695 1290 3746 suae
1354 3674 1775 3746 Lithuaniae
1850 3674 2384 3765 amplitudinem
2457 3675 2826 3765 proclivis,
2903 3677 3160 3748 dicitur
3225 3681 3392 3750 tunc
3465 3677 3976 3752 clandestinum

884 3815 1297 3867 consensum
1353 3795 1731 3886 improvise
1796 3793 2102 3880 dedisse,
2172 3795 2287 3866 vel
2353 3795 2601 3868 saltem
2668 3801 2748 3866 ut
2801 3797 2998 3868 fieret
3061 3798 3245 3888 quod
3297 3798 3691 3888 petebatur,
3757 3817 3978 3888 neque

884 3913 1235 3986 restitisse
1289 3935 1513 4004 neque
1567 3913 1920 3986 abnuisse.
1996 3914 2159 3985 Dux
2193 3913 2253 4004 5)
2311 3916 2606 4008 Magnus
2661 3917 3134 4004 Withawdus,
3201 3917 3325 3989 ubi
3388 3939 3474 3990 ex
3532 3917 3978 4010 Sigismundo

887 4033 1077 4124 Rege
1151 4032 1404 4104 certior
1458 4035 1570 4119 fit,
1638 4033 2111 4104 Wladislaum
2176 4035 2438 4126 Regem
2495 4037 2826 4107 Poloniae
2890 4035 2964 4107 in
3020 4058 3218 4108 suam
3283 4037 3794 4109 coronationem
3857 4057 3978 4108 an-

887 4150 1159 4238 nuisse,
1230 4151 1617 4242 cupiditate
1680 4151 1963 4223 honoris
2038 4159 2107 4225 et
2172 4154 2403 4246 Regni
2467 4158 2538 4227 et
2602 4155 2751 4247 ipse
2781 4156 2843 4244 ⁶)
2919 4161 3164 4247 suapte
3238 4162 3492 4229 natura
3554 4159 3835 4244 ardenS,
3913 4163 3982 4228 et

890 4291 931 4340 a
986 4269 1432 4360 Sigismundo
1499 4270 1967 4342 Romanorum
2021 4273 2249 4364 Rege,
2325 4275 2758 4365 caeterisque
2823 4274 3101 4363 amiciS,
3169 4276 3254 4348 ab
3311 4277 3463 4367 ipso
3521 4297 3794 4368 quoque
3845 4277 3980 4348 Po·

890 4388 1119 4460 leniae
1178 4389 1366 4480 Rege
1422 4388 1849 4476 Wladislao,
1910 4411 2155 4480 parum
2213 4413 2340 4463 sua
2397 4397 2466 4464 et
2520 4393 2745 4486 Regni
2803 4395 2913 4465 sui
2971 4394 3401 4467 incommoda
3456 4395 3818 4484 metiente,
3875 4395 3982 4466 in-

892 4529 1139 4582 census
1214 4507 1523 4578 animum
1598 4508 1907 4599 appulit,
1984 4515 2053 4582 et
2114 4531 2260 4583 rem
2326 4512 2549 4602 ipsam
2633 4513 2892 4605 absque
2956 4515 3401 4588 cunctatione
3467 4516 3984 4589 accelerandam

889 4635 1111 4716 ratuS‚
1170 4627 1257 4700 ad
1296 4625 1649 4700 residuum
1706 4629 2145 4702 obstaculum
2205 4632 2753 4704 submovendum
2810 4633 3181 4706 Nicolaum
3221 4636 3626 4728 Sepyensky
3683 4635 3986 4708 familia-

890 4769 1035 4821 rem
1093 4747 1500 4836 facundum,
1569 4748 2019 4820 secretarium
2085 4771 2322 4838 suum,
2391 4752 2731 4824 Polonum
2797 4753 2881 4825 de
2947 4755 3146 4826 domo
3213 4759 3280 4827 et
3335 4755 3603 4828 familia
3665 4755 3986 4844 Nowina,

892 4869 977 4939 ad
1032 4868 1396 4939 Praelatos
1452 4871 1523 4938 et
1575 4868 1869 4940 barones
1926 4869 2171 4940 mittit.
2231 4871 2305 4943 Is
2361 4871 2590 4943 locum
2647 4871 2926 4944 consilii
2982 4873 3377 4966 ingressuS,
3433 4875 3712 4949 nomine
3769 4875 3988 4947 Ducis

893 4986 1277 5058 Withawdi
1331 4984 1543 5058 verba
1599 4986 1789 5058 facit.
1850 4988 2184 5080 Stringit,
2242 4990 2504 5081 inquit,
2573 4991 2950 5064 Dominum
3006 5015 3266 5084 meum,
3325 4994 3586 5066 Ducem
3645 4995 3988 5066 Withaw-

894 5105 1090 5194 dum,
1150 5105 1489 5178 Dominus
1530 5105 2023 5198 Sigismundus
2063 5108 2532 5181 Romanorum
2570 5111 2726 5183 Rex
2761 5132 2997 5202 prece,
3054 5113 3505 5203 persuasione
3560 5117 3629 5186 et
3667 5113 3990 5202 consilio,

1112 5375 1159 5453 ¹)
1208 5393 1339 5436 eum
1385 5379 1669 5438 contorali
1714 5376 1839 5440 Ed.
1887 5377 2068 5461 Lipe.
2140 5381 2192 5462 2)
2235 5389 2399 5443 tuum
2443 5381 2569 5445 Ed.
2621 5383 2800 5467 Lips.
2872 5383 2923 5461 ³)
2970 5391 3062 5448 est
3102 5383 3229 5448 Ed.
3275 5383 3456 5470 Lupe.
3527 5385 3579 5467 ⁴)
3627 5405 3738 5449 sua
3782 5397 4002 5466 sponte

902 5471 1051 5549 Cod.
1096 5475 1289 5540 Rozr.
1354 5477 1405 5560 ⁵)
1452 5481 1591 5540 Dux
1634 5499 1775 5540 vero
1828 5477 1980 5544 Cod.
2028 5481 2220 5546 Rozr.
2269 5484 2326 5566 ⁸)
2369 5488 2500 5563 ipse
2543 5505 2780 5564 quoque
2828 5484 2980 5550 Cod.
3033 5485 3221 5551 Rozr.
