4342 6384
411 611 541 719 (Α.
583 616 673 690 D.
714 612 968 715 1429.)
1602 634 1829 690 menn
1880 633 2352 690 unnncmus.
3357 609 3508 689 375

411 845 618 918 quam
658 819 1133 898 Wladislaum
1170 823 1506 898 Poloniae
1544 824 1806 917 Regem
1862 829 1932 897 et
1970 822 2410 897 consiliarios
2468 840 2631 895 suos
2687 819 2774 895 ad
2815 844 2980 895 suae
3039 820 3510 896 coronationis

408 967 825 1020 consensum
878 946 1279 1037 pertrahere
1334 965 1471 1016 non
1528 945 1794 1036 potuit,
1856 944 2245 1036 praesentis
2304 944 2620 1015 fortunae
2674 943 2900 1015 nitore
2954 942 3278 1031 inflatuS,
3337 964 3507 1014 non-

407 1066 631 1138 nullis
687 1086 963 1156 quoque
1018 1063 1573 1136 assentatoribus
1630 1085 1823 1154 spem
1882 1064 2033 1135 eius
2089 1063 2535 1150 inflantibuS,
2590 1063 2824 1154 regiae
2880 1062 3248 1155 dignitatis
3307 1063 3506 1135 fasti-

411 1187 603 1277 gium
661 1186 745 1258 de
800 1185 1121 1256 manibus
1180 1183 1617 1275 Sigismundi
1671 1182 1889 1275 Regis
1946 1181 2334 1274 suscipere,
2393 1181 2583 1275 Rege
2627 1186 2697 1256 et
2733 1182 2976 1274 Regno
3031 1181 3365 1255 Poloniae
3401 1183 3509 1254 in-

410 1305 591 1392 vito,
659 1304 1045 1391 consensit,
1111 1301 1659 1377 iuramentorum
1717 1309 1785 1376 et
1840 1301 1999 1374 fidei
2066 1303 2306 1388 datae,
2375 1300 2878 1393 literarumque
2944 1323 3226 1375 suarum
3283 1303 3508 1374 sactus

409 1427 801 1512 immemor,
860 1425 1115 1517 quibus
1172 1445 1247 1497 se
1300 1428 1634 1514 perpetuo
1700 1443 1857 1495 cum
1930 1421 2253 1495 omnibus
2319 1421 2526 1494 terris
2581 1420 3004 1495 Lithuaniae
3059 1428 3130 1494 et
3182 1421 3508 1509 Russiae,

412 1545 780 1636 acquisitis
838 1551 909 1617 et
962 1544 1437 1636 acquirendiS,
1496 1549 1739 1635 Regno
1796 1543 2127 1615 Poloniae
2183 1541 2638 1633 inscripserat
2692 1542 3150 1629 serviturum,
3227 1547 3296 1614 et
3355 1542 3508 1633 qui·

408 1664 541 1737 bus
597 1670 820 1738 terras
876 1665 1098 1755 ipsaS,
1158 1665 1241 1735 de
1298 1683 1640 1735 consensu
1694 1663 1967 1734 Ducum
2023 1666 2093 1734 et
2146 1661 2482 1734 baronum
2540 1681 2858 1748 suorum,
2897 1662 3141 1753 Regno
3180 1661 3512 1734 Poloniae

410 1789 747 1876 perpetuo
804 1785 1312 1876 applicaverat,
1369 1783 1693 1855 univerat
1731 1786 1801 1854 et
1837 1781 2424 1872 incorporaverat.
2466 1781 2553 1852 In
2593 1802 2744 1853 eam
2782 1781 3071 1872 insuper
3112 1781 3511 1872 superbiam

408 1927 481 1978 se
538 1909 883 1991 erexerat,
942 1909 1023 1976 ut
1078 1904 1316 1976 missis
1372 1903 1459 1975 ad
1514 1901 1986 1974 Wladislaum
2042 1902 2304 1994 Regem
2344 1907 2414 1974 et
2451 1901 2889 2000 consiliarios
2944 1901 3276 1974 Poloniae
3331 1923 3510 1972 nun-

409 2026 568 2113 tiis,
625 2024 957 2098 videl-icet
1011 2024 1407 2095 Rumboldo
1446 2023 1783 2096 marsalco
1824 2027 1893 2094 et
1933 2021 2268 2094 Gastoldo
2306 2021 2622 2112 palatino
2661 2021 3018 2109 Vilnensi,
3070 2020 3514 2093 denuntiaret

412 2166 521 2233 se,
585 2145 735 2217 sive
788 2145 1096 2235 placeret
1150 2143 1326 2231 illis,
1386 2143 1533 2215 sive
1589 2141 2023 2233 displiceret,
2066 2162 2352 2214 coronas
2409 2141 2546 2214 sibi
2603 2141 2982 2213 mittendas
3038 2123 3509 2232 accepturum.

528 2494 954 2568 Romanorum
996 2494 1299 2567 Pontifex
1343 2493 1760 2566 wladislaum
1803 2492 2040 2584 negem
2086 2496 2157 2565 et
2200 2493 2634 2566 Withavdun
2677 2493 2938 2580 Ducem,
2981 2496 3060 2565 ut
3103 2493 3399 2566 Dolionis

1257 2615 1492 2686 bellum
1535 2614 1855 2700 inrorant,
1901 2613 2112 2685 literis
2157 2614 2296 2685 suis
2339 2613 2662 2686 hortatur.

626 2862 970 2934 Martinus
1026 2862 1221 2952 Papa
1276 2861 1601 2952 quintus,
1662 2861 2107 2933 considerans
2163 2861 2631 2933 Bohemorum
2684 2861 3192 2932 haereticorum
3245 2861 3509 2933 rabiem

418 2981 667 3054 dietim
722 2982 960 3074 augeri
1017 2986 1088 3052 et
1142 2981 1214 3052 in
1272 2981 1681 3072 sanguinem
1730 2981 2192 3053 christianum
2233 2980 2546 3071 quotidie
2587 2979 2928 3072 grassari,
2988 2979 3515 3072 Sigismundum

421 3122 696 3192 quoque
752 3102 1225 3173 Romanorum
1279 3101 1539 3192 Regem
1598 3106 1667 3173 et
1722 3100 1899 3172 alios
1955 3099 2184 3193 Reges
2240 3104 2310 3172 et
2346 3099 2708 3190 Principes
2760 3100 3144 3173 catholicos
3177 3101 3352 3174 belli
3392 3123 3512 3175 ex-

421 3226 687 3314 pertOS,
756 3241 913 3292 cum
975 3221 1125 3292 illis
1192 3220 1499 3292 futuram
1567 3240 1803 3291 curam
1865 3218 2319 3292 resumendae
2386 3219 2852 3311 expeditionis
2917 3221 2991 3292 in
3044 3225 3270 3292 totum
3327 3221 3514 3294 abie-

422 3342 634 3428 cisse,
676 3341 1026 3412 Andream
1065 3341 1149 3412 de
1186 3339 1791 3429 Constantinopoli
1831 3338 2169 3412 Graecum
2207 3339 2523 3426 natione,
2562 3339 2638 3410 in
2667 3339 3047 3430 Theologia
3073 3340 3515 3432 Magistrum,

423 3466 492 3532 et
529 3459 795 3530 Palatii
851 3459 1245 3550 Apostolici
1300 3458 1749 3550 Magistrum,
1820 3459 2103 3530 fratrem
2170 3457 2435 3529 ordinis
2483 3459 3080 3546 Praedicatorum,
3140 3464 3389 3550 expost
3443 3460 3518 3531 in

422 3578 1021 3668 archiepiscopum
1078 3578 1555 3650 colossensem
1595 3579 1649 3666 ¹)
1702 3581 2129 3668 promotum,
2200 3576 2614 3650 excellentis
2677 3577 2942 3669 ingenii
3011 3583 3082 3650 et
3137 3578 3517 3670 singularis

422 3697 779 3770 doctrinae
817 3697 1079 3787 virum,
1120 3697 1345 3768 mittit
1372 3698 1457 3768 ad
1489 3697 1960 3769 Wladislaum
1990 3697 2254 3790 Regem
2282 3697 2650 3785 Poloniae,
2692 3697 2778 3768 ad
2807 3696 3302 3769 solicitandum
3333 3718 3514 3787 eum,

422 3823 505 3888 ut
558 3839 713 3890 cum
770 3818 983 3888 fratre
1038 3838 1161 3889 suo
1217 3818 1407 3889 Duce
1461 3816 1859 3889 Withawdo
1916 3838 2199 3889 causam
2255 3821 2496 3889 contra
2550 3817 2894 3888 Bohemos
2931 3816 3318 3889 haereticos
3358 3838 3512 3889 sus·

424 3935 641 4027 cipiat
712 3941 781 4008 et
838 3936 1250 4008 exterminio
1308 3957 1544 4008 eorum
1609 3935 1960 4025 intendat,
2038 3936 2331 4009 offerens
2397 3940 2466 4008 et
2529 3935 3021 4027 repromittens
3094 3937 3516 4027 apostolicas

424 4056 839 4147 largitiones
896 4059 965 4126 et
1021 4055 1377 4148 suffragia.
1434 4057 1543 4143 Is,
1602 4058 1771 4127 tunc
1824 4057 2017 4148 Rege
2070 4055 2146 4128 in
2201 4056 2519 4128 Luczsko
2559 4058 2838 4148 agente,
2897 4055 3306 4143 advenienS,
3367 4077 3516 4129 ora-

426 4176 615 4248 tione
669 4174 1138 4247 disertissima
1201 4177 1415 4261 facta,
1484 4174 1903 4266 legationem
1970 4195 2167 4246 suam
2235 4174 2616 4264 prudenter
2670 4178 2741 4247 et
2793 4175 3101 4266 graviter
3165 4176 3516 4267 exposuit,

428 4296 809 4386 literasque
864 4295 1285 4385 apostolicas
1340 4293 1732 4367 Wladislao
1771 4293 1951 4385 Regi
1988 4294 2320 4385 scriptas,
2377 4293 2900 4384 persuasionem
2951 4295 3034 4366 de
3073 4295 3519 4387 suscipiendo

426 4415 613 4487 bello
670 4417 911 4486 contra
965 4413 1301 4485 Hussitas
1378 4413 1758 4486 fortissime
1823 4414 2355 4504 persuadentes,
2430 4415 2928 4504 praesentavit.
3006 4415 3311 4506 Quarum
3378 4417 3520 4488 tale

429 4540 535 4606 est
590 4534 969 4625 exemplar.
3017 4561 3023 4567 ·

642 4653 1030 4742 „Martinus
1086 4651 1507 4744 Episcopus,
1566 4673 1811 4724 servus
1868 4673 2227 4724 servorum
2283 4649 2446 4740 Dei,
2505 4652 2878 4725 Carissimo
2935 4653 3008 4724 in
3055 4652 3334 4724 Christo
3373 4653 3518 4725 filio

436 4773 871 4862 „Wladislao
928 4770 1106 4863 Regi
1161 4771 1494 4843 Poloniae
1549 4771 1852 4860 illustri,
1920 4773 2221 4844 salutem
2289 4777 2360 4843 et
2423 4772 2878 4862 apostolicam
2942 4772 3518 4844 benedictionem.

438 4892 651 4982 „Cum
706 4885 1167 4964 abominanda
1218 4885 1562 4978 haeresi8‚
1619 4911 1943 4982 perverso
1998 4891 2320 4983 dogmate
2375 4891 2740 4964 damnatae
2779 4891 3146 4964 memoriae
3182 4891 3519 4962 Iohannis

440 5013 709 5100 „Hus8,
778 5030 1201 5100 suorumque
1264 5010 1700 5100 sequacium,
1772 5009 2113 5083 suscitata
2179 5009 2431 5082 fuisset
2485 5009 2560 5081 in
2613 5011 2853 5102 Regno
2929 5009 3335 5097 Bohemiae,
3375 5031 3520 5082 nos

440 5151 523 5220 „a
576 5129 920 5220 principio
986 5129 1448 5201 Pontificatus
1513 5130 1770 5217 nostri,
1837 5131 1924 5201 ad
1990 5149 2140 5202 eam
2197 5129 2744 5221 extinguendam
2801 5142 2871 5202 et
2925 5129 3520 5203 exterminandam

438 5269 959 5340 „quaecumque
1011 5247 1368 5338 potuimus
1423 5248 1726 5321 remedia
1762 5253 1833 5322 et
1870 5247 2220 5340 praesidia
2259 5247 2756 5341 quaesivimus,
2814 5250 2908 5322 Et
2945 5248 3112 5340 quia
3148 5249 3318 5322 haec
3357 5250 3520 5326 hae·

648 5501 693 5582 ¹)
743 5503 1158 5564 Coloczensem
1207 5498 1359 5564 God.
1412 5497 1587 5575 Calv,
