4342 6384
891 569 1040 644 388
2081 583 2309 642 Lrsnn
2360 587 2816 642 uunncnms.
3420 562 3557 667 (Α.
3594 563 3685 642 D.
3724 558 3975 664 ¹⁴20.)

881 773 1318 867 Sigismundi
1379 774 1848 847 Romanorum
1910 773 2127 865 Regis
2192 772 2733 865 restringeretur
2794 777 2866 848 et
2915 773 3393 846 remitteretur
3444 773 3529 844 de
3584 774 3973 848 coronando

885 895 1280 968 Withawdo
1337 896 1528 967 Duce
1581 893 1902 982 audacia,
1971 893 2108 966 fuit
2161 892 2237 965 in
2290 893 2689 985 praesentia
2742 892 3033 966 Martini
3082 894 3317 984 Papae
3380 895 3451 966 et
3504 893 3977 966 Cardinalinm

882 1016 1162 1106 publice
1216 1015 1433 1106 Regis
1473 1013 1852 1088 Wladislai
1907 1013 2189 1086 nomine
2242 1018 2483 1086 contra
2522 1012 3051 1106 Sigismundum
3088 1015 3352 1106 Regem
3408 1018 3478 1088 et
3532 1013 3797 1086 Ducem
3824 1012 3973 1087 wi-

881 1135 1230 1208 thawdum
1285 1133 1744 1226 propositum.
1807 1132 1954 1225 Quo
2010 1132 2359 1206 Martinus
2396 1133 2589 1224 Papa
2642 1135 3031 1223 permotus,
3088 1134 3475 1225 apostolica
3510 1132 3979 1224 prohibitione

881 1253 1327 1345 sigismundo
1384 1253 1561 1346 Regi
1615 1233 1905 1326 coronae
1957 1251 2361 1324 missionem
2418 1257 2490 1325 et
2544 1252 2721 1325 Duci
2759 1251 3154 1326 Withawdo
3208 1253 3753 1344 acceptationem
3773 1309 3790 1341 ,
3848 1273 3969 1344 per

883 1374 1227 1467 speciales
1279 1373 1527 1446 literas
1582 1371 1986 1460 interdixit,
2045 1393 2341 1463 quarum
2398 1370 2565 1444 talis
2622 1375 2770 1445 erat
2826 1373 3077 1445 forma:

1100 1494 1491 1584 „Martinus
1547 1493 1973 1584 Episcopus,
2031 1513 2279 1565 servus
2334 1513 2691 1565 servorum
2747 1492 2901 1580 Dei,
2944 1493 3334 1566 Carissimo
3391 1492 3465 1565 in
3500 1493 3779 1566 Christo
3838 1493 3983 1566 filio

893 1613 1388 1708 „Sigismundo
1443 1615 1946 1700 Romanorum,
2013 1611 2419 1704 Hungariae
2483 1615 2554 1684 et
2616 1612 2991 1686 Bohemiae
3052 1613 3232 1706 Regi
3296 1612 3601 1701 illustri,
3680 1613 3977 1687 salutem

895 1740 1010 1826 „et
1065 1733 1522 1827 apostolicam
1577 1732 2152 1807 benedictionem.
2228 1732 2476 1824 Nuper
2535 1753 2659 1825 pro
2713 1736 2913 1823 parte
2978 1733 3327 1807 carissimi
3388 1733 3465 1806 in
3516 1733 3795 1808 Christo
3848 1733 3982 1806 filii

894 1857 1192 1945 „nestri,
1260 1853 1637 1927 Wladislai
1699 1851 2035 1926 Poloniae
2098 1853 2317 1945 Regis
2373 1851 2712 1939 illustris,
2782 1852 2917 1924 fuit
2968 1853 3405 1945 propositum
3470 1874 3700 1927 coram
3754 1853 3979 1940 nobis,

895 1980 1212 2066 „astante
1267 1973 1578 2066 Collegio
1634 1971 2141 2046 venerabilium
2197 1973 2489 2046 fratrum
2546 1976 2941 2045 nostrorum
2998 1973 3295 2048 Sanctae
3346 1974 3703 2046 Romanae
3740 1974 3977 2046 Eccle-

895 2094 1086 2185 „siae
1140 2092 1644 2181 Cardinalium,
1703 2092 1887 2184 quod
1943 2092 2111 2166 licet
2166 2091 2527 2166 Serenitas
2580 2095 2704 2164 tua
2768 2092 2843 2165 in
2898 2093 3366 2168 celebratione
3417 2093 3613 2184 pacis
3678 2098 3749 2166 et
3800 2093 3981 2166 rein·

895 2213 1325 2306 „tegratione
1391 2211 1776 2300 amicitiae,
1853 2233 2060 2303 quam
2123 2211 2421 2286 invicem
2496 2211 2911 2300 solenniter,
2985 2213 3189 2287 nobis
3254 2213 3327 2285 id
3392 2213 3843 2303 cupientibus
3918 2217 3985 2286 et

896 2331 1424 2426 „operantibu8,
1483 2331 1972 2420 contraxistiS,
2033 2332 2255 2406 eidem
2310 2331 2505 2424 regia
2556 2331 2691 2404 fide
2728 2332 3165 2424 promiseris,
3226 2333 3409 2424 quod
3462 2332 3695 2423 ipsum
3740 2353 3983 2425 perpe·

895 2453 1086 2542 „tuis
1143 2451 1570 2544 temporibus
1625 2452 1916 2525 haberes
1971 2474 2094 2542 pro
2149 2451 2405 2538 amico,
2462 2456 2533 2524 et
2569 2450 3037 2525 amicabiliter
3088 2455 3554 2544 pertractares
3610 2453 3773 2543 et1)
3826 2473 3982 2544 pro-

895 2571 1336 2664 ·„sequereris
1389 2571 1682 2644 eundem
1721 2591 2013 2664 semper,
2073 2571 2363 2662 eiusque
2420 2571 2679 2644 liberos
2734 2575 2805 2645 et
2843 2572 3209 2660 haeredes»,
3266 2571 3563 2644 summis
3600 2572 3982 2658 favoribuS‚

894 2691 1280 2781 „charitate
1336 2695 1406 2764 et
1443 2690 1932 2768 benevelentia
1987 2691 2366 2784 singulari,
2426 2695 2496 2764 et
2532 2690 2743 2764 etiam
2780 2693 3113 2765 honorem
3157 2691 3386 2784 ipsius
3422 2693 3641 2786 Regis
3696 2697 3768 2766 et
3804 2713 3983 2766 com-

898 2812 1144 2902 „moda
1194 2831 1637 2904 procurares,
1694 2833 1822 2885 nec
1875 2832 2185 2905 unquam
2241 2811 2491 2904 quovis
2546 2811 2867 2903 quaesito
2922 2812 3152 2886 colore
3206 2811 3293 2884 ad
3348 2812 3723 2886 auferenda
3775 2813 3977 2901 bona,

891 2932 1214 3024 ·„Regna,
1287 2931 1740 3023 Principatus
1814 2935 2023 3022 atque
2086 2930 2415 3005 Dominia
2478 2952 2605 3004 sua
2668 2931 3045 3022 aspirares,
3112 2953 3239 3005 nec
3301 2952 3427 3024 pro
3482 2936 3584 3020 te,
3652 2933 3769 3005 vel
3822 2933 3984 3020 alio,

901 3056 1184 3142 „contra
1236 3051 1387 3124 eius
1443 3055 1709 3124 statum
1763 3051 2031 3144 aliquid
2085 3057 2502 3138 attentares,
2561 3051 2769 3126 immo
2826 3051 2889 3125 si
2926 3052 3095 3144 qnid
3149 3073 3272 3145 per
3308 3053 3615 3145 aliquem
3654 3053 3989 3126 attentari

899 3171 1241 3262 „sentires
1297 3171 1370 3244 in
1425 3171 1756 3244 damnum
1810 3173 1998 3246 reale
2051 3173 2166 3246 vel
2219 3173 2587 3265 personale
2639 3171 2855 3266 Regis
2904 3172 3248 3260 eiusdem,
3304 3172 3537 3264 ipsum
3590 3173 3989 3265 praevisum

904 3292 1208 3381 „faceres
1273 3296 1344 3366 et
1405 3291 1626 3366 eidem
1689 3313 1893 3385 posse
1922 3289 1986 3382 2)
2053 3297 2175 3365 tuo
2242 3293 2609 3366 assisteres
2632 3349 2651 3380 ,
2726 3299 2798 3366 et
2852 3295 3037 3385 quod
3100 3293 3269 3367 licet
3324 3293 3729 3366 huiusmodi
3782 3314 3977 3385 prae-

904 3411 1166 3501 „missa
1221 3413 1432 3486 etiam
1485 3433 1640 3486 cum
1679 3413 2070 3486 iuramento
2109 3413 2521 3500 firmaveris,
2582 3413 2969 3505 Scripturis
3007 3412 3455 3506 Evangelicis
3493 3433 3704 3486 manu
3740 3413 3983 3487 tactis:

901 3532 1430 3620 „nihilominuS‚
1487 3537 1570 3604 ut
1608 3533 1834 3625 ipsius
1891 3537 2122 3606 orator
2159 3533 2376 3625 Regis
2431 3533 2717 3622 asserit,
2775 3533 3063 3607 illorum
3116 3533 3426 3605 omnium
3480 3533 3843 3607 immemor
3878 3534 3989 3606 vel

907 3657 1406 3744 „contemptor,
1480 3653 1748 3746 regium
1807 3657 2068 3726 stat-um
2125 3659 2195 3726 et
2248 3655 2577 3727 honorem
2632 3653 2783 3727 eius
2840 3653 3215 3727 enormiter
3268 3653 3705 3742 offendendo,
3763 3655 3983 3728 Duca-

903 3777 1094 3862 „tum
1150 3771 1572 3847 Lithuaniae
1628 3777 1700 3845 et
1753 3777 1974 3846 terras
2030 3773 2366 3862 Russiae,
2433 3773 2660 3864 ipsius
2717 3774 2945 3866 Regni
3008 3773 3343 3847 Poloniae
3399 3774 3709 3847 membra
3762 3773 3983 3848 cidem

907 3891 1354 3981 „iamdudum
1407 3893 1848 3985 incorporata
1901 3898 1972 3966 et
2026 3894 2259 3983 unita,
2326 3894 2582 3967 dilecto
2647 3894 2793 3966 filio
2849 3894 3254 3968 Alexandro
3320 3895 3571 3986 Magno
3626 3893 3809 3970 Duci
3873 3895 3986 3966 Li-

908 4010 1282 4101 „thuaniae
1337 4012 1424 4083 ad
1463 4013 1682 4085 vitam
1739 4013 1890 4086 eius
1928 4013 2120 4106 regia
2176 4013 2603 4088 authoritate
2641 4035 2998 4102 concessa,
3054 4021 3263 4106 prout
3310 4015 3565 4088 asserit
3617 4015 3799 4088 idem
3838 4037 3983 4088 ora-

907 4134 1080 4220 „tor,
1139 4132 1223 4204 ab
1279 4131 1432 4223 ipso
1487 4133 1822 4206 Poloniae
1877 4135 2120 4226 Regno
2178 4134 2541 4228 seiungere
2597 4139 2666 4207 et
2720 4135 3050 4222 liberare,
3108 4156 3189 4207 ac
3242 4135 3315 4207 in
3371 4135 3691 4228 Regnum
3730 4157 3985 4208 novum

907 4250 1244 4343 „erigere,
1303 4255 1372 4323 et
1407 4253 1800 4343 praefatum
1837 4255 2098 4327 Ducem
2153 4255 2557 4326 huiusmodi
2595 4255 2822 4347 Regni
2876 4256 3139 4347 Regem
3196 4255 3267 4326 in
3304 4256 3485 4328 hanc
3538 4255 3989 4328 ambitionem

905 4375 1020 4460 „et
1071 4371 1529 4462 cupiditatem
1565 4373 1934 4463 dignitatis
1991 4372 2441 4446 suasionibus
2479 4375 2881 4461 incitatum,
2940 4375 3365 4448 constituere
3420 4379 3493 4448 et
3545 4395 3777 4448 creare
3830 4395 3983 4467 pro·

905 4510 1173 4580 „curas
1233 4491 1427 4582 Quod
1482 4491 1635 4564 fieri
1688 4513 1830 4564 non
1882 4514 2088 4584 posse
2142 4501 2487 4566 assertum
2544 4501 2683 4584 est,
2742 4495 2895 4567 sine
2950 4495 3144 4586 turpi
3196 4499 3362 4567 nota
3408 4495 3830 4587 ignominiae
3882 4494 3987 4568 tui

905 4609 1279 4700 „nominis,
1336 4616 1621 4704 propter
1683 4619 2022 4686 conventa
2082 4613 2439 4705 praedicta
2500 4615 2573 4686 in
2628 4635 2797 4705 pace
2852 4615 3035 4687 facta
3097 4635 3253 4687 cum
3307 4615 3620 4705 praefato
3651 4612 3715 4705 ³)
3768 4615 3975 4687 Polo·

905 4729 1105 4819 „niae
1157 4731 1380 4823 Rege,
1437 4736 1509 4804 et
1561 4732 2058 4824 promissiones
2111 4738 2275 4806 tuas
2330 4733 2750 4822 iuramento,
2815 4740 2897 4806 ut
2949 4755 3075 4826 per
3126 4734 3417 4810 eundem
3472 4738 3814 4808 oratorem
3866 4757 3977 4807 as-

906 4851 1240 4939 „seritur,
1309 4853 1654 4940 firmatas,
1729 4873 1856 4924 nec
1921 4853 2070 4926 sine
2133 4852 2361 4944 ipsius
2425 4853 2641 4925 Ducis
2706 4853 3064 4942 dedecore,
3132 4861 3415 4946 propter
3478 4854 3975 4946 obligationem

905 4973 1362 5062 „praefatam,
1429 4993 1568 5064 qna
1622 4972 2004 5046 obstrictus
2069 4978 2177 5045 est
2239 4972 2424 5045 (licto
2481 4974 2689 5065 Regi,
2754 4974 3094 5064 praestito
3150 4974 3363 5047 etiam
3416 4973 3493 5046 in
3547 4973 3774 5065 ipsius
3828 4995 3978 5047 ma-

905 5090 1154 5180 „nibus
1209 5091 1632 5181 iuramento,
1691 5091 1843 5165 sine
1897 5093 2208 5184 ipsorum
2262 5093 2645 5166 violatione
2700 5093 3093 5166 manifesta.
3168 5095 3259 5166 Et
3314 5095 3499 5185 quod
3552 5115 3693 5166 non
3746 5095 3981 5167 minus

906 5211 1525 5297 „considerandum
1590 5219 1700 5285 est
1763 5213 1966 5285 nobis
2031 5217 2101 5286 et
2167 5211 2333 5301 tibi,
2408 5212 2471 5285 si
2534 5213 2623 5284 ad
2685 5212 3091 5287 huiusmodi
3160 5214 3575 5287 erectionem
3630 5213 3867 5307 Regni
3944 5235 3979 5288 e

1116 5463 1166 5546 ¹)
1207 5471 1387 5542 atque
1430 5465 1556 5529 Ed.
1596 5465 1779 5551 Lips.
1830 5466 1884 5549 ι)
1928 5488 2036 5547 pro
2080 5489 2261 5549 posse
2308 5463 2461 5533 God.
2508 5467 2699 5534 Rozr.
2748 5467 2803 5550 ⁸)
2850 5469 3155 5548 praedicto
3210 5467 3365 5534 aod.
3412 5467 3607 5534 Rozr.
