4342 6384
408 581 545 682 (Α.
582 581 676 658 D.
716 581 946 683 1410.)
1597 606 1823 660 mnan
1876 605 2334 658 monemus.
3412 587 3508 659 53

406 812 631 884 gneus
687 792 957 884 Czayka
1019 791 1103 864 de
1166 789 1580 883 Nowydwor
1642 792 1727 866 de
1791 792 1992 865 domo
2056 792 2409 880 Dambno,
2477 791 2599 883 qui
2661 791 2938 864 hastam
2999 791 3262 886 regiam
3327 773 3508 867 defe-

407 912 639 1000 rebat·;
693 913 947 984 Petrus
1002 911 1457 1004 Medalansky
1494 912 1575 1001 ¹),
1632 912 1717 986 de
1754 912 1988 1000 domo,
2048 933 2225 1004 quae
2271 911 2446 984 duos
2500 932 2816 985 vomeres
2871 913 3244 1001 aratrales,
3285 912 3511 985 dorsis

410 1031 549 1104 sibi
602 1031 912 1121 iunctos,
969 1031 1043 1104 in
1080 1052 1323 1124 campo
1377 1032 1755 1105 coelestino
1810 1032 2035 1104 defert
2088 1053 2214 1123 pro
2263 1031 2559 1124 insigni,
2618 1032 2820 1104 cuius
2873 1031 2947 1104 in
2984 1032 3316 1105 Polonico
3353 1053 3510 1126 pro-

409 1153 637 1225 clama
701 1158 809 1225 est
865 1206 1057 1226 .....
1110 1150 1209 1243 2);
1274 1151 1625 1226 Iohannes
1689 1152 1905 1226 Sokol
1977 1152 2364 1240 Bohemus‚
2439 1155 2510 1224 et
2571 1153 2810 1244 plures
2876 1151 3027 1224 alii.
3113 1153 3514 1226 Alexander

411 1278 645 1346 autem
674 1272 1115 1346 Withawdus
1153 1274 1317 1345 Dux
1356 1273 1650 1365 Magnus
1688 1272 2143 1361 Lithuaniae,
2200 1261 2465 1363 capitis
2493 1271 2604 1344 sui
2669 1276 2741 1345 et
2776 1272 3084 1364 corporis
3123 1272 3510 1346 custodiam

412 1394 547 1465 soli
602 1395 747 1466 Deo
799 1392 1325 1484 derelinquens,
1389 1413 1515 1483 per
1576 1391 1983 1466 universum
2048 1397 2193 1465 tam
2256 1393 2666 1466 Polonicum
2740 1413 2944 1485 quam
3011 1392 3509 1475 Lithuanicum

411 1513 729 1602 volabat,
802 1513 1408 1604 discurrebatque,
1492 1533 1708 1604 equos
1780 1513 2218 1603 frequentius
2290 1513 2654 1602 mutando,
2729 1511 3117 1586 exercitum
3147 1569 3164 1602 ,
3249 1532 3510 1605 paucos

411 1633 675 1707 habens
732 1632 1054 1722 comiteS,
1121 1631 1429 1725 corporis
1495 1633 1819 1706 custodes
1875 1653 2039 1705 vero
2092 1633 2366 1719 nullos,
2437 1634 2691 1706 fractos
2747 1633 3026 1706 ordines
3081 1636 3152 1706 et
3204 1653 3509 1726 pugnam

412 1753 487 1825 in
543 1753 717 1826 locis
783 1753 1029 1827 multis
1084 1754 1268 1846 apud
1322 1752 1824 1826 Lithuanicum
1880 1751 2267 1826 exercitum
2322 1752 2735 1840 restituens,
2793 1754 3168 1846 fugamque
3221 1773 3507 1825 suorum

410 1894 829 1966 magnopere
882 1895 1104 1966 usque
1159 1873 1245 1945 ad
1295 1877 1685 1948 extremum
1739 1873 1973 1950 valido
2028 1874 2330 1946 clamore
2385 1877 2456 1948 et
2492 1871 2992 1947 vociferatione
3045 1872 3511 1966 nequicquam

412 1992 766 2067 inhibens.

827 2357 1223 2447 congruunt
1269 2360 1341 2430 ot
1383 2375 1601 2449 pugna
1645 2359 2052 2434 atrocissima
2096 2359 2275 2431 inter
2315 2357 2588 2431 roanos
2635 2361 2706 2431 ot
2733 2358 3107 2431 cruciferos.

624 2595 863 2688 Signis
917 2617 1160 2670 canere
1214 2595 1752 2688 incipientibuS,
1808 2597 2045 2690 regius
2082 2597 2458 2670 universus
2505 2589 2855 2670 exercitus
2891 2595 3199 2689 patrium
3237 2617 3510 2670 carmen

412 2717 639 2809 Bega
700 2715 1111 2790 Rodzicza
1181 2725 1429 2790 sonora
1490 2738 1657 2804 voce
1720 2717 2147 2792 vociferatus
2215 2721 2355 2805 est,
2431 2715 2680 2790 deinde
2740 2716 2969 2790 hastis
3030 2717 3361 2806 vibratis,
3436 2717 3511 2788 in

409 2837 759 2928 praelium
830 2837 1175 2928 prorupit.
1250 2836 1625 2911 Exercitus
1692 2841 1925 2911 tamen
1988 2836 2489 2925 Lithuanicus‚
2557 2836 2772 2910 Ducis
2829 2836 3220 2909 Alexandri
3284 2835 3508 2909 omnis

410 2978 645 3031 morae
708 2955 1145 3049 impatientis
1176 2955 1239 3046 ³)
1302 2957 1536 3046 iussu,
1593 2957 1785 3049 prior
1856 2949 1943 3029 ad
1999 2978 2448 3050 congressum
2502 2956 2720 3030 venit.
2802 2956 2953 3028 Iam
3027 2977 3102 3030 se
3172 2956 3510 3030 Nicolaus

409 3077 645 3170 Regni
697 3076 1031 3152 Poloniae
1085 3077 1732 3166 vicecancellarius,
1793 3099 1949 3150 cum
2005 3077 2485 3151 sacerdotibus
2540 3082 2610 3151 et
2645 3076 2940 3150 notariis
2997 3078 3082 3150 ad
3139 3081 3368 3150 castra
3402 3093 3507 3152 re-

408 3197 531 3291 gia
567 3217 1058 3289 processurae,
1114 3196 1189 3269 in
1226 3198 1606 3270 multarum
1652 3185 2107 3271 lacrimarum
2145 3197 2511 3286 effusione,
2571 3219 2612 3270 a
2647 3203 3022 3290 conspectu
3059 3198 3275 3292 Regis
3311 3219 3508 3270 aver-

408 3323 627 3406 terat,
685 3318 851 3389 dum
904 3317 1019 3390 illi
1073 3338 1197 3409 per
1248 3339 1465 3390 unum
1522 3339 1609 3390 ex
1646 3318 1941 3391 notariis
1988 3323 2400 3412 suggestum
2441 3322 2579 3390 est:
2638 3318 3058 3392 subsisteret
3112 3337 3506 3410 parumper,

408 3437 857 3531 acierumque
910 3436 1097 3511 inter
1130 3441 1275 3511 tam
1330 3437 1810 3511 validissimos
1847 3437 2201 3511 exercitus
2256 3439 2808 3530 praestolaretur
2861 3458 3340 3532 congressum:
3397 3460 3506 3510 ra-

408 3581 568 3630 rum
635 3578 839 3646 sane,
910 3579 1039 3631 nec
1101 3555 1341 3649 inpost
1410 3579 1717 3649 unquam
1793 3559 2170 3631 videndum
2255 3559 2758 3650 spectaculum.
2849 3559 3062 3632 Cuius
3126 3558 3252 3632 ille
3323 3558 3510 3632 dicto

408 3699 828 3770 persuasus,
884 3677 969 3749 ad
1006 3677 1259 3770 praelii
1314 3697 1759 3770 congressum
1815 3679 2052 3752 oculos
2108 3683 2180 3752 et
2215 3679 2496 3750 vultum
2533 3678 2902 3752 convertit.
2960 3679 3046 3751 In
3086 3678 3237 3770 ipso
3275 3682 3508 3751 autem

410 3797 753 3890 temporis
806 3797 1105 3871 articulo
1159 3798 1343 3871 acies
1391 3802 1727 3891 utraeque
1780 3799 1854 3872 in
1892 3799 2129 3890 valliS,
2187 3820 2364 3891 quae
2419 3798 2771 3872 exercitus
2825 3797 3216 3886 dividebat,
3257 3797 3508 3886 medio,

410 3919 697 3992 sublato
752 3919 837 3990 ab
873 3917 1197 4010 utrisque
1250 3919 1581 4005 clamore,
1640 3939 1844 4010 quem
1880 3920 2264 4013 pugnaturi
2317 3919 2516 3992 edere
2552 3922 3099 4006 consueverunt,
3141 3917 3510 3991 cruciferis

408 4040 839 4112 Polonorum
896 4039 1081 4112 acies
1134 4037 1499 4132 geminata,
1540 4039 1889 4112 duntaxat
1941 4040 2474 4113 bombardarum
2511 4039 2966 4132 proiectione,
2991 4043 2998 4054 '
3023 4059 3222 4111 casso
3262 4027 3512 4111 sudore

412 4159 763 4232 offendere
802 4163 870 4232 et
906 4159 1325 4232 confundere
1360 4159 1777 4248 nitentibuS,
1816 4181 2227 4254 congressae
2265 4165 2462 4249 sunt,
2505 4159 2826 4254 quamvis
2862 4159 3289 4232 Pruthenica
3325 4157 3512 4230 acies

410 4283 489 4352 et
540 4277 809 4370 impetu
863 4280 1300 4371 clamoreque
1336 4278 1698 4368 validiori,
1757 4284 1827 4353 et
1865 4301 1951 4354 ex
1994 4281 2274 4354 editiori
2310 4282 2462 4354 loco
2501 4280 2969 4354 concurrisset
3022 4280 3095 4352 in
3135 4283 3508 4377 certamen.

410 4399 639 4496 Erant
690 4398 766 4470 in
822 4383 1233 4490 congressus
1286 4399 1439 4472 loco
1495 4421 1621 4472 sex
1679 4421 1974 4492 quercus
2030 4401 2250 4490 altae,
2309 4421 2484 4493 quas
2539 4405 2609 4474 et
2665 4421 2899 4474 earum
2953 4421 3215 4488 ramos,
3273 4401 3511 4493 plures

408 4516 822 4590 mortalium
877 4518 993 4608 (de
1045 4517 1350 4610 Regisne
1404 4541 1493 4591 an
1548 4519 2055 4594 cruciferorum
2092 4521 2466 4610 exercitu,
2535 4521 2910 4611 incertum)
2975 4525 3046 4594 et
3098 4519 3509 4612 primarium

410 4635 725 4710 acierum
779 4658 1226 4730 congressum
1292 4643 1361 4712 et
1416 4641 1765 4712 fortunam
1830 4641 2202 4734 utriusque
2257 4641 2608 4715 exercitus
2686 4662 2982 4733 superne
3034 4640 3292 4730 visuri,
3349 4661 3508 4744 con-

411 4757 853 4832 scenderant.
910 4757 1179 4831 Tantus
1216 4763 1451 4831 autem
1488 4759 1723 4852 fragor
1777 4765 1847 4833 et
1883 4761 2192 4850 sonitus,
2251 4761 2534 4835 aciebus
2573 4760 2997 4854 congressis,
3055 4759 3258 4852 quasi
3294 4760 3512 4832 moles

408 4876 755 4968 quaedam
810 4875 1150 4956 immensa
1210 4878 1493 4951 ruinata
1559 4881 1768 4969 foret,
1835 4902 1920 4955 ex
1987 4881 2324 4954 fractione
2385 4881 2785 4955 lancearum
2849 4885 2921 4953 et
2974 4879 3340 4954 collisione
3401 4901 3510 4952 ar-

407 5016 719 5084 morum,
776 5001 921 5069 tam
976 5018 1269 5070 sonorus
1322 5020 1363 5071 a
1414 4999 1671 5093 gladiis
1726 5001 2035 5092 crepitus
2066 5005 2129 5092 ⁴)
2187 5001 2418 5074 editus
2475 5007 2617 5090 est,
2675 5003 2757 5074 ut
2793 5001 3006 5074 etiam
3063 5000 3149 5072 ab
3185 4998 3332 5089 his,
3391 4999 3516 5093 qui

636 5287 679 5365 ¹)
724 5289 1138 5366 Modolanyski
1188 5284 1339 5353 Cod.
1390 5285 1566 5353 Calv.
1630 5291 2020 5369 Medelausky
2064 5289 2189 5355 Ed.
2237 5289 2418 5375 Lips.
2481 5291 2907 5372 (Madalinski)
2983 5288 3028 5371 ’)
3074 5289 3325 5355 Nomen
3357 5313 3512 5376 pro-

405 5388 713 5557 cclgmatis
770 5391 1015 5452 Larissa
1069 5388 1478 5454 desideratur
1536 5393 1610 5456 in
1648 5391 1937 5458 omnibus
1983 5389 2180 5457 Oodd.
2253 5391 2311 5480 ³)
2359 5396 2670 5474 impatiens
2715 5391 2839 5456 Ed.
2889 5391 3069 5478 Lips.
3131 5391 3190 5474 ⁴)
3233 5397 3513 5474 strepitus

513 5491 576 5555 cl.
608 5491 783 5556 Kost.
