4342 6384
370 612 505 714 (Α.
544 612 635 687 D.
673 611 904 710 1410.)
1534 637 1760 690 mni-:R
1813 636 2269 690 tri-insonans,
3364 619 3461 690 83

370 826 440 896 et
491 843 632 894 non
685 820 1014 894 debemus
1071 842 1348 912 sperare
1413 822 1720 913 aliquam
1782 821 2305 914 benigniorem?
2379 821 2681 914 Sbigneo
2737 842 2897 895 vero
2962 822 3302 898 marsalco
3356 823 3460 896 di-

367 946 598 1030 cente,
665 945 817 1014 eam
879 961 1088 1032 quam
1151 941 1668 1032 pronuntiaret,
1743 942 2279 1032 peremptoriam
2343 943 2520 1030 fore,
2596 946 2667 1014 et
2732 941 2793 1014 si
2856 963 3026 1033 pace
3088 941 3458 1034 indigeret,

367 1061 801 1136 conditiones
856 1059 1433 1134 consideratiores
1488 1061 1744 1134 adferri
1799 1067 2147 1153 oportere;
2220 1062 2477 1136 adiecit
2530 1061 3091 1136 Commendator:
3150 1061 3459 1136 Confide-

363 1184 556 1270 bam,
613 1180 878 1272 inquit,
935 1179 1433 1271 aequissimam
1489 1180 2029 1273 supplicationis
2085 1201 2279 1254 meae
2318 1179 2740 1255 oblationem
2794 1183 3060 1276 Regem
3112 1182 3300 1256 ultro
3346 1202 3456 1255 ac-

364 1305 727 1393 cepturum
767 1300 845 1391 ¹),
911 1299 1613 1392 calamitosorumque
1661 1300 2134 1373 miserturum.
2190 1299 2452 1374 Verum
2516 1320 2640 1393 ego
2688 1300 3068 1392 legatione,
3126 1299 3455 1373 humilia-

366 1421 554 1494 tione
609 1424 682 1493 et
734 1420 1086 1493 oblatione
1140 1420 1496 1512 praesenti
1551 1420 1909 1512 expiatum
1961 1425 2196 1509 ratus,
2254 1420 2627 1512 quicquam
2658 1418 2720 1508 2)
2778 1441 2865 1492 ex
2918 1425 3129 1511 rupto
3186 1419 3458 1494 foedere

361 1541 622 1615 irarum
677 1539 752 1612 in
805 1561 932 1613 nos
989 1539 1334 1612 saevierat
1389 1540 1830 1628 coelestium,
1898 1540 1983 1612 de
2038 1547 2267 1614 castro
2334 1539 2936 1631 Marienburgensi
2999 1540 3195 1611 nullo
3248 1543 3454 1629 pacto

361 1661 724 1748 excedam,
791 1658 1103 1752 quinimo
1160 1659 1245 1731 de
1300 1659 1798 1750 omnipotentis
1853 1659 1985 1732 Dei
2048 1659 2321 1732 auxilio
2377 1665 2447 1732 et
2502 1661 2761 1732 Beatae
2816 1659 3076 1733 Mariae
3141 1658 3455 1752 Virginis

259 1778 266 1784 ’
359 1781 586 1854 tutela
648 1780 984 1866 confisus,
1052 1777 1414 1851 defendere
1478 1778 1658 1850 illud
1713 1799 1836 1870 pro
1903 1777 2175 1851 viribus
2240 1779 2568 1850 conabor:
2644 1797 2771 1850 nec
2831 1777 3062 1869 patiar
3126 1777 3455 1851 Ordinem

357 1921 621 1986 meum,
679 1899 890 1972 etiam
929 1899 993 1970 si
1030 1903 1344 1970 extrema
1398 1898 1804 1989 perferenda
1858 1899 2035 1988 sint,
2094 1898 2197 1972 sic
2234 1898 2538 1971 faciliter
2574 1898 2881 1972 deletum
2919 1897 3031 1972 iri.
3090 1897 3454 1972 Conventu

357 2019 737 2107 dissoluto,
802 2019 960 2092 Rex
1026 2017 1100 2089 in
1153 2018 1714 2106 tabernaculum,
1777 2017 2130 2091 Henricus
2195 2018 2267 2091 in
2334 2023 2644 2092 castrum
2708 2017 3155 2110 Marienburg
3218 2038 3293 2091 se
3344 2039 3450 2091 re-

355 2141 563 2232 cepit.
639 2137 918 2212 Oblatio
972 2141 1205 2210 autem
1270 2137 1861 2211 commendatoris
1892 2137 1954 2229 ³)
2020 2137 2312 2212 Henrici
2376 2144 2522 2210 tam
2596 2137 2947 2210 submissa
3010 2141 3080 2211 et
3130 2136 3449 2224 humilia,

353 2281 677 2353 magnam
730 2257 996 2332 credita
1049 2261 1158 2330 est
1213 2255 1771 2330 commoditatem
1826 2257 2284 2332 crucifericae
2336 2259 2522 2349 parti
2578 2257 2933 2346 attulisse,
2992 2261 3062 2330 et
3117 2255 3451 2350 quicquid

355 2400 442 2454 ex
499 2379 770 2453 foedere
821 2380 1028 2468 rupto
1085 2375 1342 2448 irarum
1401 2376 1808 2449 coelestium
1853 2377 1940 2450 ‘in
1978 2377 2365 2451 cruciferos
2422 2378 2889 2468 superfuerat,
2948 2377 3065 2449 vel
3100 2375 3447 2467 expiasse,

353 2501 468 2574 vel
519 2497 966 2571 diminuisse:
1044 2495 1231 2587 parti
1296 2515 1460 2567 vero
1526 2496 1758 2588 regiae
1821 2496 1906 2569 ob
1971 2497 2365 2589 superbiam
2431 2496 2785 2584 nocuisse;
2860 2495 3448 2587 temerariumque

353 2618 592 2692 docuit
623 2619 686 2706 4)
722 2615 1084 2707 responsio
1121 2615 1274 2703 illa,
1315 2614 1601 2707 cuique,
1641 2615 1856 2689 donec
1892 2616 2183 2690 victoris
2222 2621 2293 2690 et
2329 2616 2503 2688 victi
2558 2616 2823 2690 incerta
2860 2619 2969 2689 est
3005 2614 3334 2702 conditi0,
3377 2619 3447 2686 et

349 2739 759 2830 priusquam
815 2736 1184 2809 claudatur
1235 2735 1536 2823 bellum,
1593 2735 1960 2809 insultare.
2018 2737 2083 2808 A
2121 2736 2235 2809 die
2290 2735 2477 2810 enim
2513 2735 2665 2824 illa,
2722 2730 3063 2808 'felicitate
3102 2733 3319 2826 Regis
3374 2736 3446 2806 et

353 2879 636 2931 suorum
675 2855 937 2929 sensim
975 2855 1286 2942 labente,
1327 2875 1540 2927 causa
1576 2854 1858 2926 Ordinis
1895 2854 2118 2949 magis
2160 2855 2500 2930 secundos
2538 2859 2830 2928 eventus
2882 2855 3137 2928 habere
3190 2851 3441 2944 coepit.

345 2977 604 3050 Paucis
661 2975 1006 3067 siquidem
1058 2977 1220 3066 post
1273 2974 1520 3047 diebus
1543 3029 1560 3062 ,
1615 2974 1856 3047 hostes
1911 2995 2000 3048 ex
2053 2979 2283 3048 castro
2339 2973 2414 3046 in
2450 2974 2714 3048 milites
2768 2978 2993 3048 terrae
3030 2973 3439 3047 Wielunen·

347 3096 447 3170 sis
478 3095 567 3187 5),
625 3094 1100 3188 negligentius
1156 3093 1340 3166 circa
1391 3093 1806 3166 bombardas
1862 3094 2315 3167 observantes
2363 3094 2726 3182 excubias,
2783 3093 3145 3182 insiliunt,
3205 3096 3275 3165 et
3327 3113 3438 3166 ca-

271 3227 276 3230 ’
346 3215 622 3308 ptivato
658 3212 1150 3307 primipilario,
1191 3213 1580 3286 vulneratis
1620 3235 1895 3306 quoque
1933 3214 2117 3286 haud
2148 3214 2214 3303 ⁶)
2250 3215 2526 3306 paucis,
2567 3213 2839 3307 aliquot
2874 3213 3085 3288 etiam
3122 3212 3439 3286 bombar-

343 3337 470 3409 das
499 3335 877 3408 violarunt.
907 3333 1162 3406 Paullo
1190 3353 1354 3406 vero
1393 3339 1574 3424 post,
1615 3333 1832 3408 Ducis
1871 3334 2223 3407 Masoviae
2251 3333 2564 3406 Ianussii
2600 3332 2865 3406 vexillo
2902 3353 3104 3425 pares
3143 3332 3440 3406 faciente

345 3454 712 3542 excubiaS,
768 3452 1036 3543 impetu
1091 3473 1217 3524 suo
1271 3453 1648 3526 bombarda
1701 3474 1977 3526 murum
2039 3452 2253 3525 unius
2309 3458 2600 3526 exustae
2663 3451 2739 3525 in
2795 3451 3047 3545 oppido
3114 3451 3433 3542 lapideae

342 3574 720 3660 collidens,
774 3571 1035 3663 viginti
1068 3571 1132 3661 ⁷)
1184 3571 1486 3661 milites,
1544 3572 1666 3664 qui
1723 3575 1964 3646 subter
2015 3593 2292 3646 murum
2346 3572 2838 3661 constiterant,
2898 3594 3025 3645 sua
3078 3573 3260 3644 mole
3314 3590 3433 3662 op-

339 3693 624 3786 pressit.
683 3692 822 3765 Sed
875 3710 1100 3781 neque
1137 3696 1305 3764 tunc
1359 3693 1864 3781 tantummode,
1923 3693 2046 3766 sed
2100 3696 2170 3766 et
2242 3693 2479 3784 inpost
2506 3691 2571 3783 ⁸)
2626 3694 2887 3784 Regem
2942 3692 3017 3764 in
3069 3691 3435 3783 plurisque

339 3813 708 3888 eventibus
763 3815 973 3902 atque
1025 3810 1512 3904 progressibus
1568 3833 1772 3885 casus
1829 3812 2105 3886 adversi
2160 3813 2698 3900 comitabantur,
2764 3812 3083 3884 habendo
3148 3812 3234 3883 ad
3287 3811 3430 3902 pri-

338 3954 606 4006 morum
662 3936 1087 4022 temporum,
1145 3930 1402 4022 quibus
1457 3932 1572 4004 illi
1624 3932 1910 4024 grandis
1966 3931 2269 4005 felicitas
2308 3931 2670 4021 arriserat,
2727 3932 3315 4023 comparationem
3362 3934 3433 4003 et

334 4056 752 4144 respectum.
810 4051 1034 4123 Tanta
1087 4051 1388 4142 denique
1443 4051 1516 4124 in
1555 4051 1744 4145 regio
1799 4051 2114 4126 exercitu
2167 4073 2597 4140 muscarum,
2657 4074 2746 4125 ex
2794 4050 3247 4126 cadaveribus
3284 4072 3428 4122 mo-

335 4171 671 4244 rientium
727 4189 1094 4262 equorum,
1163 4191 1251 4242 ex
1315 4170 1679 4244 intestinis
1741 4192 2067 4262 pecorum
2133 4176 2257 4243 aut
2308 4172 2685 4262 pecudum,
2751 4177 2964 4263 atque
3028 4192 3116 4242 ex
3171 4171 3431 4242 foetore

337 4296 408 4363 et
465 4293 658 4379 fimo,
723 4293 1054 4382 generata
1115 4289 1496 4363 multitudo
1562 4295 2036 4379 succreverat,
2093 4294 2177 4361 ut
2238 4312 2377 4362 non
2432 4291 2506 4363 in
2561 4313 2896 4364 nauseam
2952 4290 3431 4364 tantummodo

335 4410 710 4497 exercitui,
786 4409 907 4482 sed
971 4413 1042 4482 et
1113 4409 1188 4480 in
1249 4431 1540 4500 poenam
1603 4415 2016 4483 verteretur.
2103 4410 2609 4484 Universorum
2681 4432 2843 4483 vero
2918 4415 3428 4483 commeatuum

330 4529 617 4622 grandis
681 4534 752 4602 et
805 4527 930 4600 vix
994 4528 1334 4601 credenda
1395 4529 1856 4618 abundantia,
1924 4531 2202 4622 qualem
2257 4551 2381 4603 nec
2436 4529 2595 4621 quis
2659 4531 2735 4603 in
2788 4530 3069 4622 propria
3133 4529 3301 4602 aede
3357 4533 3427 4600 et

331 4648 686 4722 domicilio
763 4647 1005 4720 sortiri
1073 4653 1343 4739 posset,
1411 4649 1727 4740 quolibet
1797 4650 2074 4723 defectu
2139 4649 2699 4742 circumscripte,
2758 4650 3166 4723 habebatur.
3242 4647 3427 4740 Equi

331 4769 472 4841 fere
527 4769 612 4840 de
665 4765 996 4839 universo
1052 4768 1368 4841 exercitu
1422 4769 1496 4841 in
1549 4769 1856 4842 insulam
1913 4770 2255 4842 Zolawam
2286 4753 2613 4858 deducti,
2670 4770 2745 4842 in
2780 4767 3011 4843 bladis
3066 4769 3422 4856 villarum,

331 4909 504 4979 quas
559 4886 789 4960 coloni
852 4887 1328 4975 deseruerant,
1404 4909 1543 4961 non
1610 4910 1809 4962 secus
1873 4910 2079 4980 quam
2144 4889 2415 4962 bestiae
2485 4889 2864 4962 indomitae
2934 4889 3421 4980 pascebantur.

329 5007 636 5098 Quorum
691 5005 1014 5078 custodes
1051 5006 1290 5078 domos
1328 5007 1707 5100 agrestium
1748 5009 2270 5100 transfugarum
2307 5009 2640 5101 ingressi,
2680 5029 2838 5082 cum
2875 5008 3155 5101 singula
3190 5028 3420 5099 prom-

543 5294 589 5372 ¹)
634 5300 1073 5372 acceptaturum
1117 5293 1243 5357 Ed.
1278 5294 1459 5379 Lips.
1509 5295 1564 5376 2)
1609 5297 1890 5374 quicquid
1939 5293 2089 5360 Cocl.
2121 5295 2313 5360 Rozr.
2372 5295 2424 5377 ⁸)
2472 5299 2743 5374 Magistri
2788 5298 3217 5361 cruciferorum
3267 5293 3418 5360 Cod.

328 5393 506 5459 Calv.
559 5395 615 5476 ⁴²)
659 5397 862 5458 docuit
905 5415 1039 5458 esse
1087 5393 1239 5460 Cod.
1270 5395 1464 5461 Rozr.
1517 5397 1568 5478 ⁵)
1600 5399 1979 5461 Veluniensis
2036 5396 2190 5463 (lod.
2226 5396 2403 5463 Calv.
2452 5399 2507 5481 ⁶)
2540 5420 2657 5462 non
2692 5395 2844 5464 God.
2867 5397 3060 5462 Rozr.
3112 5399 3163 5480 ⁷)
3195 5401 3420 5478 ingenti

320 5497 446 5562 Ed.
495 5496 680 5582 Lips.
732 5498 784 5579 ⁸)
829 5505 1040 5578 postea
1089 5495 1240 5563 Cod.
1277 5496 1470 5563 Rozr.
