4342 6384
1204 606 1354 681 448
1459 658 1467 664 -
2392 628 2616 684 numu
2669 629 3126 687 monemus.
3757 600 3893 706 (Α.
3936 602 4037 677 D.
4082 596 4315 701 1431.)

1205 813 1609 886 excludunt.
1680 812 2150 905 Fuissentque
2216 820 2286 887 et
2340 814 2504 887 Dux
2580 815 2938 907 Switrigal
2992 821 3061 887 et
3115 835 3350 887 omnes
3407 834 3573 886 snae
3623 817 3868 905 gentes
3927 818 4116 885 tunc
4172 810 4310 881 vir·

1203 940 1354 1005 tute
1410 932 1535 1005 Dei
1591 954 1713 1023 per
1765 934 2068 1005 Polonos
2133 941 2557 1025 prostratae,
2626 935 2686 1007 si
2750 935 3047 1026 praefati
3109 935 3399 1006 barones
3456 954 3618 1005 mox
3670 933 3746 1005 in
3800 933 4127 1004 adventu
4186 951 4310 1001 suo

1200 1052 1570 1139 instand0,
1627 1054 1971 1144 perculsis
2027 1054 2461 1128 addidissent
2518 1055 2866 1143 timorem,
2926 1060 2995 1127 et
3047 1055 3302 1125 flumen
3342 1050 3489 1126 S't-ir
3536 1053 3996 1138 transeundo,
4063 1052 4310 1122 hoste-s

1200 1172 1501 1244 fuissent
1554 1174 1890 1265 aggressi.
1950 1172 2087 1245 Sed
2141 1173 2537 1265 ignorantia
2592 1175 2955 1262 vadorum,
3014 1174 3335 1246 hostibus
3391 1179 3729 1264 stragem,
3794 1172 4100 1243 Polonis
4159 1169 4307 1260 ple·

1200 1313 1361 1363 nam
1425 1292 1789 1364 victoriam
1854 1292 2132 1364 ademit.
2200 1294 2382 1364 Dum
2445 1298 2679 1367 autem
2744 1294 3031 1367 Polonis
3088 1302 3157 1366 et
3196 1296 3250 1382 ¹)
3305 1293 3682 1365 Lithuanis
3735 1313 3861 1383 pro
3921 1291 4086 1381 ripa
4143 1289 4310 1359 hinc

1201 1412 1362 1484 inde
1415 1411 1948 1500 dimicantibuS,
2005 1412 2445 1485 Wladislaus
2482 1415 2638 1486 Rex
2676 1435 2831 1486 cum
2870 1414 3187 1505 potentia
3250 1413 3683 1486 exercituum
3740 1397 4034 1482 suorum
4067 1407 4137 1497 ²)
4194 1429 4309 1479 ve-

1203 1552 1560 1623 sperorum
1615 1532 1786 1602 hora
1841 1532 2394 1622 supervenisset,
2452 1533 2744 1605 barones
2800 1534 3130 1626 praefati,
3172 1533 3353 1604 nihil
3390 1530 3867 1623 profunditate
3904 1528 4123 1600 fluvii
4164 1528 4311 1601 Stir

1201 1651 1550 1737 deterriti,
1609 1671 1766 1722 cum
1819 1651 2147 1742 gentibus
2204 1652 2532 1742 plurimis
2589 1652 2660 1724 in
2699 1653 2880 1726 illud
2918 1652 3328 1743 prosiliunt,
3370 1656 3441 1723 et
3477 1671 3677 1723 amne
3715 1654 4093 1741 superato,
4155 1668 4309 1718 cum

1200 1771 1272 1843 in
1328 1770 1652 1861 pluribus
1717 1769 1891 1842 locis
1947 1791 2070 1861 per
2125 1772 2629 1863 experientiam
2696 1773 2874 1843 vada
2935 1776 3286 1863 comperta
3342 1774 3606 1858 essent,
3673 1770 3814 1842 fere
3867 1773 4077 1840 totus
4135 1766 4306 1839 resi-

1205 1890 1391 1963 duus
1431 1891 1781 1962 exercitus
1818 1890 2077 1962 flumen
2103 1912 2227 1982 per
2255 1891 2432 1964 vada
2461 1890 2770 1978 traiecit,
2810 1892 3001 1964 Duce
3040 1890 3396 1982 Switrigal
3437 1889 3872 1964 exercituum
3917 1908 4223 1959 suorum
4252 1883 4311 1972 ³)

1202 2011 1384 2083 acies
1441 2010 1829 2082 ordinante.
1888 2010 2145 2083 Verum
2201 2030 2357 2082 cum
2414 2010 2596 2082 idem
2654 2011 2814 2082 Dux
2872 2009 3227 2102 Switrigal
3280 2010 3667 2101 potentiam
3713 2009 4157 2081 Polonorum
4196 2026 4308 2075 va-

1202 2130 1415 2202 lidam
1457 2136 1526 2202 et
1564 2131 1812 2202 fortem
1868 2128 2322 2217 advertisset,
2382 2130 2669 2202 civitate
2732 2130 3082 2215 Luczsko,
3150 2150 3235 2201 ne
3291 2129 3442 2200 eius
3496 2128 3751 2220 praeda
3804 2126 4068 2199 Poloni
4128 2124 4307 2215 poti-

1200 2253 1474 2337 rentur,
1531 2248 1845 2335 incensa,
1903 2248 2170 2338 primus
2228 2248 2300 2319 in
2356 2251 2591 2341 fugam
2629 2250 2908 2340 lapsuS,
2965 2248 3316 2339 reliquum
3355 2269 3624 2320 omnem
3660 2246 4062 2320 exercitum
4105 2265 4307 2315 suum

1201 2369 1275 2440 in
1331 2369 1563 2461 fugam
1619 2367 1856 2440 vertit.
1913 2367 2136 2440 Nulla
2190 2368 2429 2461 itaque
2482 2368 2931 2441 dimicatione
2985 2375 3108 2441 ant
3162 2366 3569 2440 resistentia
3623 2368 3836 2452 facta,
3894 2366 4154 2436 hostes
4190 2383 4309 2453 per

1198 2489 1403 2581 plura
1465 2487 1915 2579 diffugientes
1980 2487 2269 2576 itinera,
2340 2494 2463 2560 aut
2521 2488 3083 2575 trucidabantur,
3151 2493 3274 2559 aut
3328 2486 3898 2577 captivabantur,
3964 2488 4041 2554 et
4101 2479 4308 2553 mult-i

1200 2608 1563 2695 mortaleS,
1619 2606 1828 2679 immo
1883 2607 2105 2679 maior
2157 2628 2319 2698 pars
2376 2607 2727 2681 exercitus
2782 2607 3099 2694 hostiliS,
3155 2606 3423 2698 gladie,
3474 2607 3638 2678 dum
3675 2604 4055 2677 debilitate
4097 2623 4306 2693 equo·

1196 2750 1352 2800 rum
1409 2729 1643 2819 fugere
1706 2748 1841 2798 non
1906 2732 2212 2817 poterat,
2271 2732 2714 2817 consumpta,
2783 2726 3037 2799 caeteri
3094 2726 3314 2816 capti,
3379 2726 3586 2816 pauci
3641 2725 3803 2816 fuga
3860 2744 3937 2795 se
3977 2724 4307 2794 salvave-

1197 2853 1386 2920 runt.
1445 2846 1826 2919 Gastoldus
1882 2852 1954 2917 et
2007 2846 2447 2918 Rumboldus
2479 2847 2540 2933 ⁴)
2596 2847 2981 2918 marsalcus
3041 2845 3495 2933 Lithnaniae,
3552 2865 3708 2917 cum
3763 2842 4106 2933 pluribus
4146 2840 4307 2912 aliis

1199 2966 1575 3039 Lithuanis
1633 2971 1701 3039 et
1754 2965 2107 3038 Ruthenis
2162 2966 2352 3057 capti
2408 2970 2608 3053 sunt3
2662 2966 2917 3057 praeda
2972 2966 3197 3037 omnis
3234 2965 3308 3036 in
3347 2964 3664 3035 curribus
3711 2969 4024 3053 reperta,
4092 2958 4311 3032 militi

1200 3106 1527 3157 concessa
1583 3090 1712 3157 est.
1770 3085 1932 3156 Dux
1986 3085 2137 3175 ipse
2196 3085 2552 3177 Switrigal
2606 3106 2693 3157 ex
2749 3086 3146 3157 coniectura
3199 3083 3609 3170 verisimili,
3682 3081 4110 3154 credebatur
4165 3080 4306 3150 die-

1200 3206 1332 3277 bus
1385 3204 1708 3295 pluribus
1763 3202 2206 3291 interfectus,
2264 3205 2428 3275 dum
2486 3204 2705 3277 vestis
2762 3205 3100 3296 quaedam
3158 3224 3287 3275 sua
3341 3203 3681 3294 sanguine
3733 3201 4064 3286 rubrata,
4127 3199 4313 3271 inter

1201 3324 1427 3415 spolia
1482 3327 1834 3413 comperta
1888 3328 1958 3394 et
2009 3323 2367 3415 recognita
2429 3324 2678 3396 fuisset
2709 3322 2803 3410 5);
2874 3325 3078 3413 quem
3144 3321 3581 3394 Wladislaus
3644 3320 3902 3393 amaris
3970 3320 4311 3391 lamentis

1199 3448 1269 3515 et
1306 3442 1586 3514 fletibus
1626 3441 2111 3535 deplangebat.
2170 3440 2430 3532 Oppidi
2482 3443 2798 3513 Luczsko
2846 3442 3184 3532 reliquiae
3221 3462 3343 3532 per
3380 3439 4022 3530 exercitneregis
4066 3438 4309 3509 incen-

1199 3582 1314 3633 sae
1369 3567 1438 3632 et
1493 3560 1762 3633 deletae
1826 3564 2012 3631 sunt.
2080 3561 2361 3632 Accidit
2416 3567 2487 3632 et
2541 3561 2653 3633 die
2715 3561 2842 3632 illo
2905 3561 3193 3633 Polonis
3251 3581 3454 3633 casus
3510 3560 3842 3632 infestus:
3912 3579 4083 3629 nam
4142 3559 4310 3629 dum

1197 3680 1522 3751 nonnulli
1578 3679 1873 3765 milites,
1933 3678 2264 3751 videlicet
2319 3680 2615 3751 Iacobus
2672 3680 2753 3752 de
2809 3681 3067 3772 Rogow
3123 3680 3353 3751 dictus
3409 3678 3778 3770 Nadobny,
3834 3678 4152 3749 Iacobus
4189 3677 4310 3747 Li-

1196 3820 1417 3890 ganza
1446 3798 1533 3887 ⁰),
1572 3798 1838 3870 Paulus
1877 3797 2316 3888 Zborzensky
2340 3800 2424 3885 ⁷),
2466 3798 2813 3871 Henricus
2851 3800 3375 3889 Pakoslawsky,
3417 3798 3771 3870 Sulislaus
3811 3797 4217 3887 Syraczsky
4249 3796 4312 3882 8)

1200 3923 1268 3989 et
1323 3916 1618 3989 Iacobus
1682 3917 2206 4008 Komorowsky,
2275 3917 2555 4009 longius
2621 3919 2966 4010 fugientes
3029 3919 3267 3989 hostes
3334 3916 3847 4008 persequendo,
3906 3937 3949 3986 a
4006 3916 4312 3988 caeteris

1201 4036 1487 4107 Polonis
1543 4056 1616 4107 se
1671 4043 2263 4127 sequestrassont,
2330 4037 2654 4109 Thartari
2720 4059 2955 4109 eorum
3018 4037 3373 4128 paucitate
3430 4040 3836 4127 conspecta,
3895 4035 3975 4106 in
4031 4056 4159 4105 eos
4218 4035 4311 4105 ir·

1200 4160 1514 4240 ruenteS,
1572 4154 1957 4245 confligunt
1986 4154 2047 4241 9)
2105 4165 2175 4226 et
2231 4156 2476 4226 multis
2540 4156 2830 4228 inflictis
2900 4157 3340 4244 vulneribuS,
3409 4156 3749 4247 spoliatos
3805 4154 4145 4225 omnibus
4201 4176 4308 4226 re·

1199 4273 1364 4358 bna,
1420 4273 1829 4363 relinquunt
1883 4273 2282 4345 semivivos,
2342 4273 2476 4363 Qui
2530 4275 2810 4346 nonnisi
2866 4276 2976 4346 die
3024 4277 3249 4348 altera
3287 4299 3327 4347 a
3365 4277 3513 4348 suis
3551 4273 3824 4347 inventi
3862 4279 3935 4344 et
3976 4273 4068 4343 ad
4111 4294 4312 4345 exer·

1200 4391 1417 4462 citum
1472 4391 1774 4477 reducti,
1833 4411 2100 4478 omneS,
2157 4398 2432 4482 praeter
2486 4394 2783 4464 Paulum
2841 4394 3306 4486 Zborzensky,
3366 4416 3450 4467 ex
3508 4393 3923 4465 vulneribus
3966 4392 4313 4483 acceptiS,

1202 4531 1378 4601 quae
1435 4530 1700 4581 vermes
1757 4514 1826 4580 et
1881 4509 2139 4582 culices
2197 4531 2321 4581 suo
2379 4532 2610 4584 morsu
2668 4513 2994 4584 continuo
3052 4518 3672 4605 exasperaverant,
3731 4512 3999 4583 mortui
4057 4519 4261 4584 sunt.

1419 4794 1466 4877 ¹)
1515 4816 1644 4857 cum
1694 4793 1845 4859 Cod.
1892 4795 2085 4858 Rozr.
2120 4795 2176 4879 2)
2210 4800 2499 4858 exercitus
2534 4800 2626 4859 sui
2669 4798 2819 4859 eod.
2856 4798 3048 4861 Rozr.
3085 4797 3140 4878 ⁸)
3175 4801 3467 4859 exercitus
3498 4800 3589 4858 sui
3626 4794 3779 4859 Cod.
3814 4795 4020 4860 Rozr.
4055 4796 4117 4876 ⁸)
4147 4799 4321 4859 Rem·

1203 4901 1414 4960 boldus
1464 4895 1615 4961 Cod.
1666 4895 1844 4960 Calv.
1891 4900 1941 4978 ⁵)
1987 4905 2147 4960 esset
2188 4898 2315 4961 Ed.
2364 4897 2542 4981 Lips.
2592 4898 2643 4978 ⁶)
2676 4901 2910 4976 —Ligeza
2953 4895 3104 4961 Cod.
3138 4899 3313 4961 Kost.
3352 4900 3401 4980 ⁷)
3436 4900 3904 4976 Szborzenysky
3938 4896 4107 4963 Cod.
4145 4899 4320 4964 Calc.

1210 5001 1262 5082 s)
1309 5002 1582 5061 Siradzki
1626 4999 1754 5062 Ed.
1799 4999 1982 5082 Lips.
2030 5000 2086 5080 ⁹)
2132 5020 2261 5063 cum
2308 5003 2528 5062 eisdem
2575 5004 2896 5078 confligunt
2944 4998 3094 5063 cod.
3140 5000 3335 5063 Rozr.
