4342 6384
844 507 996 578 330
2029 531 2259 582 LIBER
2309 531 2775 583 unnncmns.
2825 593 2832 600 ,
3372 507 3506 607 (Α.
3545 505 3637 580 D.
3679 503 3956 603 1424.)

846 715 1077 784 torum
1131 712 1554 784 Franciscus
1609 714 1897 786 Foscari
1934 715 2012 802 ¹),
2070 714 2419 805 multique
2471 714 2596 787 alii
2652 715 2855 787 Orbis
2908 715 3313 807 Principes;
3370 716 3680 805 adeoque
3739 711 3954 797 saliit,

846 833 1081 903 fausta
1146 836 1217 904 et
1282 833 1575 920 famosa,
1642 839 1713 906 et
1776 835 2097 906 omnibus
2162 833 2286 924 qui
2349 834 2744 922 audierant,
2811 840 3012 925 grata
3077 834 3212 905 fuit
3264 832 3752 905 huiuscemodi
3807 830 3956 902 filii

844 951 1219 1039 nativitas,
1276 955 1357 1023 ut
1409 953 1539 1023 Dei
1595 953 2108 1043 providentiam
2164 953 2684 1044 multipliciter,
2753 960 2826 1026 et
2879 956 3096 1046 Regis
3153 953 3340 1025 senis
3395 952 3956 1024 foecunditatem

846 1070 1286 1158 attollerent,
1345 1075 1415 1142 et
1449 1072 1738 1143 nuntios
1774 1073 2037 1162 regiOS,
2093 1073 2537 1144 nativitatem
2577 1073 2728 1178 filii·
2755 1074 3280 1160 denuntiante3‚
3337 1071 3690 1144 munificis
3740 1067 3960 1139 donis

845 1190 1293 1262 honorarent.

848 1539 1258 1611 Lublinensis
1316 1542 1521 1625 terra,
1578 1556 1664 1610 ne
1719 1541 1799 1611 ab
1846 1541 2122 1612 ecclesis
2180 1541 2585 1612 cracoviensi
2644 1542 2982 1612 abstracta
3039 1540 3400 1613 chelmensi
3461 1540 3958 1628 adiungeretur,

852 1659 1166 1747 stignus
1213 1660 1555 1748 episcopus
1599 1659 2042 1730 cracoviensis
2087 1658 2422 1749 depugnat
2459 1663 2689 1731 eontra
2716 1660 2952 1748 nego·
2984 1663 3054 1730 et
3085 1661 3452 1749 episcopani
3481 1659 3957 1730 chalmontem.

3169 1834 3188 1862 0

1060 1905 1171 1974 Ex
1224 1903 1529 1975 Russiae
1584 1902 1793 1974 terris
1855 1902 2294 1974 Wladislaus
2348 1903 2503 1975 Rex
2533 1902 2594 1991 2)
2649 1902 2722 1974 in
2759 1895 3210 1975 Lithuaniam
3248 1904 3624 1996 processit,
3675 1907 3746 1975 et
3799 1903 3992 1975 hie--

854 2021 989 2093 mis
1054 2027 1365 2111 tempuS,
1431 2020 1922 2092 venationibus
1988 2021 2335 2108 intentus,
2399 2021 2725 2109 deduxit,
2791 2022 3092 2113 singulis
3156 2023 3570 2096 necessariis
3636 2023 3724 2093 ab
3783 2022 3954 2091 Ale-

856 2141 1122 2212 xandro
1188 2139 1587 2210 Withawdo
1651 2142 2087 2230 procuratus,
2157 2139 2585 2212 Confessoris
2649 2144 2880 2212 autem
2948 2141 3059 2213 sui
3113 2141 3450 2213 Iohannis
3515 2141 3958 2213 chelmensis

858 2257 1202 2350 episcopi,
1258 2257 1522 2329 ordinis
1560 2258 2156 2344 Praedicatorum,
2215 2279 2416 2349 prece
2453 2262 2524 2330 et
2557 2259 3006 2349 persuasione
3041 2260 3458 2352 instigatus,
3509 2264 3773 2331 terram
3812 2259 3954 2330 Lu-

860 2377 1249 2450 blinensem
1314 2377 1618 2467 amplam
1675 2381 1743 2448 et
1796 2376 2178 2447 notabilem
2241 2377 2643 2450 abstrahere
2697 2398 2738 2448 a
2791 2378 3231 2450 cracoviensi
3293 2378 3555 2451 diocesi
3621 2384 3695 2450 et
3749 2378 3954 2448 Chel-

860 2496 1086 2569 mensi
1140 2495 1525 2587 applicare,
1581 2493 1657 2566 in
1712 2495 2182 2585 oppidumque
2236 2494 2664 2568 Lublinense
2719 2497 3130 2569 cathedram
3185 2498 3668 2570 chelmensem
3725 2502 3956 2568 trans-

864 2617 1073 2702 ferre,
1132 2621 1425 2686 conatus
1480 2619 1622 2700 est;
1677 2619 1759 2685 ut
1814 2634 2088 2704 quoque
2144 2615 2510 2686 conatibus
2565 2615 2713 2686 suis
2767 2616 3172 2688 firmitatem
3225 2617 3558 2690 maiorem
3597 2616 3958 2702 adiiceret,

863 2755 988 2826 per
1031 2733 1401 2805 Nicolaum
1456 2732 1796 2802 Lasoczki
1828 2729 1890 2821 ³)
1945 2731 2372 2803 Canonicum
2408 2733 2962 2820 Cracoviensem,
3003 2735 3327 2806 nuntium
3369 2756 3609 2823 suum,
3651 2735 3964 2807 obtinuit

866 2851 1270 2924 huiusmodi
1325 2849 1915 2921 abstractionenm
1970 2854 2041 2920 et
2094 2850 2624 2921 translationem
2662 2851 2845 2941 apud
2883 2851 3262 2924 Martinum
3317 2853 3585 2944 Papam
3634 2853 3960 2944 quintum

868 2969 1285 3043 confirmari.
1353 2968 1503 3058 Qua
1565 2967 1825 3038 iniuria
1888 2967 2236 3058 Sbigneus
2301 2968 2777 3040 cracoviensis
2832 2970 3230 3061 episcopus,
3297 2993 3434 3042 non
3491 2992 3696 3044 secus
3754 2991 3959 3062 quam

868 3110 998 3181 par
1054 3093 1234 3174 erat,
1290 3089 1522 3157 motus
1552 3084 1640 3172 4),
1698 3104 1945 3174 magno
2003 3084 2234 3155 animo
2290 3085 2675 3176 consurgit,
2734 3091 2802 3158 et
2855 3109 3128 3158 murum
3185 3109 3292 3176 se,
3349 3111 3435 3162 ne
3489 3089 3795 3161 diocesis
3836 3110 3964 3159 sua

876 3207 1347 3290 scinderetur,
1406 3202 1763 3292 opposuit,
1820 3223 1901 3273 ac
1952 3202 2256 3292 primum
2309 3202 2776 3274 Wladislaum
2830 3206 3090 3296 Regem
3130 3210 3312 3295 orat,
3369 3211 3452 3278 ut
3490 3208 3553 3278 si
3589 3228 3960 3298 personam

874 3347 1072 3398 suam
1127 3323 1411 3414 dignam
1466 3319 1908 3392 execratione
1961 3320 2276 3407 duceret,
2336 3320 2593 3392 omissa
2646 3321 3120 3395 ctaeoviensis
3159 3325 3493 3398 ecclesiae
3534 3325 3834 3413 offensa,
3891 3325 3964 3396 in

871 3447 1103 3538 ipsum
1158 3441 1397 3534 potius
1451 3443 1758 3512 verteret
1812 3437 1986 3526 iraS,
2046 3459 2120 3510 se
2177 3439 2262 3510 ad
2300 3438 2708 3529 sanguinem
2745 3445 2816 3512 et
2853 3445 3141 3512 mortem
3179 3443 3570 3516 defensioni
3627 3445 3964 3518 ecclesiae

871 3586 1010 3637 non
1064 3564 1493 3635 defuturum.
1551 3557 1977 3649 Dignaretur
2031 3561 2262 3628 tamen
2309 3557 2684 3646 prudenter
2721 3559 3108 3646 attendere,
3167 3561 3671 3634 Lublinensem
3712 3568 3968 3635 terram

874 3707 914 3756 a
967 3685 1251 3756 vetusto
1306 3685 1614 3768 tempore
1672 3681 1741 3748 et
1796 3677 1925 3747 sub
1966 3675 2438 3767 praesidentia
2468 3674 2528 3762 5)
2585 3675 2788 3747 Beati
2827 3677 3167 3749 Stanislai
3205 3681 3512 3772 episcopi
3555 3681 3968 3754 cracovien-

876 3802 974 3874 sis
1030 3800 1117 3871 ad
1171 3796 1507 3869 diocesim
1562 3795 2085 3866 Cracoviensem
2140 3793 2597 3883 pertinuisse,
2655 3799 2725 3865 et
2777 3793 2850 3865 in
2897 3815 3005 3882 ea,
3064 3798 3405 3869 suscitato
3442 3800 3658 3871 Petro
3699 3801 3970 3872 trienne

876 3923 961 3992 ab
1016 3918 1295 4003 inferiS,
1353 3915 1439 3987 ad
1492 3913 1971 4004 repellendum
2036 3911 2536 3983 calumniosam
2599 3913 3050 3984 haereditatis
3115 3916 3677 4006 occupationem,
3738 3918 3814 3989 in
3871 3921 3969 3990 te-

879 4045 1058 4111 stem
1114 4037 1201 4108 ad
1258 4033 1572 4105 Boleslai
1626 4031 1841 4123 Regis
1878 4030 2193 4102 tribunal
2230 4028 2628 4102 adduxisse.
2687 4030 3100 4103 Attenderet
3138 4032 3456 4125 insuper,
3499 4037 3688 4126 quod
3727 4058 3817 4108 ex
3856 4037 3972 4106 Li—

881 4154 1173 4229 thuania
1225 4153 1300 4223 in
1354 4149 1750 4235 Poloniam,
1817 4149 2137 4238 Regnum
2200 4146 2534 4218 Poloniae
2589 4153 3072 4238 suscepturuS,
3145 4150 3603 4242 descendenS,
3670 4157 3974 4247 primum

882 4298 924 4347 a
988 4274 1173 4345 clero
1239 4267 1536 4339 diocesis
1601 4265 2078 4338 cracoviensis
2144 4264 2218 4335 in
2281 4265 2542 4336 Lublin
2606 4270 2938 4355 exceptus
3002 4268 3097 4339 sit
3149 4273 3620 4359 processionis
3687 4275 3972 4358 honore,

880 4398 956 4467 in
1013 4387 1310 4464 ecclesia
1363 4383 1803 4457 cracoviensi
1859 4384 2046 4454 fonte
2099 4387 2382 4454 renatus
2435 4383 2878 4473 baptismatis
2933 4390 3002 4458 et
3057 4387 3446 4462 diademate
3513 4413 3712 4464 sacro
3771 4415 3969 4464 orna-

880 4523 1035 4600 tus,
1088 4508 1243 4580 illic
1298 4524 1572 4596 quoque
1626 4503 2059 4592 sepulturam
2114 4503 2290 4573 foret
2345 4506 2794 4591 excepturus3
2851 4508 3127 4576 caveret
3163 4506 3236 4576 in
3293 4507 3446 4579 eius
3485 4511 3826 4583 ecclesiae
3865 4511 3968 4582 in-

886 4628 1140 4705 iuriam
1194 4622 1534 4718 grassari,
1593 4643 1633 4692 a
1688 4641 1826 4711 qua
1880 4624 1986 4691 tot
2041 4619 2292 4692 fuisset
2345 4619 2880 4691 charismatibus
2933 4623 3340 4715 insignitus.
3399 4627 3646 4700 Coram
3694 4631 3974 4702 Praela—

886 4756 1118 4822 torum
1182 4743 1433 4817 deindo
1496 4745 1566 4812 et
1626 4740 1965 4811 baronum
2029 4737 2486 4810 multitudine
2549 4737 2622 4809 in
2684 4739 3138 4814 conventione
3205 4747 3523 4834 generali
3589 4748 3980 4822 Siradiensi

889 4865 1274 4960 plurimum
1338 4862 1414 4933 in
1468 4859 1729 4949 Regem
1784 4862 1855 4929 et
1908 4858 2297 4946 praefatum
2360 4856 2738 4927 Iohannem
2801 4857 3199 4949 episcopum
3264 4863 3750 4940 chelmensem
3817 4888 3980 4958 que-

892 4989 1078 5073 stus,
1135 5002 1373 5055 eorum
1427 4975 1904 5050 assistentiam
1960 4980 2030 5046 et
2084 4974 2414 5066 suffragia
2467 4974 2904 5064 implorabat.
2960 4978 3319 5052 communi
3375 4989 3612 5056 autem
3651 4986 3978 5059 consilia·

1114 5247 1163 5330 ¹)
1208 5249 1483 5310 Phostari
1532 5243 1683 5310 Cod.
1730 5244 1909 5308 Kost.
1978 5245 2029 5324 ²)
2076 5245 2358 5306 Poloniae
2415 5245 2542 5305 Rex
2603 5241 2752 5308 Cod.
2813 5246 3004 5310 Rozr.
3071 5247 3126 5332 ³)
3173 5251 3522 5315 Liassoczki
3587 5255 3744 5319 Ood.
3799 5253 3990 5320 Rozr.

903 5355 957 5450 ⁴)
1002 5356 1324 5418 commotus
1372 5345 1525 5412 Cod.
1572 5347 1763 5411 Rozr.
1815 5347 1869 5427 Ι5)
1912 5349 2254 5424 praesentia
2297 5343 2423 5407 Ed.
2471 5343 2649 5430 Lips.
3045 5383 3055 5393 -
