4342 6384
877 591 1038 666 -230
2075 611 2303 666 mena
2354 610 2813 664 nuntiemus.
3452 585 3589 688 (Α.
3623 587 3722 662 D.
3762 585 3983 686 m.)

1188 910 1582 987 vladislaus
1624 909 1763 984 nox
1807 910 2176 1000 goumlo-
2220 909 2704 1000 expeditione·
2748 911 2979 982 eoam
3022 908 3380 988 molum
3419 907 3675 984 indicit.

1089 1159 1200 1234 Ex
1253 1157 1642 1252 Aperiasch
1681 1159 1734 1248 ι)
1793 1157 2230 1232 wladislaus
2293 1157 2629 1232 Poloniae
2692 1159 2848 1232 Rex
2902 1178 3027 1250 per
3082 1158 3445 1252 Stropkow
3500 1161 3570 1232 et
3626 1156 3985 1230 Rimanow

883 1279 958 1353 in
1014 1280 1249 1353 Sanok
1299 1279 1610 1355 advenit.
1669 1280 1759 1354 Et
1815 1278 2263 1372 expeditione
2315 1277 2627 1372 generali
2682 1282 2925 1352 contra
2978 1277 3341 1356 Prassiam
3378 1277 3682 1366 indicta,
3744 1276 3984 1352 scribit

885 1399 1288 1474 Alexandro
1343 1399 1742 1474 Withawdo
1797 1399 2219 1472 Lithuaniae
2267 1399 2521 1492 Magno
2576 1398 2787 1488 Duci‚
2844 1403 2927 1471 ιιι
2963 1420 3119 1476 cum
3156 1396 3495 1499 potentiis
3524 1397 3591 1486 ²)
3646 1397 3981 1472 dominio-

881 1542 1037 1594 rum
1093 1541 1378 1596 suorum
1431 1521 1508 1594 in
1563 1518 1898 1594 solatium
1953 1541 2160 1593 suum
2218 1518 2455 1594 venire
2510 1541 2649 1590 non
2702 1518 3053 1614 negligam
3117 1517 3467 1596 militibus
3532 1539 3699 1594 vero
3766 1516 3987 1612 Regni

885 1640 999 1716 sui
1051 1639 1438 1729 universis,
1497 1645 1578 1714 ut
1617 1641 1692 1713 iu
1727 1640 2060 1714 Wolborz
2100 1638 2627 1714 exercitualiter
2680 1638 3132 1730 conveniant,
3188 1637 3264 1715 in
3300 1639 3665 1713 Prussiam
3713 1660 3983 1731 proces-

884 1760 1064 1850 suri,
1121 1761 1516 1836 demandat.
1573 1761 1683 1834 Ex
1722 1761 1956 1836 Sanok
1991 1759 2508 1849 Praemisliam,
2564 1758 2730 1834 inde
2765 1780 2891 1852 pro
2930 1761 3107 1834 festo
3146 1759 3469 1852 Corporis
3506 1757 3777 1833 Christi
3816 1760 3983 1833 Leo-

871 1881 1102 1976 -polim
1155 1881 1374 1955 venit.
1432 1882 1582 1974 Quo
1635 1879 1790 1955 illic
1843 1887 2123 1970 exacto,
2180 1902 2307 1974 per
2359 1881 2693 1954 Iaroslaw
2730 1885 2801 1955 et
2834 1881 3285 1964 Lansaeusko
3316 1879 3405 1969 ³),
3460 1879 3637 1954 feria
3674 1883 3885 1954 sexta
3914 1879 3985 1952 in

884 2002 999 2078 die
1053 2003 1468 2076 Sanctorum
1521 2001 1718 2076 Petri
1773 2005 1844 2076 et
1896 2001 2141 2091 Pauli,
2200 1999 2712 2075 Sandomiriam
2766 2000 3090 2092 veniens,
3148 2000 3453 2077 Sabbato
3508 2001 3597 2072 ad
3634 2005 3981 2074 monaste-

887 2122 1074 2197 rium
1131 2123 1427 2198 Sanctae
1481 2121 1720 2196 Crucis
1783 2121 1982 2196 Calvi
2035 2121 2295 2195 montis
2311 2177 2328 2211 ‚
2396 2119 2735 2195 orationis
2790 2125 2863 2196 et
2914 2118 3532 2200 commendationis
3584 2119 3823 2214 gratia
3874 2121 3985 2194 de-

887 2241 1256 2333 scendenS,
1331 2243 1618 2316 nuntios
1684 2243 2118 2337 sigismundi
2183 2243 2656 2316 Romanorum
2720 2248 2791 2318 et
2852 2241 3257 2339 Hungariae
3326 2239 3580 2333 Regis,
3658 2239 3991 2314 videlieet

883 2363 1270 2456 Erkapeter
1339 2362 1756 2457 Magistrum
1818 2363 2358 2437 Tavernicorum
2420 2364 2767 2457 regalium
2832 2367 2903 2441 et
2956 2363 3391 2458 Stephanum
3447 2362 3533 2435 de
3588 2361 3981 2435 Braoaowi-

885 2506 1003 2560 cze
1057 2483 1346 2577 accepit.
1406 2483 1542 2577 Qui
1596 2484 2013 2578 legationem
2069 2484 2297 2559 dicere
2352 2483 2563 2573 iussi,
2622 2505 2891 2558 summo
2930 2483 3198 2574 studio,
3256 2503 3667 2575 summoque
3706 2487 3984 2568 conatu,

885 2605 1102 2680 variis
1155 2604 1792 2699 pollicitationibus
1821 2605 1885 2695 4)
1941 2610 2012 2680 et
2063 2604 2435 2698 promissis
2490 2605 2985 2698 supplicabant
3051 2603 3261 2707 Regi:
3332 2607 3413 2676 ut
3466 2602 3988 2696 expeditionem

879 2730 1199 2818 coeptam
1235 2725 1309 2798 in
1347 2725 1542 2800 aliud
1595 2731 1876 2819 tempus
1929 2723 2269 2814 differret,
2328 2725 2751 2801 decisionem
2808 2746 2895 2801 ex
2934 2723 3226 2806 arbitrio
3265 2723 3703 2818 Sigismundi
3740 2721 3988 2817 Regis,

881 2846 1088 2920 iuxta
1140 2867 1340 2920 omne
1395 2868 1602 2920 suum
1653 2845 2174 2939 beneplacitum
2240 2845 2395 2920 sine
2448 2849 2629 2920 ferro
2684 2851 2755 2920 et
2808 2843 3024 2925 armis
3078 2844 3475 2924 habiturus.
3544 2844 3989 2918 wladislaus

883 2971 1117 3041 autem
1171 2965 1506 3040 Poloniae
1561 2967 1716 3040 Rex
1771 2967 1846 3040 in
1899 2965 2134 3041 verbis
2190 2971 2262 3040 et
2314 2966 2683 3058 promissis
2740 2965 3177 3060 Sigismundi
3236 2965 3455 3058 Regis
3510 2965 3785 3038 nullam
3840 2967 3987 3038 effi·

887 3085 1147 3162 caciam
1200 3107 1575 3180 reponens,
1635 3085 1891 3180 quippe
1945 3087 2070 3179 qui
2125 3109 2285 3160 oum
2338 3091 2445 3160 tot
2480 3086 2759 3162 iteratis
2816 3086 3093 3162 vicibus
3132 3085 3507 3174 fefellerat,
3566 3085 3845 3158 nuntiis
3882 3107 3987 3159 ne·

887 3206 1214 3298 spondet:
1271 3207 1470 3280 nullo
1525 3227 1600 3280 se
1653 3212 1858 3299 pacto
1911 3210 2231 3299 coeptam
2286 3206 2838 3300 expeditionem,
2896 3206 3325 3284 exercitibus
3360 3205 3720 3279 Polonicis
3758 3210 3835 3279 et
3868 3204 3989 3278 Li-

885 3325 1241 3402 thuanicis
1295 3326 1435 3399 iam
1489 3326 1562 3399 in
1619 3349 1808 3402 arma
1871 3327 2163 3416 coactiS,
2232 3327 2652 3400 certitudine
2716 3327 3017 3421 pleniori
3072 3327 3147 3400 in
3203 3348 3413 3400 cansa
3476 3348 3606 3400 sua
3666 3349 3810 3399 non
3868 3346 3991 3400 ex-

877 3451 1112 3536 tante,
1173 3446 1636 3521 -.omissurum.
1710 3447 2018 3538 Cumque
2089 3446 2327 3520 nuntii
2402 3447 2840 3540 sigismundi
2912 3447 3129 3541 Regis
3202 3469 3282 3521 eo
3336 3468 3673 3540 responso
3738 3469 3995 3538 pamm

883 3567 1228 3658 contenti,
1285 3568 1482 3642 alind
1537 3566 1676 3641 sibi
1728 3567 2104 3660 benignius
2161 3567 2552 3641 multifaria
2606 3567 2949 3644 instantia
3002 3568 3483 3660 deposcerent,
3546 3567 3995 3640 Wladislaus

880 3690 1069 3776 Rex,
1109 3709 1332 3781 neque
1369 3710 1444 3763 se
1481 3709 1682 3762 secus
1721 3689 2098 3776 facturum,
2142 3709 2367 3780 neque
2396 3687 2608 3760 aliam
2637 3688 3159 3781 responsionem
3187 3688 3515 3761 daturum
3544 3692 3873 3760 astruens
3898 3685 3994 3776 5),

883 3831 972 3883 ex
1025 3809 1238 3882 Calvo
1292 3813 1526 3882 monte
1579 3807 1652 3882 in
1709 3808 2150 3882 Bodzanczin
2206 3809 2589 3884 descendit.
2647 3808 2797 3900 Quo
2848 3829 3011 3884 cum
3064 3808 3433 3882 Elisabeth
3478 3808 3753 3900 Regina
3790 3808 3993 3881 debi-

880 3930 976 4002 lis
1013 3933 1084 4003 et
1119 3930 1460 4022 languens
1514 3927 1948 4016 advenisset,
2005 3929 2269 4022 Regem
2312 3933 2543 4002 tamen
2583 3950 2707 4021 per
2744 3928 3071 4021 Bliayny,
3128 3929 3415 4002 Zarnow
3458 3933 3531 4001 et
3566 3928 3893 4019 Suleyow
3922 3927 3997 4016 ⁶)

883 4071 1106 4141 usquo
1159 4048 1234 4123 in
1289 4049 1618 4122 Wolborz
1673 4048 2191 4124 valetudinaria
2243 4049 2733 4123 comitabatur.
2790 4049 3002 4124 Motis
3042 4068 3129 4122 ex
3167 4049 3497 4123 Wolborz
3554 4047 3811 4140 copim,
3872 4069 3995 4120 so-

883 4169 1037 4242 litis
1101 4168 1384 4242 stativis
1447 4190 1572 4261 pro
1635 4168 1748 4242 die
1805 4169 2103 4242 Sanctae
2165 4168 2428 4244 Mariae
2489 4169 2947 4264 Magdalenae
3010 4169 3099 4242 ad
3160 4169 3663 4260 Ozyrwyensko
3697 4168 3783 4256 ⁷),
3842 4191 3995 4258 quo

880 4289 1023 4362 iam
1077 4289 1479 4362 Alexander
1531 4289 1972 4364 Withawdus
2029 4311 2187 4363 cum
2228 4290 2565 4382 potentiis
2602 4289 2919 4384 gentium
2958 4311 3243 4362 suarum
3280 4289 3691 4376 advenerat,
3748 4289 3994 4380 appli-

882 4409 1062 4498 cuit,
1119 4408 1476 4501 unitisque
1533 4410 1994 4500 exercitibus,
2054 4409 2357 4484 Wislam
2409 4432 2533 4504 per
2586 4417 2869 4504 pontem
2917 4431 3006 4484 ex
3048 4410 3351 4484 navibus
3402 4413 3805 4483 extructum
3862 4429 3993 4482 su-

882 4551 1167 4623 peranS,
1224 4528 1298 4600 in
1352 4535 1574 4602 terras
1628 4530 1926 4604 hostiles
1989 4530 2325 4622 procedit.

879 4861 887 4868 -
1097 4821 1146 4902 ι)
1191 4822 1520 4900 Operiasch
1568 4817 1720 4885 cod.
1768 4820 1959 4884 Rozr.
2010 4821 2061 4901 ²)
2109 4841 2242 4884 cum
2284 4793 2565 4900 potentiis
2612 4823 2735 4884 suis
2786 4816 2937 4885 cod.
2970 4819 3162 4884 Rozr.
3210 4819 3263 4901 ³)
3294 4819 3608 4898 Lezeysko
3637 4815 3767 4882 Ed.
3800 4817 4001 4902 [αἶρε.

885 4924 938 5007 ⁸)
984 4927 1512 5004 supplicationibus
1560 4921 1715 4988 Cod.
1759 4922 1950 4988 Rozr.
2003 4924 2054 5002 ⁵)
2100 4945 2376 4988 asserens
2426 4921 2577 4992 cod.
2626 4923 2818 4988 Roma
2869 4922 2925 5006 ⁸)
2968 4926 3247 4988 Sulieiow
3293 4919 3445 4992 Cod.
3492 4920 3671 4988 Kont-
3724 4919 3777 5004 ⁷)
3811 4923 4000 4986 0201·-

881 5029 1146 5091 wiensko
1195 5023 1346 5092 cod.
1391 5025 1568 5094 Kost.
