4342 6384
162 592 167 600 “
291 584 427 685 (Α.
468 585 557 658 D.
652 583 907 684 1438.)
1432 607 1659 658 mmm
1708 603 2224 658 Duonncnms.
3247 582 3390 654 601

292 792 660 880 transiret,
720 792 839 863 sed
892 795 975 862 ut
1030 791 1117 862 ad
1170 789 1495 862 notitiam
1542 788 1886 880 praedicti
1925 787 2214 880 Sbignei
2249 785 2726 860 cracoviensis
2765 785 3074 878 episcopi
3113 791 3182 860 et
3217 786 3392 859 alio-

292 932 451 983 rum
507 932 715 1002 quam
770 911 1230 1001 plurimorum
1286 930 1436 982 eam
1490 909 1853 1000 perferret.
1909 906 2224 979 Primum
2263 911 2404 994 est,
2464 905 2648 998 quod
2685 905 3013 995 relatrix,
3065 926 3220 978 cum
3259 927 3399 998 qua

294 1032 521 1104 eidem
575 1031 877 1103 Iohanni
932 1031 1017 1102 de
1070 1030 1333 1120 Elgoth
1395 1029 1595 1100 nulla
1659 1040 1968 1118 unquam
2034 1027 2170 1099 fuit
2226 1026 2704 1114 familiaritas,
2764 1025 3109 1117 quoddam
3167 1027 3396 1098 occul-

290 1155 445 1222 tum
508 1150 1019 1224 adolescentiae
1084 1169 1249 1220 suae
1316 1147 1454 1219 sibi
1508 1147 1595 1218 ad
1648 1147 1935 1238 plenum
2000 1145 2412 1234 adduxerit;
2481 1145 2712 1234 aliud,
2781 1146 2964 1236 quod
3029 1145 3262 1237 ipsum
3317 1145 3405 1216 ad

293 1269 779 1343 executionem
836 1269 987 1341 eius
1042 1267 1387 1359 propositi
1440 1288 1598 1338 cum
1654 1265 2129 1358 praedicatore
2185 1265 2521 1339 ecclesiae
2561 1265 2859 1338 Sanctae
2897 1265 3193 1352 Mariae,
3252 1265 3398 1336 Ma·

288 1390 517 1481 gistro
573 1389 865 1461 Nicolao
920 1389 1005 1460 de
1059 1389 1289 1479 Brega
1342 1386 1803 1458 communiter
1855 1385 2081 1458 habiti
2136 1387 2498 1458 cohortata
2563 1384 2728 1458 fuit:
2799 1386 3156 1477 praefatus
3214 1384 3398 1457 enim

293 1509 406 1580 vir
460 1509 794 1600 Magister
857 1508 1196 1580 Nicolaus
1261 1507 1345 1578 de
1399 1507 1627 1599 Brega
1688 1505 2011 1598 pluribus
2078 1510 2147 1577 et
2211 1505 2534 1597 repetitis
2598 1505 2872 1578 vicibus
2936 1525 3091 1577 cum
3159 1505 3396 1577 codem

290 1629 605 1700 Iohanne
662 1629 747 1700 de
803 1629 1063 1720 Elgoth
1120 1626 1577 1699 conveniebat
1632 1647 1841 1716 super
1878 1646 1957 1697 eo
1995 1626 2344 1698 duntaxat
2381 1625 2694 1718 negotio,
2752 1630 2832 1697 ut
2871 1625 3009 1697 sibi
3045 1624 3394 1696 auxilium

291 1749 807 1840 consiliumque
863 1749 1107 1835 ferret,
1168 1751 1511 1838 quatenus
1567 1747 1753 1820 circa
1816 1747 1993 1819 vitia
2056 1747 2302 1839 populi
2371 1745 2685 1819 civitatis
2739 1744 3220 1816 cracoviensis
3276 1764 3395 1834 op-

290 1875 593 1959 portuno
649 1868 951 1940 remedio
1010 1872 1560 1954 succurreretur,
1620 1870 1690 1938 et
1728 1867 2090 1958 signanter
2126 1865 2456 1956 superbia
2491 1869 2562 1938 et
2598 1864 2750 1954 ipse
2788 1863 3095 1937 vestium
3131 1864 3207 1935 in
3242 1884 3394 1934 mu-

289 1988 587 2060 lieribus
644 1989 891 2074 luxus,
948 1991 1029 2058 ut
1084 1987 1266 2059 enim
1322 1986 1473 2077 ipso
1528 1987 1868 2059 referente
1916 1985 2330 2074 condidicit,
2381 1984 2469 2055 ad
2517 1987 2794 2056 tantum
2841 2003 3206 2056 ascensum
3261 1985 3394 2068 est,

290 2115 377 2179 ut
430 2109 623 2200 ipsae
680 2107 939 2179 civium
997 2106 1327 2198 coniuges
1382 2113 1453 2178 et
1505 2105 1696 2178 filiae
1752 2105 2089 2178 auderent
2142 2107 2322 2178 ferre
2358 2104 2614 2193 vitum,
2673 2123 2846 2194 quas
2885 2104 3098 2195 vulgo
3135 2102 3398 2174 birreta

290 2227 636 2316 dicimus,
710 2227 938 2318 pretio
995 2226 1253 2316 viginti
1308 2228 1379 2296 et
1433 2225 1729 2317 triginta
1799 2226 1991 2297 ultra
2044 2243 2466 2312 marcarum,
2531 2223 2842 2296 manicas
2897 2221 3154 2314 viginti
3212 2241 3394 2292 mar-

290 2368 564 2434 carum,
624 2347 806 2438 quod
860 2347 1107 2437 utique
1163 2346 1234 2417 in
1292 2345 1755 2418 nobilissimis
1812 2345 2226 2419 mulieribus
2265 2344 2440 2418 satis
2481 2347 2968 2435 sumptuosum
3006 2341 3392 2413 videretur.

288 2466 595 2538 Audivit
650 2467 827 2538 hanc
883 2465 1219 2538 visionem
1277 2467 1634 2556 praefatus
1690 2466 2029 2557 Magister
2079 2465 2431 2537 Iohannes
2468 2465 2553 2537 de
2589 2463 2850 2555 Elgoth
2889 2467 2959 2534 et
2996 2459 3387 2551 obstupuit,

289 2590 631 2678 ratusque
684 2592 824 2672 est,
881 2586 953 2656 id
1008 2585 1109 2656 rei
1164 2585 1489 2676 publicae
1552 2585 1843 2658 noxium
1908 2591 1977 2658 et
2042 2586 2218 2658 iram
2283 2583 2782 2676 omnipotentis
2839 2581 3002 2669 Dei,
3069 2581 3180 2653 cui
3237 2600 3390 2671 per-

288 2706 598 2778 maxime
652 2726 923 2797 semper
976 2704 1343 2795 displicuit
1398 2705 1757 2794 superbia,
1814 2726 1953 2776 non
2006 2704 2448 2778 mediocriter
2501 2723 2898 2794 provocare.
2957 2700 3075 2773 Sic
3115 2720 3391 2791 quoque

289 2831 464 2897 tunc
518 2825 875 2898 consuluit
928 2825 1239 2915 praefato
1295 2824 1633 2916 Magistro
1688 2825 1756 2896 N
1760 2825 2015 2913 icola0‚
2073 2829 2153 2897 ut
2193 2829 2534 2916 quantum
2571 2823 2658 2895 ad
2695 2821 3002 2895 officium
3041 2841 3246 2892 suum
3284 2824 3388 2890 at-

288 2945 507 3032 tinet,
566 2965 703 3016 non
759 2945 1033 3030 sileret,
1097 2945 1486 3034 faceretque
1541 2949 1612 3016 et
1666 2945 2131 3017 innotesceret
2186 2944 2446 3035 populo
2493 2943 2999 3034 scripturarum
3039 2959 3393 3012 sacrarum

289 3064 984 3151 comminationibuS,
1044 3063 1418 3154 spopondit
1474 3064 1611 3136 sibi
1666 3064 1996 3137 assistere
2051 3065 2252 3136 modo
2290 3061 2652 3155 possibili,
2708 3059 3119 3154 praesertim
3159 3077 3389 3130 coram

290 3185 607 3274 praefato
665 3184 967 3276 Sbigneo
1022 3183 1347 3273 episcopo
1406 3183 1880 3271 cracoviensi,
1948 3184 2034 3255 ad
2091 3204 2296 3275 quem
2349 3181 2838 3275 principaliter
2897 3178 3206 3271 pertinet
3269 3197 3386 3248 ve-

290 3325 453 3394 pres
510 3303 844 3375 vitiorum
902 3303 1273 3375 eradicare.
1306 3305 1345 3346 *

294 3664 591 3737 castrum
639 3669 709 3737 et
752 3668 933 3737 terra
974 3665 1321 3738 Luczensis
1368 3683 1452 3738 ex
1496 3664 1757 3739 foedere
1799 3668 1965 3739 inito
2009 3666 2295 3738 traditur
2340 3663 2745 3755 sigimundo
2789 3662 3174 3736 Lithuaniae
3217 3661 3392 3733 nuci.

504 3903 836 3996 Singulos
892 3905 1347 3996 Principatus
1402 3911 1474 3977 et
1528 3910 1786 3993 castra,
1846 3927 2023 3998 quae
2061 3903 2352 3977 ditionis
2406 3902 2720 3976 Boleslai
2759 3900 3118 3993 Switrigal
3152 3901 3206 3988 ¹)
3244 3899 3390 3972 Du-

296 4023 399 4096 cis
453 4023 875 4097 Lithuaniae
933 4027 1279 4116 quondam
1320 4028 1625 4113 fuerant,
1687 4025 2184 4118 sigismundus
2238 4026 2402 4096 Dux
2437 4024 2736 4116 Magnus
2773 4019 3195 4094 Lithuaniae
3231 4019 3389 4092 bra-

295 4144 454 4215 chio
508 4150 579 4216 et
616 4144 1025 4217 assistentia
1061 4146 1481 4219 Polonorum
1538 4167 1624 4219 ex
1664 4145 1935 4239 integro
1973 4147 2300 4239 adeptus,
2341 4146 2785 4219 vehementer
2821 4141 3388 4233 exasperabatur,

297 4262 483 4352 quod
528 4268 837 4336 castrum
892 4269 962 4337 et
1018 4270 1276 4338 terram
1331 4268 1761 4338 Luczensem
1814 4266 1889 4337 in
1944 4266 2282 4338 ditionem
2321 4285 2518 4337 suam
2571 4263 2886 4356 redigere
2937 4262 3388 4353 nequiverat:

295 4383 461 4454 Dux
519 4382 867 4474 siquidem
921 4386 1291 4457 Boleslaus
1348 4369 1705 4478 Switrigal
1761 4385 2141 4458 Wladislai
2193 4384 2529 4458 Poloniae
2573 4383 2789 4475 Regis
2845 4386 2917 4456 et
2968 4383 3389 4455 Polonorum

297 4503 569 4576 favores
624 4503 1106 4594 quaesiturus,
1163 4504 1364 4577 illam
1398 4527 1523 4597 pro
1560 4507 1803 4598 Regno
1841 4506 2176 4578 Poloniae
2213 4505 2613 4592 tenendam,
2653 4502 2924 4576 duobus
2961 4500 3296 4574 Poloniae
3325 4497 3388 4587 2)

294 4621 705 4711 baronibus,
764 4623 1131 4697 Vincentio
1196 4625 1280 4698 de
1346 4625 1780 4699 Schamotuli
1836 4627 2219 4699 castellano
2281 4622 2905 4717 Myedzirzeczensi
2969 4626 3038 4694 et
3089 4619 3392 4693 Iohanni

300 4741 383 4813 de
440 4742 717 4830 Olesko,
775 4745 1400 4834 commendaverat,
1458 4747 1641 4837 quod
1695 4746 1769 4818 in
1806 4768 1957 4820 eam
2012 4746 2198 4819 diem
2253 4744 2526 4818 abillis
2579 4765 2705 4836 pro
2759 4745 3002 4834 Regno
3054 4738 3388 4812 Poloniae

296 4861 705 4934 fidelissime
762 4863 1151 4936 tenebatur.
1208 4865 1642 4938 Causabatur
1693 4867 1933 4958 itaque
1988 4866 2483 4959 Sigismundus
2537 4864 2835 4955 Magnus
2872 4862 3036 4932 Dux
3091 4859 3385 4931 Lithua-

298 4980 453 5053 niae
510 4983 649 5054 fere
706 4982 780 5053 in
836 4983 1137 5073 singulis
1192 4985 1769 5058 conventionibus
1822 4985 2269 5079 generalibus
2325 4985 2399 5058 in
2445 4985 2685 5076 Regno
2740 4980 3074 5055 Poloniae
3123 4977 3389 5052 habitis

298 5101 482 5191 apud
533 5101 1007 5174 Wladislaum
1062 5105 1393 5178 Poloniae
1428 5105 1693 5197 Regem
1749 5110 1819 5178 et
1856 5104 2330 5194 consiliari08‚
2387 5104 2896 5196 primoresque,
2955 5100 3139 5193 quod
3183 5103 3390 5190 pacta

508 5355 557 5442 ¹)
604 5359 941 5437 Swidrigall
986 5361 1268 5421 extabant
1307 5357 1435 5420 Ed.
1483 5357 1665 5442 Lips.
1736 5359 1787 5440 ¹)
1832 5361 2025 5438 Regni
2068 5362 2351 5423 Poloniae
2393 5357 2520 5423 Ed.
2567 5356 2751 5443 Lips.

348 5525 395 5570 s.
417 5525 608 5582 nimos.
634 5526 810 5574 mutor.
836 5527 997 5574 roien.
1024 5527 1075 5574 ω.
1102 5527 1183 5572 rv.
3009 5507 3078 5566 76
