4342 6384
80 6204 96 6346 r-——*

412 546 544 651 (Α.
585 549 676 625 D.
717 546 946 649 1414.)
1579 572 1800 629 amna
1853 572 2309 629 unnncnms.
3358 552 3503 629 169

409 760 610 831 nullo
665 758 1132 851 discrepante,
1189 757 1373 849 quod
1429 761 1501 831 et
1554 757 1850 847 virtute,
1905 758 2383 852 religioneque
2438 760 2749 833 caeteris·
2773 760 3109 835 emineret
3165 764 3237 833 ef
3286 764 3505 835 eccle-

411 880 556 953 siae
609 878 1110 952 Posnaniensis
1147 876 1533 951 Canonicus
1573 880 1752 951 foret
1792 879 1870 967 ¹),
1929 878 2238 971 eligunt,
2296 884 2367 951 et
2420 898 2575 953 cum
2614 880 3006 954 Wladislao
3047 880 3238 974 Rege
3276 883 3506 955 locum

410 999 868 1090 capitularem
923 997 1218 1091 egressi,
1292 998 1700 1071 electionem
1767 998 1949 1071 clero
2017 1002 2085 1071 et
2137 999 2397 1089 populo
2464 1000 2923 1090 pronuntiant
2986 1005 3055 1073 et
3106 1001 3502 1092 publicant,

411 1118 804 1191 Wladislao
857 1117 1192 1190 Poloniae
1247 1117 1436 1208 Rege
1491 1117 1593 1191 eis
1659 1116 1962 1209 singulis
2015 1118 2316 1193 habente
2366 1119 2665 1210 gratiae,
2735 1120 2919 1211 quod
2972 1121 3297 1211 precibus
3352 1120 3501 1193 suis

408 1239 710 1330 gerendo
765 1253 1056 1325 morem,
1094 1237 1486 1328 praefatum
1524 1236 1986 1328 Lyaskarium
2025 1236 2361 1309 decanum
2400 1236 2921 1311 cracoviensem
2962 1238 3035 1311 in
3072 1261 3276 1311 suum
3314 1240 3496 1330 epis-

411 1378 662 1449 copum
718 1355 1120 1448 elegissent.
1179 1355 1236 1427 E
1292 1354 1593 1447 vestigio
1649 1360 1882 1429 autem
1909 1354 2347 1429 Wladislaus
2402 1356 2559 1429 Rex
2613 1357 2999 1448 Lyaskario
3056 1360 3309 1449 electo,
3366 1360 3505 1432 ele-

410 1478 713 1549 ctionem
767 1476 852 1549 de
903 1496 984 1548 eo
1062 1476 1316 1547 factam
1372 1475 1584 1548 celeri
1655 1474 2020 1566 significat·
2071 1495 2317 1547 versus
2372 1474 2643 1547 Budam
2698 1478 2968 1550 nuntio.
3036 1478 3187 1569 Qua
3241 1478 3503 1567 audita,

409 1597 524 1668 vir
584 1596 714 1670 Dei
778 1596 1224 1668 vehementer
1285 1594 1606 1685 expavit,
1646 1600 1754 1671 ,et
1816 1616 1954 1667 non
2021 1592 2096 1666 in
2159 1591 2668 1667 iucunditatem
2741 1600 2863 1667 aut
2926 1596 3180 1686 risum,
3257 1598 3379 1669 sed
3432 1598 3507 1669 in

409 1715 740 1789 lacrimas
797 1720 866 1789 et
919 1714 1226 1787 lamenta
1281 1734 1690 1802 conversus,
1747 1713 1868 1785 diu
1925 1712 2255 1786 electioni
2310 1714 2393 1787 de
2430 1734 2505 1787 se
2560 1714 2783 1787 factae
2838 1736 3253 1789 consensum·
3305 1736 3502 1807 prae·

407 1840 600 1907 stare
651 1834 1083 1909 renitebatur
1113 1831 1208 1921 2);
1265 1832 1390 1905 vix
1446 1834 1725 1907 tandem
1780 1832 1994 1924 regiis
2049 1838 2120 1905 et
2155 1832 2701 1905 necessariorum
2754 1834 3327 1925 persuasionibus
3384 1856 3504 1907 exa

406 1957 799 2046 pugnatus,
855 1953 1048 2026 dedit
1103 1971 1540 2026 consensum.
1597 1950 2030 2042 Multiplices
2087 1956 2321 2025 tamen
2379 1956 2630 2043 expost
2660 1950 2747 2041 ³),
2802 1956 2883 2023 ut
2937 1954 3207 2026 absolvi
3244 1956 3505 2045 posset,

409 2072 754 2164 impendit
823 2075 1147 2159 conatus,
1221 2072 1296 2142 in
1369 2070 1706 2163 religione
1781 2070 2024 2143 Sancti
2095 2070 2503 2159 Benedicti,
2578 2070 2642 2143 si
2712 2072 2987 2144 absolvi
3058 2071 3504 2163 obtinuisset,

409 2193 879 2265 militaturus:
953 2190 1255 2263 Martino
1311 2194 1542 2263 tamen
1597 2190 1791 2281 Papa
1845 2189 2090 2281 quinto
2154 2188 2457 2261 virtutes
2514 2188 2715 2261 illius
2778 2196 2847 2263 et
2901 2190 3151 2263 merita
3214 2192 3301 2263 ad
3354 2193 3503 2283 ple-

407 2332 610 2400 num,
671 2311 834 2385 dum
889 2310 963 2383 in
1019 2309 1325 2383 Concilio
1379 2308 1900 2381 constantiensi
1963 2308 2178 2380 simul
2242 2330 2381 2380 una
2442 2315 2759 2401 agerent,
2826 2308 3262 2398 dinoscente,
3320 2312 3505 2383 votis

407 2430 628 2521 potiri
680 2428 1024 2521 nequivit.
1099 2429 1388 2501 Electus
1445 2432 1550 2501 est
1605 2428 1843 2519 itaque
1909 2427 1994 2500 ad
2050 2426 2596 2501 Posnaniensem
2652 2429 3015 2501 ecclesiam
3081 2429 3193 2501 vir
3244 2428 3505 2502 iudicio

409 2549 714 2622 humano
769 2570 857 2623 ex
913 2548 1234 2621 omnibus
1299 2547 1640 2639 optimus:
1705 2547 1885 2620 nihil
1951 2546 2271 2639 sanguis,
2340 2547 2523 2619 nihil
2587 2566 2783 2638 opes,
2850 2547 3144 2621 caeteris
3210 2568 3250 2619 a
3304 2548 3501 2619 Wla-

408 2667 636 2739 dislao
703 2668 895 2761 Rege
959 2666 1336 2739 nominatis
1401 2666 1804 2757 proderant:
1881 2687 2080 2738 omne
2152 2665 2563 2757 suffragium
2635 2665 2719 2738 de
2783 2666 3049 2738 virtute
3122 2666 3502 2756 oriebatur,

406 2806 538 2858 nec
601 2786 859 2859 iudicio
925 2808 1092 2859 sano
1165 2788 1361 2859 favor
1423 2792 1548 2859 aut
1610 2784 2018 2859 intercessio
2091 2786 2365 2857 officere
2429 2788 2776 2875 poterant.
2864 2785 3119 2857 Sancta
3194 2790 3264 2857 et
3326 2786 3503 2859 felix

408 2905 696 2993 electio,
753 2926 931 2997 quae
993 2905 1262 2978 utinam
1328 2926 1454 2996 per
1515 2926 1752 2979 omnes
1813 2903 2191 2996 religiones
2256 2910 2327 2977 et
2381 2908 2647 2977 aetates
2702 2905 3257 2993 continuaretur,
3326 2926 3502 2977 nun·

407 3046 622 3115 quam
677 3024 884 3097 malis
936 3024 1208 3116 peiores
1263 3029 1334 3098 et
1379 3024 1742 3117 peioribus
1795 3024 2082 3116 pessimi
2137 3024 2619 3111 succedentes,
2678 3025 2911 3097 orbem
2966 3030 3306 3097 terrarum
3348 3029 3509 3096 ·tra-‘

405 3143 564 3216 dita
614 3165 739 3235 per
793 3166 1040 3216 manus
1104 3143 1420 3235 nequitia
1483 3164 1563 3217 ac
1627 3143 1954 3234 superbia
2015 3162 2154 3215 non
2220 3142 2713 3235 corrupissent.
2788 3142 3222 3217 Erubescant
3284 3142 3505 3236 igitur

408 3268 486 3335 et
541 3262 744 3336 valde
815 3263 1345 3354 pertimescant,
1421 3263 1542 3355 qui
1606 3262 1977 3335 aedificant
2049 3262 2218 3335 Sion
2293 3263 2368 3334 in
2435 3261 2927 3354 sanguinibus,
2998 3262 3119 3355 qui
3181 3284 3319 3334 non
3383 3284 3506 3354 per

407 3382 706 3471 ostium,
765 3382 886 3455 sed
937 3404 1062 3473 per
1114 3382 1522 3457 abscondita
1586 3386 1654 3455 et
1710 3381 1972 3455 furtiva
2026 3382 2312 3470 ostiola,
2380 3386 2450 3455 et
2504 3381 2642 3472 ipsi
2708 3381 3097 3471 introeunt,
3170 3387 3238 3455 et
3272 3404 3500 3473 nepo-

403 3502 606 3573 tulos
662 3521 742 3573 ac
795 3500 1118 3593 indignos
1183 3501 1636 3575 introducunt
1707 3501 1782 3573 in
1835 3500 2349 3575 ecclesiasticos
2420 3501 2749 3574 honores:
2826 3502 3153 3593 quoniam
3206 3522 3344 3573 non
3400 3501 3503 3573 sic

399 3625 648 3693 censet
699 3620 1092 3693 authoritas
1147 3620 1536 3710 Canonum,
1603 3620 1726 3693 sed
1789 3620 2010 3693 saluti
2076 3620 2383 3693 omnium
2446 3621 2948 3712 providendum
3014 3625 3120 3695 est
3186 3620 3271 3693 de
3324 3622 3502 3709 bono

399 3740 736 3828 Pastore,
792 3740 1410 3814 transfretantibus
1465 3740 1548 3813 de
1585 3741 1763 3812 bono
1799 3741 2262 3832 gubernatore
2318 3744 2389 3812 et
2426 3745 2743 3831 experto,
2802 3744 2870 3813 et
2908 3739 3127 3811 saluti
3162 3739 3497 3830 plebium,

399 3880 592 3951 quae
647 3863 812 3931 sunt
847 3859 922 3931 in
958 3859 1164 3933 vinea
1198 3860 1513 3949 Domini,
1570 3860 1655 3933 de
1693 3859 1953 3951 optimo
1993 3860 2311 3931 Doctore.
2369 3858 2855 3932 Pestilentiam
2894 3858 3184 3946 etenim,
3224 3860 3499 3945 famem,

397 3979 904 4052 concussiones
971 3978 1380 4070 gentilium,
1439 3978 1837 4052 collisiones
1902 3979 2335 4070 Regnorum,
2412 3984 2481 4051 et
2552 4000 2760 4069 quam
2826 3976 3139 4069 plurima
3210 3977 3503 4049 adversa

393 4098 622 4171 terris
673 4097 1036 4189 provenire
1099 4102 1364 4171 certum
1429 4103 1537 4171 est
1600 4119 1687 4171 ex
1743 4118 1853 4183 eo,
1922 4097 2104 4188 quod
2169 4098 2463 4171 honores
2528 4096 2987 4169 ecclesiastici
3054 4096 3140 4167 ad
3194 4096 3499 4189 pretium
3600 4140 3609 4147 -

392 4222 482 4291 et
539 4217 908 4291 humanam
962 4218 1262 4309 gratiam
1317 4217 1636 4308 personis
1691 4216 2060 4290 immeritis
2117 4219 2589 4291 conferuntur.
3314 4241 3321 4249 ·

449 4578 722 4655 ssaden
765 4577 1008 4651 sleziae
1053 4578 1257 4649 Duces
1302 4576 1652 4649 wladislao
1694 4576 1852 4665 Regi
1895 4576 1964 4648 in
2011 4576 2263 4649 Kosteu
2308 4578 2683 4662 occurrunt,
2726 4576 2811 4647 de
2852 4577 3028 4663 suia,
3073 4594 3455 4665 suorumque

1651 4696 1906 4769 iniuriis
1949 4696 2265 4785 questuri:
2346 4742 2355 4751 ·
2689 4720 2695 4725 ·
3586 4692 3593 4699 ’

621 4934 972 5007 Posnania
1022 4934 1304 5023 relicta,
1373 4933 1810 5021 Wladislaus
1873 4933 2211 5007 Poloniae
2273 4933 2430 5005 Rex
2493 4932 2567 5005 in
2622 4932 2781 5004 Buk
2813 4931 3164 5019 -venien5‚
3242 4932 3499 5001 festum·

383 5054 734 5147 Corporis
789 5053 1054 5127 Christi
1106 5054 1258 5126 illic
1311 5052 1479 5144 egit.
1555 5053 1702 5144 Quo
1766 5073 1922 5125 cum
1987 5052 2273 5125 Ulricus
2304 5053 2369 5141 ⁴)
2435 5051 2519 5123 de
2572 5050 2895 5139 Plawen,
2954 5049 3277 5141 Magistri
3314 5050 3497 5121 olim

605 5324 674 5404 ·¹)
719 5333 880 5387 esset
921 5320 1076 5389 God.
1122 5323 1314 5387 Rozr.
1382 5323 1456 5405 Ω)·
1479 5325 1778 5385 nitebatur
1825 5318 1975 5385 Cod.
2023 5319 2215 5385 Rozr.
2279 5321 2333 5401 ³)
2380 5327 2589 5399 postea
2660 5318 2809 5383 cod.
2856 5318 3047 5383 Rozr.
3112 5318 3163 5399 ⁴)
3186 5322 3502 5405 ,Henricus

383 5426 570 5495 Cod.
623 5424 794 5491 Calv-

443 5582 506 5623 J.
535 5580 728 5631 Diagon.
755 5580 877 5621 ΗΜ.
907 5580 1064 5621 Polou.
1093 5578 1174 5621 IV.
3120 5559 3189 5611 22
