4342 6384
871 571 910 640 7
921 571 966 642 8
2060 591 2288 642 mnan
2340 590 2803 648 annuemus.
3439 569 3574 666 (Α.
3613 570 3704 644 D.
3745 568 3976 669 1410.)

862 775 938 847 in
990 796 1102 864 eo,
1160 781 1229 849 et
1285 775 1747 848 factivitatem
1800 775 2144 848 adventus
2185 776 2266 864 1);
2323 775 2442 848 sed
2501 773 2782 862 febrim,
2841 796 3018 866 quae
3065 797 3221 848 eum
3261 798 3442 847 anno
3481 799 3618 848 uuo
3656 783 3730 850 et
3769 799 3967 850 men·
4034 811 4042 820 ·

864 895 1065 969 sibus
1120 917 1248 968 sex
1302 893 1641 982 detinuit,
1712 895 1865 968 illic
1918 896 2228 986 positu8‚
2297 895 2692 984 incurrens,
2751 894 2976 968 redire
3031 897 3118 968 ad
3174 895 3508 970 diocesim
3565 919 3799 985 suam,
3859 899 3963 972 iu-

865 1015 1073 1089 bente
1124 1017 1350 1108 Rege,
1410 1019 1691 1088 coactus
1747 1019 1879 1088 est.

864 1368 1096 1459 lagno
1140 1385 1293 1460 pars
1335 1368 1633 1442 Pruuiae
1676 1369 1835 1460 Regi
1879 1368 2180 1442 Poloniae
2225 1386 2300 1441 se
2345 1369 2622 1456 dedens,
2667 1371 3077 1442 aeramento
3121 1369 3469 1442 fidelitatis
3514 1370 3970 1462 obstringitur.

1709 1487 1979 1580 Egregia
2022 1489 2188 1561 fides
2231 1488 2710 1578 nungentum
2752 1489 2820 1564 in
2864 1489 3122 1579 Regem.

1074 1735 1679 1829 Marienburgensi
1732 1740 1961 1809 castro
2018 1736 2333 1824 obsessQ
2391 1735 2662 1809 nobiles
2717 1741 2788 1815 et
2841 1735 3187 1809 militares
3224 1741 3570 1808 terrarum
3607 1736 3968 1826 Prussiae‚

800 1845 809 1854 ’
864 1855 1260 1948 culmensis
1316 1860 1385 1930 et
1439 1855 1925 1944 Pomeraniae,
1993 1855 2163 1929 item
2229 1876 2467 1929 omnes
2523 1855 2714 1928 cives
2769 1856 2910 1928 fere
2965 1854 3406 1948 singularum
3461 1855 3838 1929 civitatum
3898 1857 3970 1929 in

864 1975 1245 2068 praedictis
1284 1974 1493 2049 terris
1528 1975 2099 2062 consistentium,
2142 1979 2215 2048 et
2253 1967 2611 2068 signanter
2645 1974 3210 2067 principaliores,
3268 1975 3602 2048 videlicet
3657 1977 3967 2065 Gdansk,

866 2097 1127 2188 Elbing
1156 2094 1245 2186 2),
1302 2097 1615 2185 Thomu,
1664 2096 1937 2184 Chelm‚
1986 2095 2384 2188 Kinszberg
2413 2093 2499 2184 3)‚
2559 2095 2937 2188 Swyeczie‚
2979 2093 3244 2182 Gniew,
3303 2096 3583 2168 Tsczow
3613 2095 3700 2186 ⁴),
3759 2095 3964 2170 Nova

868 2215 1289 2302 Brodnicza‚
1348 2215 1835 2308 Brandeburg‚
1893 2215 2061 2287 item
2118 2221 2420 2306 quatuor
2482 2214 2824 2307 episcopi,
2891 2216 3240 2288 Iohannes
3304 2215 3774 2304 Varmiensis,
3831 2217 3965 2288 Ar·

866 2336 1123 2408 noldus
1160 2335 1585 2424 culmensi8‚
1625 2336 1975 2409 Henricus
2020 2334 2585 2408 Pomesaniensis
2623 2339 2693 2408 et
2730 2336 3080 2407 Iohannes
3119 2334 3584 2424 Sambiensi8‚
3639 2337 3729 2408 ad
3769 2336 3964 2408 Wla-

866 2454 1169 2528 dislaum
1206 2455 1543 2528 Poloniae
1579 2456 1839 2548 Regem
1894 2454 2361 2546 personaliter
2414 2454 2774 2528 venientes
2797 2510 2814 2543 ,
2871 2475 2946 2528 se
2985 2459 3054 2526 et
3091 2453 3322 2526 omnia
3375 2475 3536 2543 sua,
3595 2459 3828 2528 castra
3861 2455 3963 2528 vi-

864 2576 1119 2650 delicet
1153 2579 1227 2649 et
1262 2575 1587 2648 civitates
1643 2575 2091 2664 dediderunt,
2146 2574 2490 2666 praestito
2525 2575 2611 2648 de
2647 2573 3022 2663 fidelitate,
3079 2573 3402 2666 homagio
3457 2579 3528 2646 et
3566 2575 3968 2649 obedientia

864 2696 1208 2788 corporali
1262 2694 1675 2770 iuramento.
1733 2695 2029 2768 Nobiles
2084 2700 2318 2767 tamen
2375 2700 2444 2767 et
2498 2693 2686 2768 cives
2707 2751 2726 2784 ‚
2783 2699 2928 2766 tam
2966 2698 3308 2766 terrarum
3349 2716 3559 2786 quam
3593 2695 3963 2768 civitatum

862 2816 1411 2909 praedictarum,
1478 2816 1602 2908 qui
1667 2815 1739 2888 in
1802 2815 2296 2907 captivitatem
2357 2814 2574 2906 Regis
2637 2813 2887 2905 praelii
2943 2820 3250 2906 tempore
3305 2819 3674 2903 venerant,
3731 2816 3961 2906 prius-

865 2957 1075 3028 quam
1128 2935 1453 3028 homagia
1507 2940 1576 3008 et
1630 2935 1995 3009 fidelitatis
2051 2935 2442 3008 iuramenta
2493 2933 3050 3025 praestitissent,
3126 2934 3582 3007 obtinuerunt
3639 2935 3961 3028 precibus

868 3076 943 3128 se
1000 3077 1043 3127 a
1096 3054 1509 3147 captivitate
1564 3055 1861 3143 dimitti,
1920 3076 2056 3127 non
2094 3059 2426 3147 putantes
2465 3054 2604 3128 sibi
2640 3054 2884 3142 licere,
2925 3055 3142 3127 donec
3179 3059 3632 3128 censerentur
3669 3056 3960 3148 captivi,

864 3180 1021 3249 acta
1074 3175 1623 3248 iuramentorum
1678 3179 1749 3248 et
1799 3175 2107 3267 homagii
2164 3176 2536 3248 celebrare.
2596 3176 2914 3268 Rogatus
2969 3181 3200 3248 autem
3260 3175 3700 3248 Wladislaus
3758 3177 3959 3249 Polo-

862 3295 1021 3368 niae
1075 3298 1232 3368 Rex
1288 3317 1331 3368 a
1384 3294 1735 3367 militibus
1790 3299 1862 3367 et
1914 3295 2224 3383 civibu8‚
2282 3294 2556 3368 iuribus
2613 3299 2682 3368 et
2737 3295 3186 3369 libertatibus
3242 3295 3558 3388 antiquis
3599 3298 3960 3370 coufirma-

866 3415 1131 3489 tionem
1183 3414 1543 3507 praestitit
1580 3420 1650 3487 et
1687 3415 2042 3490 veteribus
2098 3436 2280 3487 nova
2332 3415 2614 3488 adiecit.
2670 3416 2868 3487 Inter
2923 3436 3160 3488 omnes
3217 3419 3450 3488 autem
3497 3416 3962 3490 Pruthenicos

862 3535 1085 3624 cives,
1154 3533 1689 3628 Elbingensium
1754 3533 2015 3608 civium
2080 3535 2252 3608 fides
2317 3538 2388 3607 et
2452 3533 2731 3607 devotio
2796 3535 2869 3606 in
2933 3536 3195 3627 Regem
3263 3539 3582 3627 spectata
3643 3541 3782 3609 est:
3842 3535 3963 3628 qui

861 3655 1197 3730 Wernero
1254 3655 1643 3748 Thetingen
1674 3654 1735 3743 ⁵)
1792 3655 2361 3728 commendatore
2417 3655 2830 3747 Elbiugensi
2883 3676 3006 3746 per
3063 3656 3298 3748 fugam
3353 3677 3392 3727 e
3433 3656 3701 3747 praelio
3733 3655 3798 3745 ⁶)
3853 3656 3958 3728 di·

860 3777 1060 3868 lapso
1116 3781 1187 3850 et
1240 3797 1326 3849 ex
1382 3780 1613 3849 castro
1668 3775 2119 3867 Elbingensi‚
2179 3776 2252 3847 in
2307 3775 2492 3867 quod
2549 3775 2986 3868 confugerat,
3045 3775 3296 3864 eiecto,
3356 3781 3665 3848 castrum
3721 3775 3964 3849 Elbin·

858 3917 1073 3990 gense
1132 3895 1354 3969 nullis
1408 3895 1709 3968 fortunis
1762 3900 1889 3967 aut
1941 3895 2372 3968 victualibus
2421 3895 2858 3983 mutilatum,
2919 3893 3310 3968 Wladislao
3377 3895 3711 3970 Poloniae
3747 3895 3952 3988 Regi,

862 4037 1003 4087 una
1056 4036 1214 4089 cum
1280 4015 1567 4088 civitate
1631 4015 2077 4089 dediderunt:
2146 4016 2329 4107 quod
2393 4015 2832 4088 Wladislaus
2896 4015 3232 4088 Poloniae
3296 4016 3451 4088 Rex
3517 4016 3819 4088 Iohanni
3877 4017 4014 4088 de*

865 4137 1153 4207 Tarnow
1210 4134 1524 4226 palatino
1589 4135 2029 4209 Craeoviensi
2082 4134 2378 4209 tradidit
2431 4134 2506 4208 in
2563 4139 2903 4208 tenutam.
2969 4135 3184 4208 Cuius
3249 4135 3650 4226 praedictus
3703 4135 3957 4226 palati-

860 4275 995 4327 nus
1048 4253 1492 4347 possessione
1562 4260 1875 4346 recepta,
1948 4256 2188 4347 plures
2243 4276 2353 4330 res
2407 4255 2680 4329 nobiles
2752 4254 2906 4328 illic
2975 4255 3363 4346 reperiens,
3441 4260 3719 4328 centum
3793 4277 3961 4327 vasa

860 4397 1073 4448 aurea
1126 4379 1196 4448 et
1250 4379 1581 4468 argentea
1634 4375 2025 4449 Wladislao
2081 4375 2417 4448 Poloniae
2471 4376 2651 4469 Regi
2707 4396 2794 4448 ex
2851 4375 2976 4448 illo
3031 4374 3328 4449 remisit.

1078 4657 1125 4736 ¹)
1170 4659 1463 4719 adventus
1517 4659 1646 4718 eius
1702 4653 1854 4720 Cod.
1905 4655 2094 4719 Rozr.
2164 4653 2220 4741 ²)
2266 4657 2547 4735 Helbynk
2596 4653 2746 4720 Cod.
2799 4653 2976 4719 Calv.
3039 4653 3096 4741 3)
3143 4657 3531 4732 Kingsbergk
3581 4650 3738 4717 Cod.
3787 4654 3958 4718 Kost.

862 4758 918 4845 ⁴)
967 4762 1208 4824 Czczow
1258 4757 1409 4824 Cod.
1456 4757 1649 4822 Rozr.
1699 4757 1755 4844 ⁵)
1800 4761 1997 4821 Ulrico
2042 4760 2374 4836 Thetingar
2430 4757 2581 4822 O'od.
2639 4757 2815 4824 Οαῑυ.
2864 4757 2920 4837 ⁸)
2965 4779 3001 4819 a
3044 4759 3271 4841 praelio
3321 4753 3473 4822 Cod.
3518 4754 3714 4819 Rozr.
