4342 6384
394 574 533 679 (Α.
568 578 663 653 D.
702 569 956 670 1444.)
1524 602 1752 655 numa
1802 604 2316 659 Duonsscnms.
3341 584 3486 657 715

394 785 491 859 113
542 786 683 859 iam
737 785 1092 879 applicata
1128 786 1208 875 ¹),
1264 785 1643 859 transitum
1700 788 2122 860 Teucrorum
2152 786 2216 877 2)
2271 809 2358 861 ex
2409 788 2616 877 Asia,
2673 788 2793 861 ubi
2850 794 3016 862 tunc
3053 794 3208 862 erat
3245 791 3498 864 Caesar

394 908 779 981 Turcorum
808 904 871 996 ³)
926 907 1349 981 Amurathes
1402 928 1561 979 cum
1616 906 1763 979 filio
1816 906 2171 979 Karaman
2227 906 2554 1001 Principe
2601 908 3096 982 Thartarornm
3135 908 3208 981 in
3245 910 3488 1003 Regno

392 1027 725 1101 Natoliae
776 1027 1042 1100 bellum
1094 1044 1376 1118 gerens,
1432 1026 1510 1099 in
1562 1024 1909 1117 Europam
1966 1026 2053 1098 ad
2105 1028 2429 1119 Regnum
2484 1027 2900 1116 Romaniae,
2958 1049 3136 1119 quae
3174 1033 3243 1101 et
3280 1028 3492 1103 Grae-

394 1148 505 1220 cia
567 1146 857 1235 dicitur,
924 1144 1359 1237 prohibebat.
1427 1146 1521 1217 Et
1582 1144 1903 1237 quamvis
1968 1146 2350 1218 multorum
2419 1146 2673 1218 fuisset
2737 1150 2884 1218 tam
2947 1146 3215 1239 opinio,
3286 1169 3494 1240 quam

392 1266 791 1361 persuasio,
847 1270 929 1339 ut
983 1286 1071 1339 ex
1124 1263 1409 1337 Bidinio
1472 1265 1721 1337 dextro
1786 1266 1967 1337 colle
2031 1285 2278 1339 versus
2332 1265 2866 1356 Adrianopolim
2918 1272 3205 1358 propter
3254 1267 3490 1340 brevi-

394 1390 617 1460 tatem
671 1385 947 1459 itineris
1010 1405 1379 1477 processus
1442 1386 1673 1475 fieret,
1740 1406 1877 1477 quo
1931 1384 2005 1457 in
2060 1386 2458 1477 quindecim
2523 1386 2764 1458 saltim
2828 1386 3073 1460 diebus
3129 1392 3286 1459 tuto
3338 1408 3491 1479 per·

394 1506 709 1581 venisset
772 1504 1157 1593 exercituin
1222 1504 1347 1577 sed
1410 1504 1575 1596 quia
1630 1510 1701 1578 et
1752 1505 1931 1599 Regi
1984 1507 2053 1579 et
2108 1505 2536 1578 consiliariis
2603 1506 2838 1578 visum
2910 1511 3048 1595 est,
3106 1508 3289 1598 quod
3345 1506 3491 1579 exi-

392 1648 579 1721 guus
650 1630 839 1699 esset
908 1623 1293 1713 exercitus,
1370 1630 1441 1697 et
1510 1625 1697 1717 quod
1770 1646 1895 1717 per
1965 1624 2188 1697 silvas
2252 1630 2320 1698 et
2375 1629 2644 1699 montes
2707 1625 3162 1699 intermedios
3218 1625 3494 1698 traduci

394 1749 783 1837 opportune
836 1764 1083 1817 currus
1136 1764 1276 1816 11611
1326 1744 1758 1835 1161111336111,
1818 1744 1942 1835 (1111
1994 1744 2276 1837 (1111(16111
2340 1744 2474 1817 6131
2530 1745 2960 1819 celeritatem
3014 1744 3248 1837 gentis
3303 1744 3490 1818 mili-

393 1865 571 1937 taris
625 1862 1041 1955 impediant,
1100 1864 1163 1935 si
1216 1863 1379 1935 duci
1432 1868 1667 1935 tamen
1718 1884 1861 1935 una
1913 1869 2245 1955 possunt,
2313 1868 2539 1936 totum
2593 1865 2922 1937 muniunt
2975 1868 3048 1936 et
3101 1869 3328 1937 totum
3383 1886 3488 1937 re-

394 1987 719 2057 staurant
772 1982 1187 2057 exercitum:
1254 1982 1567 2056 decrevit
1642 1982 1880 2074 itaque
1942 1985 2101 2056 Rex
2155 1984 2245 2055 ad
2299 1982 2662 2057 sinistram
2717 1985 2997 2057 tendere
3050 2005 3297 2057 versus
3353 1985 3488 2055 Da-

392 2102 721 2191 nubium,
770 2105 921 2175 tum
959 2124 1047 2176 ne
1082 2124 1327 2176 currus
1364 2108 1729 2195 cogeretur
1761 2102 2157 2194 relinquere
2177 2160 2194 2191 ,
2251 2108 2402 2175 tum
2441 2105 2626 2195 quod
2662 2103 2816 2176 illic
2851 2103 3179 2177 maiorem
3220 2103 3489 2175 victua-

394 2223 574 2295 lium
626 2222 897 2316 copiam
950 2226 1389 2315 reperturum
1443 2222 1831 2295 exercitum
1884 2223 2368 2317 cognoscebat.

1333 2574 1727 2647 vladislaus
1766 2575 1906 2647 Rex
1950 2576 2298 2664 nicopolin
2341 2575 2546 2648 vonit.

602 2821 935 2895 Dimissis
988 2821 1210 2915 igitur
1260 2823 1349 2895 ad
1399 2823 1593 2895 latus
1646 2822 1973 2896 dextrum
2034 2844 2284 2896 versus
2343 2823 2702 2898 meridiem
2763 2824 3056 2897 urbibus
3120 2824 3484 2917 Philippo·

393 2943 545 3036 poli
575 2942 637 3032 ⁴)
692 2948 765 3017 et
798 2940 1290 3035 Adrianopoli,
1328 2943 1519 3015 ultra
1556 2948 1825 3016 montes
1863 2948 1935 3017 et
1972 2964 2185 3035 penes
2222 2944 2448 3036 ripam
2482 2944 2791 3017 Danubii
2827 2964 2954 3035 per
3004 2964 3292 3017 amoena
3328 2945 3484 3017 loca

394 3066 467 3138 et
520 3064 923 3154 opulentam
976 3061 1419 3137 Macedoniae
1472 3062 1907 3155 provinciam
1962 3064 2420 3153 transeundo,
2488 3067 2788 3156 quatuor
2857 3065 2944 3136 de
2995 3063 3290 3157 triginta
3342 3064 3486 3137 die-

390 3183 528 3255 bus
582 3182 670 3255 ad
722 3182 967 3255 urbem
1016 3182 1415 3274 Nicopolim
1469 3187 1883 3275 perventum
1937 3188 2077 3273 est,
2136 3205 2344 3275 quam
2399 3185 2542 3257 fere
2595 3183 2892 3257 mediam
2939 3183 3304 3256 Danubius
3342 3204 3486 3256 am·

392 3302 533 3391 bit,
590 3301 801 3374 aliam
854 3304 1123 3393 partem
1184 3324 1431 3377 versus
1498 3302 1834 3376 orientem
1898 3303 2150 3377 celsior
2213 3324 2412 3376 mons
2466 3308 2708 3377 tuetur
2761 3306 2832 3377 et
2883 3302 3236 3394 reliquum
3290 3302 3486 3375 urbis

392 3421 652 3494 humili
704 3422 885 3495 colle
938 3422 1281 3495 vallatum
1339 3427 1479 3511 est;
1536 3422 1609 3495 in
1666 3444 1801 3515 quo
1839 3426 2041 3495 extra
2078 3422 2414 3497 circuitus
2451 3422 2648 3496 urbis
2687 3422 2900 3495 etiam
2935 3442 3136 3495 casae
3174 3423 3485 3511 aderant,

392 3562 519 3634 pro
573 3563 761 3615 more
812 3541 1083 3633 patriae
1135 3563 1273 3615 11611
1329 3542 1701 3635 superbae,
1758 3564 1937 3633 quae
1974 3564 2214 3616 omnes
2248 3543 2546 3635 praedae
2584 3545 2654 3615 et
2691 3541 3255 3615 incendiodatae
3293 3546 3461 3613 sunt

390 3663 629 3735 Muros
682 3683 849 3735 vero
902 3662 1251 3751 civitatis,
1318 3662 1456 3735 etsi
1509 3667 1922 3754 apparerent
1987 3662 2226 3754 parvis
2280 3663 2366 3735 de
2423 3661 2616 3735 saxis
2671 3662 3010 3750 extructi,
3067 3682 3206 3733 non
3259 3665 3485 3734 tenta-

389 3781 501 3853 vit
554 3802 955 3875 expugnare
1006 3782 1197 3871 Rex,
1254 3783 1492 3855 eadem
1550 3803 1757 3875 quam
1811 3782 2121 3855 diximus
2169 3783 2472 3871 ratione,
2531 3781 2744 3855 citius
2782 3781 2857 3853 iu
2894 3782 3256 3855 Graeciam
3294 3784 3518 3866 tran·-

392 3902 673 3989 seundi‚
750 3901 961 3975 etiam
1024 3901 1193 3993 quia
1254 3923 1410 3974 cum
1475 3902 1791 3976 exercitu
1854 3903 2071 3995 Regis
2126 3923 2266 3975 non
2322 3904 2572 3975 ductae
2635 3903 2954 3989 fuerunt,
3021 3900 3164 3973 nisi
3225 3920 3486 3991 paucae
3629 4003 3636 4013 ι

391 4021 730 4112 quaedam
792 4021 1209 4095 bombardae
1268 4042 1558 4113 parvae,
1625 4026 1704 4093 ut
1760 4021 2111 4094 exercitus
2164 4022 2398 4094 minus
2453 4025 2642 4093 esset
2696 4020 3098 4111 impeditus
3168 4020 3486 4092 Humilis

390 4139 744 4231 siquidem
798 4144 907 4213 est
959 4140 1214 4214 civitas
1267 4140 1635 4233 Nicopolis
1692 4146 1761 4213 et
1814 4141 2015 4213 cuius
2069 4142 2467 4232 praesentia
2522 4140 2773 4213 famam
2830 4140 3118 4228 minuit,
3174 4140 3344 4214 licet
3392 4140 3488 4212 sit

388 4260 799 4351 metropolis
854 4260 929 4331 in
983 4260 1352 4351 Bulgaria,
1420 4262 1543 4333 sed
1604 4260 1917 4351 alioquin
1959 4260 2021 4350 ⁵)
2085 4261 2356 4348 dotata,
2429 4258 2785 4353 plerisque
2847 4259 3482 4346 commoditatibus,

388 4398 697 4471 agroque
750 4381 820 4451 et
874 4378 1096 4451 fertili
1148 4384 1388 4471 portu,
1452 4400 1577 4471 per
1629 4401 1833 4471 quem
1887 4380 1963 4451 in
2015 4380 2457 4453 Walachiam
2521 4386 2592 4453 et
2644 4379 3255 4471 Transylvaniam,
3324 4380 3485 4451 inde

385 4497 469 4570 in
521 4497 956 4591 Hungariam
1009 4499 1294 4573 Teucris
1348 4500 1525 4591 ipsis
1580 4501 1773 4591 patet
1828 4520 2174 4573 accessus.

608 4768 653 4849 ¹)
717 4772 1067 4849 Galliopolis
1125 4772 1243 4833 iam
1310 4774 1621 4848 appulerat
1682 4768 1834 4833 Cocl.
1895 4770 2037 4834 Lis.
2102 4768 2158 4853 ⁹)
2220 4772 2547 4834 Turcorum
2601 4768 2727 4835 Ed.
2787 4770 2965 4853 Lips.
3024 4769 3076 4851 ³)
3121 4772 3485 4833 Teucrorum

383 4868 517 4934 Ed.
562 4870 743 4959 Lips.
790 4870 845 4957 ⁴)
886 4876 1181 4952 Philopoli
1230 4870 1381 4943 God.
1429 4872 1605 4939 Kost.
1655 4873 1709 4954 ⁵)
1754 4876 2073 4952 aliquando
2122 4869 2274 4939 Ood.
2319 4872 2498 4939 Kost.
