4342 6384
977 636 1126 712 542
2166 664 2395 717 mmm
2445 664 2903 719 uunncnms.
3515 638 3649 742 (Α.
3682 640 3759 715 D.
3790 634 3962 741 1434.)
4103 668 4104 671 ¹

971 971 1362 1060 Legationes
1379 1028 1396 1059 ,
1440 989 1607 1063 quae
1654 975 1739 1046 ad
1783 948 2268 1045 coronationem
2311 972 2647 1045 wladislai
2693 975 3143 1047 convenerant
3159 1028 3176 1059 ,
3224 971 3596 1057 audiuntur,
3655 973 3718 1042 et
3752 973 3964 1061 quaesu-

1709 1092 1792 1165 de
1834 1093 2243 1183 impedienda
2287 1093 2706 1165 coronatione
2750 1093 2965 1182 legis,
3011 1091 3351 1165 deciditur.

1183 1332 1427 1405 Sancti
1482 1332 1719 1406 Iacobi
1773 1335 1986 1421 feste,
2055 1353 2191 1424 quo
2256 1333 2611 1405 coronatio
2676 1332 2898 1405 futuri
2952 1331 3171 1424 Regis
3226 1330 3559 1405 Poloniae
3624 1333 3735 1403 aut
3776 1331 3967 1417 confici,

975 1456 1098 1525 aut
1150 1451 1342 1524 infici
1396 1452 1760 1541 debuerat,
1819 1452 2458 1545 appropinquante,
2526 1473 2614 1525 ex
2670 1452 2993 1525 omnibus
3049 1452 3257 1524 terris
3312 1455 3381 1524 01
3435 1450 3576 1522 oris
3640 1454 3703 1523 01
3747 1450 3965 1541 angulis,

973 1572 1218 1663 Regno
1272 1570 1606 1645 Poloniae
1661 1573 2032 1661 subiectis,
2099 1572 2406 1645 maxima
2459 1573 2973 1659 Praelatorum,
3031 1570 3471 1662 Principum,
3537 1571 3863 1652 baronum,
3902 1569 3969 1641 (11-

973 1691 1468 1785 gnitatiorum,
1508 1692 1849 1781 militum,
1889 1694 2235 1767 nobilium
2288 1698 2359 1765 01
2398 1692 2690 1779 civium,
2750 1691 3075 1763 convenit
3113 1690 3187 1764 in
3224 1689 3623 1765 cracoviam
3660 1688 3970 1773 multitudo,
4097 1680 4100 1715 f

973 1830 1394 1902 unoquoque
1450 1812 1750 1885 salutem
1806 1835 2002 1885 suam
2057 1814 2131 1886 in
2188 1812 2536 1885 communi
2591 1817 2661 1884 et
2696 1811 2979 1903 publica
3032 1810 3331 1903 pendere
3378 1810 3821 1882 existimante.
3864 1810 3971 1879 Dux

973 1936 1208 2004 autem
1262 1931 1558 2022 Magnus
1613 1932 2032 2006 Lithuaniae
2080 1931 2597 2026 Sigismundus,
2655 1952 2811 2004 cum
2848 1952 2972 2023 pro
3012 1951 3091 2003 00
3145 1940 3452 2021 tempore
3506 1926 3975 2002 valetudinarius

974 2054 1162 2123 esset
1227 2056 1296 2122 et
1349 2050 1817 2141 periculosum
1875 2053 2204 2141 sentiret,
2260 2056 2546 2144 propter
2599 2051 2815 2124 Ducis
2874 2050 3282 2143 Switrigelli
3338 2054 3407 2122 et
3460 2071 3629 2123 suae
3678 2049 3866 2141 partis
3906 2047 3974 2118 111-
4097 2074 4100 2099 ÷

977 2169 1227 2258 sidias‚
1289 2174 1490 2242 extra
1542 2175 1798 2244 terram
1841 2172 1892 2260 ¹)
1947 2172 2373 2245 Lithuaniae
2430 2171 2567 2244 sibi
2604 2171 2869 2264 egredi:
2927 2170 3213 2243 nuntios
3269 2190 3425 2242 cum
3452 2172 3671 2270 plena
3714 2172 3978 2261 potestate
4097 2236 4100 2255 ,

975 2294 1046 2362 et
1101 2289 1450 2378 mandato,
1507 2310 1874 2382 personam
1913 2313 2111 2365 suam
2144 2296 2789 2383 repraesentaturos
2829 2294 2901 2363 et
2936 2291 3011 2363 in
3048 2290 3560 2363 coronationem
3600 2289 3803 2362 futuri
3829 2285 3983 2378 Regis
4097 2264 4100 2289 Ι

973 2408 1254 2491 1101111110
1309 2429 1434 2481 suo
1491 2414 1560 2483 01
1614 2411 1928 2483 Ducatus
1985 2410 2222 2504 Magni
2276 2412 2702 2483 Lithuaniae
2756 2431 3251 2499 consensuros,
3306 2410 3751 2495 transmittit,
3808 2405 3980 2479 Marti·

971 2550 1142 2599 num
1197 2528 1280 2602 de
1337 2529 1652 2603 Schadek
1705 2530 2273 2604 archidiaconum
2325 2531 2733 2604 Vilnensem
2788 2537 2857 2603 et
2893 2531 3433 2623 Dolgerthonem
3454 2529 3518 2618 2)
3574 2528 3917 2621 palatinum
3940 2530 3983 2597 et
4102 2516 4104 2601 J

973 2646 1416 2738 capitaneum
1470 2647 1898 2724 Vilnensem.
1974 2651 2169 2724 Idem
2226 2651 2393 2724 facit
2448 2650 2863 2743 Woyewoda
2916 2649 3310 2723 Moldaviae
3364 2650 3778 2741 Stephanus,
3824 2646 3985 2719 Dura

973 2767 1329 2841 Masoviae
1385 2768 1817 2857 Semovitus,
1874 2771 2280 2843 Kazimirus
2315 2776 2389 2845 01
2424 2771 2793 2843 Boleslaus
2848 2771 3107 2844 affuere
3142 2775 3569 2861 praesentes.
3626 2770 3787 2842 Cum
3816 2767 3985 2855 itaque·

975 2887 1303 2979 frequens
1357 2910 1688 2962 numerus
1745 2911 1832 2964 ex
1889 2891 2076 2963 omni
2143 2894 2335 2963 statu
2390 2891 2949 2963 consiliariorum
2997 2890 3471 2979 convenisset,
3531 2889 3707 2962 feria
3756 2890 3921 2961 sexta
3942 2886 3989 2954 et

976 3006 1282 3079 Sabbato
1335 3013 1499 3081 ante
1553 3010 1809 3086 festum
1841 3008 1902 3098 ³)
1960 3010 2203 3083 Sancti
2257 3010 2527 3098 Iacobi,
2585 3011 2821 3083 nuntii
2874 3010 3175 3102 primum
3231 3011 3449 3083 Ducis
3484 3010 3721 3102 Magni
3768 3007 3986 3079 111111111-
4102 3032 4104 3045 ·

975 3125 1134 3199 niae
1189 3126 1656 3220 Sigismundi,
1724 3134 1794 3203 et
1846 3130 2305 3221 Woyewodae
2368 3131 2788 3219 Moldaviae,
2857 3134 3109 3222 expost
3138 3131 3202 3219 ⁴)
3266 3130 3567 3203 aliorum
3642 3127 3988 3217 Principum,

976 3250 1320 3319 terrarum
1375 3251 1445 3319 et
1481 3246 1875 3322 absentium
1930 3251 2301 3339 baronum,
2358 3250 2745 3343 legationes
2799 3250 3081 3323 auditae
3120 3254 3308 3323 sunt.
3366 3250 3697 3325 Omnium
3745 3268 3868 3320 una
3894 3248 3993 3317 erat

978 3370 1050 3439 01
1103 3386 1387 3440 concors
1444 3370 1824 3459 sententia,
1891 3371 2140 3462 petitio
2198 3377 2269 3444 et
2323 3358 2598 3459 votum,
2664 3375 2746 3442 ut
2800 3370 3097 3444 celerius
3162 3392 3299 3462 quo
3352 3369 3503 3444 fieri
3557 3374 3817 3461 posset,
3864 3382 3991 3435 unns
4102 3372 4104 3377 ·

973 3506 1066 3559 ex
1123 3487 1297 3559 filiis
1353 3488 1570 3581 Regis
1626 3490 1885 3562 mortui
1916 3489 1976 3579 5)
2041 3494 2510 3577 coronaretur,
2570 3510 2943 3580 omnesque
2997 3489 3081 3561 (10
3137 3489 3396 3562 maiore
3447 3494 3626 3560 natu
3690 3488 3845 3573 filio,
3890 3504 3995 3555 cum
4102 3522 4104 3533 ·

973 3606 1036 3678 is
1093 3612 1163 3679 et
1217 3608 1539 3681 omnibus
1595 3610 1901 3702 corporis
1958 3610 2403 3683 lineamentis
2460 3610 2546 3681 ad
2600 3609 2824 3702 patris
2879 3615 3201 3682 naturam
3256 3610 3647 3691 accederet,
3712 3612 3781 3681 01
3826 3622 3994 3697 spera·

974 3727 1182 3801 batur
1233 3728 1440 3801 illum
1496 3730 2072 3819 operibusetiam
2107 3731 2311 3803 bonis
2350 3750 2842 3822 expressuruS,
2900 3729 3425 3802 conveniebant.
3484 3730 3789 3802 Suborta
3820 3721 3997 3797 deinde

977 3846 1294 3938 quaestio
1333 3853 1440 3921 est
1495 3853 1565 3921 et
1618 3850 1705 3922 ab
1742 3850 1886 3937 his,
1947 3851 2066 3941 qui
2121 3849 2636 3923 coronationem
2676 3850 2889 3941 Regis
2945 3849 3307 3940 impedire,
3362 3870 3621 3940 resque
3675 3868 3875 3921 novas
3904 3864 3999 3915 mo·
4102 3852 4104 3909 ;

975 3966 1096 4039 liri
1146 3967 1575 4057 nitebantur,
1631 3970 2019 4061 proposita:
2077 3993 2165 4042 an
2203 3970 2446 4043 liceret
2483 3990 2777 4061 puerum
2831 3973 2900 4041 01
2936 3969 3259 4042 iuvenem
3314 3968 3389 4041 in
3425 3968 3795 4061 dignitatis
3830 3970 3999 4037 tantae

975 4086 1239 4178 Regem
1295 4108 1678 4176 assumere,
1755 4088 1954 4161 cuius
2019 4098 2215 4162 aetas
2279 4090 2443 4161 dum
2507 4088 2998 4182 gubernationi
3061 4110 3292 4161 rerum
3346 4110 3761 4180 magnarum
3818 4100 4002 4177 perse

975 4226 1114 4277 non
1171 4208 1551 4295 sufficeret,
1619 4208 2060 4281 consiliarios
2115 4213 2185 4282 et
2237 4214 2542 4295 11110108,
2612 4229 2701 4281 ex
2756 4229 3050 4299 quorum
3118 4208 3465 4280 sententia
3519 4230 3673 4297 res,
3732 4228 3859 4279 non
3902 4201 4005 4274 sine

976 4324 1246 4399 invidia
1299 4331 1369 4398 et
1424 4331 1826 4419 contemptu
1883 4328 2181 4401 aliorum
2246 4329 2805 4415 decernerentur,
2874 4334 3060 4400 esset
3113 4327 3463 4399 habitura.
3538 4329 3807 4400 Multas
3852 4322 3923 4394 ad
3959 4316 4004 4388 id
4097 4280 4104 4399 1

973 4443 1282 4518 rationes
1337 4445 1599 4519 dudum
1653 4448 2085 4540 conquisitas
2139 4448 2561 4521 inducebant
2589 4448 2677 4536 θ),
2743 4447 2929 4521 inter
2982 4469 3155 4540 quas
3212 4467 3395 4535 eam,
3464 4468 3651 4538 quae
3705 4444 4007 4542 populares
4102 4436 4104 4489 ³

977 4564 1202 4658 magis
1257 4565 1612 4654 irritabat,
1669 4568 2058 4659 ponendam
2095 4567 2293 4640 duxi.
2356 4568 2633 4658 Ubique
2686 4567 3075 4656 iactabant,
3116 4567 3271 4640 iura
3306 4568 3536 4659 Regni
3595 4574 3747 4641 tam
3796 4560 4011 4657 publia

975 4707 1186 4777 quam
1247 4686 1556 4778 privata,
1626 4688 1848 4759 multo
1913 4709 2154 4760 cruore
2228 4693 2299 4761 et
2362 4687 2631 4760 meritis
2693 4687 3299 4779 praedecessorum
3364 4708 3665 4760 suorum
3739 4682 4007 4778 quaesita,
4102 4682 4104 4685 ⁴

976 4806 1052 4878 in
1108 4826 1381 4878 cassum
1441 4811 1512 4879 et
1563 4806 1916 4898 perditum
1971 4807 2091 4879 iri:
2149 4828 2306 4881 cum
2344 4806 2561 4899 Regis
2614 4807 3042 4881 minorennis
3078 4806 3510 4879 confirmatio
3559 4813 3637 4880 01
3676 4798 4011 4899 approbatio
4102 4812 4104 4831 ¹

973 4926 1265 5014 iurium‚
1327 4925 1390 4999 si
1444 4927 1674 5014 fieret,
1742 4932 1981 5017 posset
2045 4926 2350 4999 faciliter
2414 4926 2489 4999 in
2550 4930 2907 5018 posterum
2973 4948 3098 5018 per
3152 4947 3308 4999 eum
3368 4927 3647 5016 refelli,
3718 4926 3783 4999 si
3828 4924 3895 4997 iu
3932 4936 4008 4991 ex·

974 5045 1438 5137 pectationem
1494 5046 1852 5139 legitimae
1906 5046 2162 5120 aetatis
2219 5067 2561 5139 suspensa
2614 5046 2980 5135 recideret,
3061 5066 3199 5117 non
3255 5050 3406 5117 tuto
3462 5052 3595 5118 aut
3652 5066 3892 5138 aequo,
3936 5034 4012 5109 sed
4097 5120 4100 5143 Ι

1188 5335 1238 5421 ¹)
1286 5344 1454 5399 extra
1496 5343 1684 5399 terras
1734 5332 1886 5400 cod.
1917 5333 2112 5398 Rozr.
2162 5333 2211 5417 ²)
2260 5336 2736 5413 Dolgorchonem
2784 5328 2937 5398 God.
2984 5332 3160 5397 Koet.
3225 5332 3281 5414 ³)
3326 5334 3542 5395 festum
3594 5333 3776 5399 deest
3814 5333 3882 5396 in
3916 5318 4017 5393 Co&
4102 5405 4104 5415 .

977 5435 1512 5626 &QLZJOEQ
1557 5436 1710 5505 Cod.
1740 5439 1934 5503 Rozr.
1986 5438 2040 5519 ⁶)
2086 5458 2161 5500 ex
2203 5439 2340 5500 filiis
2384 5439 2565 5517 regiis
2609 5435 2736 5501 Ed.
2772 5435 2954 5521 Isr'ps.
3004 5434 3057 5512 ⁶)
3106 5438 3477 5499 deducebant
3520 5444 3719 5515 atque
3760 5433 4019 5498 inferebant
4101 5418 4104 5573 1
