4342 6384
1261 435 1408 507 516
2460 452 2687 505 mnan
2738 450 3195 505 nnnncnms.
3802 428 3939 529 (Α.
3982 428 4077 503 D.
4122 427 4342 504 1433.

1255 638 1654 727 discedens,
1729 639 1817 709 ad
1889 637 2158 710 bellum
2231 636 2863 713 administrandum
2920 656 2995 709 se
3048 636 3364 728 parabat.
3430 635 3765 710 celeriori
3826 636 4075 729 itaque
4128 656 4342 729 passu

1259 780 1468 850 quam
1533 762 2070 845 consveverant,
2136 756 2486 831 Praelatis
2552 762 2623 829 et
2682 756 3065 832 baronibus
3110 752 3219 829 ’ex
3274 756 3612 829 Brzescze
3666 756 3742 829 in
3800 756 4213 829 Laneiciam
4270 779 4342 830 re

1257 878 1518 965 versis,
1573 884 1646 949 et
1701 878 1870 969 quid
1925 878 2040 970 agi
2093 879 2435 969 placeret,
2493 877 2740 949 diebus
2778 876 3052 968 aliquot
3086 875 3637 963 calculantibus,
3694 878 3867 949 haec
3902 877 4275 949 sententia
4308 900 4342 950 e

1258 999 1614 1071 conclusio
1668 997 1913 1070 habita
1968 1001 2108 1069 est:
2166 1002 2247 1068 ut
2304 1017 2429 1069 suo
2467 997 2816 1069 duntaxat
2852 996 3113 1085 milite,
3170 1018 3311 1069 non
3348 1001 3716 1089 expectata
3752 1001 4053 1084 aestate,
4100 998 4342 1071 bellun

1257 1139 1384 1211 per
1435 1116 1688 1191 hiemis
1746 1122 1818 1190 et
1871 1116 2058 1190 veris
2113 1120 2431 1207 tempora
2483 1115 2815 1189 Prussiae
2869 1117 3243 1205 inferatur3
3300 1137 3458 1189 cum
3511 1121 3581 1190 et
3634 1117 3973 1207 pabulum
4012 1116 4342 1191 exercitu

1259 1259 1399 1309 non
1436 1237 1665 1329 possit
1705 1239 1757 1326 1)
1813 1237 2086 1324 deesse,
2140 1240 2211 1307 et
2246 1234 2466 1307 maior
2503 1239 2725 1309 terror
2761 1231 3151 1327 damnaque
3186 1234 3511 1309 hostibus
3550 1236 3845 1327 irrogari
3874 1234 3963 1325 ²),
4022 1240 4100 1309 et
4142 1237 4337 1309 omni

1262 1357 1616 1430 exercitus
1655 1357 1729 1429 in
1766 1356 2162 1441 Prussiam,
2223 1376 2299 1427 eo
2356 1356 2540 1446 quod
2578 1355 2811 1427 Wisla
2846 1355 3107 1427 fluvius
3146 1355 3401 1447 frigore
3436 1354 3655 1427 nimio
3692 1355 4167 1443 constrictuS,
4222 1358 4342 1449 gla

1263 1477 1508 1569 cieque
1566 1476 1966 1563 induratus,
2025 1474 2299 1547 facilem
2358 1474 2698 1547 exercitui
2736 1474 3113 1547 transitum
3144 1475 3361 1577 'dabat
3390 1472 3477 1564 ³),
3536 1474 3840 1563 traduci,
3898 1480 3971 1547 et
4007 1481 4281 1549 terram
4310 1479 4342 1524 ⁴

1259 1597 1591 1669 Prussiae
1631 1596 1877 1688 spoliis
1917 1600 1985 1668 et
2012 1595 2172 1687 igne
2210 1594 2434 1685 premi
2472 1598 2709 1685 posset
2730 1593 2815 1682 5).
2857 1593 3025 1667 Dies
3050 1594 3113 1682 6)
3153 1593 3707 1685 Epiphaniarum
3743 1596 4147 1668 constituta
4184 1609 4341 1669 erat

1262 1718 1336 1790 in
1378 1739 1516 1807 qua
1553 1714 1868 1789 universi
1906 1713 2259 1787 exercitus
2296 1715 2385 1785 ad
2422 1718 2642 1786 metas
2698 1713 2771 1785 in
2808 1714 3143 1786 Doninow
3206 1713 3574 1787 convenire
3629 1718 3699 1788 et
3752 1714 4005 1788 deinde
4068 1716 4342 1790 hostile

1263 1842 1489 1908 terras
1547 1833 1815 1927 ingredi
1873 1835 2277 1907 debuerant.
2336 1833 2506 1905 Cum
2562 1854 2811 1925 magna
2858 1832 3222 1905 alacritate
3260 1833 3569 1906 militum
3606 1833 3677 1906 id
3716 1834 3985 1907 bellum
4020 1835 4342 1907 indictnr

1263 1959 1764 2045 acceptumque
1817 1957 1956 2039 est,
2013 1953 2293 2045 iamque
2350 1953 2677 2025 mandata
2731 1952 2948 2045 Regis
2986 1950 3059 2024 in
3099 1973 3337 2025 omnes
3405 1952 3760 2041 subditos,
3817 1958 4196 2046 terrasque
4250 1978 4342 2047 pu

1261 2074 1739 2160 blicabantur,
1799 2077 1867 2145 et
1921 2074 2222 2161 milites,
2282 2092 2459 2163 quae
2514 2093 2689 2163 opus
2746 2076 2944 2144 erant
2978 2093 3103 2163 pro
3138 2073 3542 2163 repellendo
3581 2071 3869 2164 frigore,
3928 2073 4073 2146 sibi
4115 2080 4191 2147 et
4228 2076 4342 2149 sui

1263 2192 1795 2285 praeparabant.
1855 2193 2014 2265 Una
2069 2192 2451 2264 difficultas
2506 2192 2769 2283 Regem
2807 2196 2877 2264 et
2913 2190 3353 2264 consiliarios
3412 2192 3747 2283 angebat,
3808 2193 3997 2283 quod
4032 2196 4342 2285 pecunia

1266 2312 1609 2386 exercitui
1663 2312 2066 2404 largiendae
2120 2312 2438 2399 deerant,
2496 2332 2670 2403 qua-s
2726 2332 3093 2404 congerere
3156 2311 3468 2384 brevitas
3522 2311 3859 2402 temporis
3912 2313 4342 2403 prohibebat

1267 2433 1420 2505 sine
1475 2431 1794 2523 pecuniis
1859 2452 2020 2505 vero
2079 2430 2183 2505 ire
2236 2432 2311 2504 in
2363 2432 2631 2504 bellum
2682 2432 3026 2521 primores
3092 2431 3528 2519 metuebant,
3592 2435 3997 2523 propterea,
4056 2434 4257 2523 qnod
4292 2456 4342 2505 aa

1265 2552 1759 2645 Choyniczam,
1818 2551 2177 2625 obsidione
2232 2552 2561 2639 durante,
2619 2549 2887 2624 milites
2923 2550 2998 2623 in
3036 2549 3449 2623 seditionem
3486 2550 3706 2637 versi,
3758 2550 4060 2623 barones
4102 2558 4182 2624 et
4214 2574 4342 2626 con

1265 2673 1576 2746 siliarios
1629 2672 1954 2764 pluribus
2009 2672 2477 2764 aspergebant
2530 2670 3014 2759 contumeliiS,
3075 2670 3259 2762 quod
3313 2670 3642 2742 donativo
3678 2670 3935 2743 bellico
3992 2672 4102 2745 eis
4136 2674 4202 2762 ⁷)
4240 2694 4342 2745 no]

1267 2793 1621 2883 impenso,
1679 2791 1767 2861 ad
1821 2791 2086 2863 bellum
2138 2791 2518 2884 gerendum
2557 2811 2673 2863 eos
2720 2790 3137 2879 traxissent;
3204 2810 3335 2863 nec
3394 2790 3801 2882 impendens
3865 2789 4079 2863 aliter
4148 2794 4342 2866 sedai

1268 2909 1520 2984 seditio
1576 2913 1880 3001 poterat,
1936 2911 2150 2983 donec
2204 2912 2290 2984 ab
2348 2910 2667 2983 omnibus
2722 2909 3032 2983 iuratum
3087 2913 3228 2998 est,
3287 2930 3425 2983 non
3480 2930 3555 2983 se
3609 2909 3915 3001 amplius
3962 2910 4041 2983 111
4083 2912 4342 3004 aliqum

1266 3030 1565 3116 bellum,
1623 3028 1955 3102 donativo
1991 3051 2129 3102 non
2163 3031 2652 3123 praecedente,
2712 3050 3194 3103 consensuros.
3252 3028 3364 3101 Ad
3412 3030 3824 3103 solvendum
3871 3029 4342 3107 difficultatem

1270 3151 1448 3221 hanc
1499 3150 1851 3240 repertum
1906 3153 2085 3238 erat,
2141 3154 2225 3221 ut
2278 3148 2578 3241 quilibet
2612 3149 3004 3241 palatinus,
3044 3153 3301 3237 terrae,
3343 3148 3459 3221 cui
3493 3154 3845 3242 praeerat,
3886 3151 3972 3223 de
4010 3152 4342 3225 solution<

1273 3267 1590 3341 donativi
1661 3268 2055 3341 cautionem
2126 3270 2406 3342 faceret.
2483 3269 2653 3342 Cum
2708 3270 2847 3341 iam
2899 3269 3013 3342 1118
3068 3273 3139 3342 et
3190 3270 3517 3361 pluribus
3582 3269 3747 3342 aliis
3812 3270 3903 3342 ad
3964 3271 4243 3345 bellum
4298 3294 4342 3347 a

1268 3388 1496 3463 hieme
1548 3389 1927 3480 gerendum
1981 3389 2419 3479 compositiS,
2488 3388 2927 3463 Wladislaus
2992 3390 3147 3464 Rex
3205 3410 3292 3462 ex
3346 3388 3677 3463 Lancicia
3730 3390 4233 3465 constituisset
4268 3413 4342 3467 re

1270 3510 1539 3583 cedere:
1597 3512 1942 3580 venerunt
1997 3508 2231 3581 subito
2286 3508 2609 3601 Magistri
2646 3514 2717 3582 et
2755 3508 3037 3583 Ordinis
3091 3508 3424 3582 Prussiae
3460 3509 3696 3582 nuntii
3732 3510 4119 3601 notabiles,
4180 3512 4342 3585 Wo]

1269 3630 1354 3704 de
1392 3627 1776 3703 Sanschein
1797 3626 1860 3716 8)
1901 3628 2419 3716 Osterodensis‚
2460 3630 2809 3702 Iohannes
2847 3629 3266 3717 MarsalcuS,
3288 3621 3658 3703 'Iohannes
3694 3630 3901 3703 miles
3938 3632 4026 3704 de
4052 3632 4342 3724 Baysefl

1269 3750 1447 3822 alias
1501 3750 1586 3822 de
1639 3748 2112 3840 Longendorff
2142 3748 2236 3835 ¹⁰)
2293 3753 2363 3820 et
2401 3748 2770 3821 Ianussius
2816 3749 3033 3821 iudex
3086 3748 3513 3837 CulmensiS,
3572 3752 3644 3821 et
3695 3770 3970 3841 pacem,
4029 3772 4245 3842 quam
4300 3754 4342 3824 i]

1271 3872 1608 3941 Brzescze
1645 3867 1735 3955 11)
1789 3868 2151 3940 nollebant
2190 3868 2531 3959 accipere,
2569 3867 2930 3960 petebant:
2989 3867 3359 3941 certificati
3394 3868 3581 3941 enim
3616 3873 3819 3941 erant
3850 3870 4187 3961 pluribus
4222 3871 4342 3943 avi

1275 3988 1645 4073 sament1'3,
1712 3988 1962 4060 molem
2033 3987 2206 4060 belli
2270 3988 2345 4059 in
2400 3986 2564 4059 illos
2639 4009 2887 4080 magno
2955 3988 3262 4060 omnium
3328 4009 3671 4062 consensu
3722 3990 3983 4081 parari.
4050 3990 4151 4063 Et
4204 4013 4342 4083 quo

1271 4106 1461 4179 niam
1515 4106 1599 4178 de
1652 4126 1820 4196 pace
1872 4111 2242 4199 perpetua,
2310 4108 2643 4199 temporis
2706 4107 3018 4180 brevitas
3073 4113 3143 4182 et
3194 4108 3515 4199 paucitas
3580 4108 3995 4182 nuntiorum
4047 4131 4197 4183 non
4248 4133 4342 4203 pa

1272 4225 1582 4298 tiebatur
1634 4226 2051 4318 transigere,
2109 4230 2397 4319 treugae
2435 4226 2521 4317 12)
2579 4228 2665 4299 ad
2704 4228 3075 4302 duodecem
3123 4250 3374 4317 annOS,
3444 4249 3622 4321 quae
3686 4250 3887 4303 omne
3936 4229 4215 4303 bellum
4270 4231 4342 4303 in

1271 4344 1677 4437 torcipiant,
1736 4344 1866 4417 sub
1922 4346 2132 4418 certis
2190 4346 2739 4436 conditionibus,
2798 4352 3063 4421 statum
3117 4349 3347 4441 Regni
3414 4348 3912 4437 solidantibus,
3968 4350 4342 4423 firmantur

1271 4488 1350 4539 ea
1405 4464 1617 4538 etiam
1670 4464 2068 4538 conditione
2121 4466 2477 4557 apposita,
2535 4473 2615 4537 ut
2653 4489 2778 4559 pro
2815 4468 2927 4540 die
2964 4466 3383 4540 Nativitatis
3449 4469 3747 4541 Sanctae
3808 4467 4073 4541 Mariae
4108 4466 4205 4557 ¹³)
4262 4474 4335 4542 te

1269 4589 1521 4659 neatur
1557 4584 1630 4656 in
1670 4584 2002 4672 Slonsko,
2061 4585 2148 4658 ad
2187 4587 2624 4658 tractandum
2680 4587 2764 4659 de
2799 4608 2969 4679 pace
3021 4591 3389 4679 perpetua,
3448 4566 3813 4660 conventio
3863 4587 4053 4661 inter
4102 4594 4342 4681 partes

1490 4785 1539 4869 ι)
1584 4794 1783 4866 potest
1829 4784 1981 4851 Cod.
2029 4786 2215 4851 Rozr.
2266 4787 2317 4866 ²)
2361 4794 2607 4865 possent
2649 4790 2899 4867 irrogari
2948 4785 3100 4853 cod.
3147 4786 3339 4851 Rozr.
3390 4786 3445 4871 ³)
3492 4792 3661 4851 daret
3703 4786 3828 4852 Ed.
3877 4786 4061 4873 Lips.
4110 4788 4169 4871 ⁴)
4213 4798 4342 4854 terr.

1275 4890 1403 4954 Ed.
1450 4888 1633 4975 Lips.
1684 4890 1740 4972 ⁵)
1768 4898 1992 4969 posset.
2047 4890 2218 4954 deest
2246 4891 2321 4953 in
2355 4886 2507 4956 Cod.
2544 4886 2719 4953 Calv.
2770 4889 2825 4970 ⁸)
2853 4893 2999 4953 Dies
3044 4894 3245 4968 itaque
3294 4887 3445 4954 Cod.
3490 4890 3682 4955 Rozr.
3734 4890 3789 4972 ⁷)
3832 4894 3955 4955 illis
3998 4890 4130 4955 Ed.
4188 4891 4342 4978 Lep:

1277 4994 1330 5073 ⁸)
1378 4995 1683 5056 Sanschen
1733 4990 1883 5057 Cod.
1923 4992 2116 5057 Rozr.
2165 4994 2543 5073 (Sansheim).
2592 4992 2647 5072 9)
2691 4996 2877 5055 Bazin
2925 4990 3077 5057 Cod.
3125 4992 3301 5057 Kost.
3350 4992 3639 5075 (Baisen).
3698 4993 3776 5075 ¹⁰)
3814 4996 4219 5073 Longerdorff
4240 4994 4342 5059 Ed

1276 5092 1460 5179 Lips.
1508 5096 1919 5177 (Legendorf).
1979 5096 2053 5177 ¹¹)
2097 5099 2374 5160 Brzescie
2422 5092 2575 5160 Cod.
2621 5094 2798 5159 Kost.
2857 5096 2927 5177 ¹²)
2972 5099 3245 5160 induciae
3294 5093 3445 5162 Ood.
3492 5096 3685 5161 Rozr.
3739 5096 3817 5177 ¹³)
3864 5099 3927 5159 S.
3972 5099 4203 5161 Mariae
4236 5100 4342 5160 Ἧι

1277 5200 1437 5275 giuis
1485 5194 1634 5260 cod.
1683 5196 1876 5262 Rozr.
