4342 6384
834 580 981 650 188
2016 601 2243 654 LIBER
2295 603 2755 654 UNDEcnms,
3377 576 3518 680 (Α.
3563 579 3654 653 D.
3689 576 3924 676 1415.)

826 785 1217 858 cessionem
1273 785 1497 876 ipsam
1550 785 1832 877 publice
1886 788 2330 879 approbavit,
2391 787 2756 878 spoliando
2814 809 2888 860 se
2942 785 3274 879 insigniis
3336 785 3734 878 papalibus.
3801 786 3925 858 Se·

833 905 938 977 dit
998 905 1199 977 annis
1254 906 1649 978 duodecem.

1731 1258 2157 1370 ANNUS
2231 1255 2691 1370 DOMINI
2759 1257 3014 1370 1415.

832 1500 1194 1572 Alexander
1238 1501 1593 1572 uoldaviae
1638 1501 1973 1573 Palatinus
2016 1502 2087 1572 in
2132 1501 2454 1591 snyatlnn
2499 1502 2769 1573 solenne
2801 1503 3102 1590 praestat
3141 1502 3502 1589 homagium
3530 1500 3688 1589 nugi
3719 1503 3790 1572 et
3819 1500 3934 1571 llo·

834 1640 962 1710 gno
1006 1621 1326 1692 Poloniae.
1385 1620 1793 1692 Patriarchae
1844 1623 1915 1692 et
1956 1621 2328 1710 Imperatori
2375 1621 2782 1707 Graecorum,
2841 1621 3087 1710 pressis
3139 1621 3309 1693 bello
3353 1621 3639 1706 ancico,
3697 1637 3936 1710 magna

830 1741 1133 1812 {rumenti
1178 1741 1361 1828 copia
1408 1757 1447 1810 a
1489 1740 1838 1812 wladislao
1882 1741 2055 1830 nege
2100 1741 2646 1838 subministratur.
2692 1741 2960 1830 Eclipsis
3013 1741 3173 1813 solis
3229 1740 3574 1830 stupenda.
3621 1740 3935 1828 magister

1259 1860 1563 1931 livoniae
1609 1860 1858 1931 Lander
1900 1860 2136 1948 negem
2182 1861 2520 1948 splendido
2569 1862 2823 1932 tractat
2868 1863 2938 1931 et
2981 1860 3173 1932 donis
3219 1860 3522 1932 cumulat.

1040 2106 1425 2178 Lithuania
1479 2105 1915 2178 Wladislaus
1970 2106 2306 2179 Poloniae
2360 2107 2515 2178 Rex
2571 2111 2730 2198 post
2785 2107 3074 2178 Natalia
3136 2105 3398 2179 Christi
3462 2105 3742 2194 relicta,
3809 2127 3938 2197 per

838 2227 1179 2299 stationes
1235 2231 1304 2298 et
1359 2225 1587 2298 curias
1654 2247 1817 2297 suas
1884 2227 2132 2298 solitas
2197 2227 2272 2297 in
2336 2226 2584 2298 Iedlna
2625 2227 2678 2315 ¹)
2735 2227 3051 2314 advenit,
3121 2231 3190 2299 et
3256 2225 3718 2317 carnisprivii
3781 2225 3936 2298 dies

839 2369 995 2420 cnm
1054 2351 1371 2418 consorte
1425 2368 1553 2417 sua
1610 2347 1811 2417 Anna
1867 2347 2167 2439 Regina,
2228 2367 2404 2438 quae
2443 2346 2554 2417 illi
2593 2367 2680 2418 ex
2718 2346 3103 2418 Lithnania
3137 2346 3462 2418 redeunti
3500 2345 3572 2417 in
3611 2346 3936 2418 Parczow

838 2472 1262 2555 occurrerat,
1329 2467 1583 2540 tenuit.
1662 2467 1929 2558 Quibus
1996 2467 2298 2554 exactiS‚
2365 2467 2737 2540 itineribus
2803 2467 3157 2540 consuetis
3225 2465 3764 2553 Sandomiriam,
3834 2486 3924 2538 ex

836 2587 1273 2661 Sandomiria
1308 2589 1383 2660 in
1421 2588 1693 2659 Novam
1732 2587 2124 2676 civitatem,
2167 2588 2414 2660 deinde
2452 2609 2574 2679 per
2611 2589 2932 2677 Tuchow,
2973 2587 3287 2675 Krosno,
3345 2585 3691 2676 Iasze12),
3748 2587 3937 2658 Lan-

834 2710 1075 2796 czuth,
1133 2707 1509 2796 Przemisl,
1569 2709 1901 2779 Iaroslaw
1957 2708 2370 2799 procedens,
2431 2707 2604 2779 feria
2660 2713 2909 2800 quarta
2965 2713 3125 2780 ante
3175 2707 3428 2778 festum
3468 2708 3778 2778 Paschae
3817 2727 3938 2779 ve-

832 2828 941 2900 nit
996 2827 1382 2919 Leopolim.
1440 2828 1532 2898 Et
1586 2827 1857 2900 Pascha
1912 2828 2196 2899 Domini
2251 2828 2403 2900 illic
2458 2829 2838 2916 celebrato,
2909 2827 3058 2900 dies
3123 2827 3397 2917 aliquot
3451 2827 3620 2899 Maii
3677 2827 3750 2898 in
3809 2827 3939 2899 Sa-

835 2949 973 3019 nok
1026 2947 1431 3035 absumens,
1490 2947 1744 3018 iterum
1800 2947 2161 3038 Leopolim
2223 2948 2465 3036 rediit,
2541 2952 2611 3019 et
2657 2947 2906 3020 abinde
2969 2948 3364 3036 discedenS,
3422 2969 3548 3039 per
3601 2946 3946 3038 Glinyani

841 3073 910 3139 et
951 3068 1171 3138 Boscz
1208 3067 1591 3153 transienS,
1632 3068 1887 3138 festum
1926 3067 2380 3140 Ascensionis
2419 3067 2699 3139 Domini
2740 3069 2925 3159 apud
2964 3069 3365 3158 Trebowlya
3388 3066 3449 3157 3)
3487 3087 3827 3159 peragens
3849 3067 3944 3154 ⁴),

840 3186 1091 3258 deinde
1143 3207 1269 3277 per
1322 3188 1667 3273 Bnczacz,
1727 3185 2007 3276 Halicz‚
2068 3187 2465 3259 Kolomiam
2519 3188 2592 3259 in
2649 3187 2994 3279 Snyathin
3061 3209 3185 3280 pro
3241 3189 3420 3260 festo
3484 3189 3950 3260 Pentecostes

852 3305 1172 3378 advenit.
1256 3305 1402 3396 Quo
1434 3305 1497 3394 5)
1554 3326 1750 3377 suam
1826 3306 2288 3379 serenitatem
2365 3307 2770 3378 Alexander
2843 3307 3236 3381 Moldaviae
3304 3307 3720 3400 Woyewoda
3785 3327 3957 3378 cum

844 3431 1165 3498 consorte
1220 3447 1347 3498 sua
1402 3429 1472 3498 et
1525 3425 1831 3497 maxima
1886 3425 2194 3498 militum
2270 3448 2552 3498 snorum
2627 3428 2907 3500 cohorte
2979 3427 3307 3516 accessit,
3381 3431 3452 3500 et
3522 3447 3564 3498 a
3624 3425 3948 3498 Wladis-

842 3547 955 3617 lao
1012 3545 1347 3617 Poloniae
1404 3546 1627 3637 Rege,
1686 3545 2324 3635 frequentissimam
2381 3546 2687 3618 militum
2743 3567 3064 3638 pompam
3125 3546 3336 3619 etiam
3391 3551 3558 3618 tunc
3605 3546 3944 3632 habente,

836 3665 1137 3758 benigne
1192 3669 1531 3757 exceptus
1588 3669 1695 3738 est
1750 3672 1820 3738 et
1858 3665 2349 3758 multipliciter
2394 3667 2799 3737 honoratus
2857 3666 3312 3739 Devotionem
3349 3670 3582 3738 autem
3619 3669 3689 3738 et
3725 3664 3960 3737 fidem

840 3807 1003 3877 erga
1056 3785 1525 3856 Wladislaum
1591 3785 1924 3857 Poloniae
1986 3787 2248 3878 Regem
2313 3790 2861 3872 monstraturuS,
2928 3786 3065 3884 sibi
3131 3787 3203 3858 in
3259 3807 3508 3858 corona
3581 3789 3652 3856 et
3714 3783 3948 3856 maie-

843 3908 1025 3976 state
1082 3904 1383 3992 sedenti,
1442 3909 1522 3974 ut
1578 3911 1648 3976 et
1704 3911 2038 3996 tanquam
2094 3907 2272 3998 Regi
2331 3905 2662 3977 Poloniae
2717 3911 2788 3977 et
2843 3906 3144 3978 Coronae
3199 3905 3427 3997 Regni
3482 3903 3817 3977 Poloniae
3859 3905 3949 3976 fi-

842 4024 1158 4096 delitatis
1214 4029 1283 4096 et
1338 4024 1796 4097 subiectionis
1836 4047 1993 4097 cum
2032 4025 2356 4097 omnibus
2405 4003 2700 4117 Boyaris
2739 4030 2964 4099 terrae
3001 4026 3382 4098 Valachiae
3421 4026 3704 4097 solenne
3740 4045 3961 4114 prae-

845 4144 1034 4216 stitit
1087 4143 1489 4235 homagium
1546 4149 1615 4216 et
1668 4143 2038 4215 fidelitatis
2093 4146 2448 4236 corporale
2503 4145 2999 4234 iuramentum,
3057 4144 3386 4236 proiectis
3443 4144 3516 4216 in
3556 4149 3816 4216 terram
3863 4145 3964 4215 ad

844 4264 1054 4354 pedes
1108 4262 1337 4354 regios
1392 4263 1773 4335 bauderiis:
1834 4265 1917 4336 de
1973 4285 2107 4354 quo
2166 4269 2237 4336 et
2292 4265 2536 4336 literas
2589 4270 2910 4355 patentes
2965 4264 3187 4352 dedit,
3247 4285 3424 4355 qnae
3478 4263 3554 4335 in
3607 4265 3966 4336 thesauro

843 4384 1191 4454 habentur
1246 4382 1331 4453 ad
1386 4382 1489 4454 rei
1555 4383 1957 4455 memoriam
2024 4385 2540 4475 sempiternam.
2611 4384 2876 4457 Deinde
2941 4386 3200 4477 Regem
3255 4385 3486 4476 ipsum
3543 4389 3614 4456 et
3665 4384 3973 4456 Annam

844 4505 1190 4595 Reginam
1246 4509 1317 4574 et
1372 4523 1607 4574 omnes
1662 4504 1956 4576 barones
2016 4509 2084 4576 et
2140 4504 2482 4575 militares
2537 4504 2764 4596 regios
2803 4504 2890 4575 ad
2927 4505 3296 4596 prandium
3354 4504 3707 4591 invitanS,
3765 4507 3974 4576 trac-

845 4623 1029 4695 tavit
1083 4622 1396 4713 opipare,
1455 4644 1741 4694 munera
1796 4645 2073 4715 quoque
2130 4622 2472 4694 notabilia
2527 4624 2704 4714 Regi
2743 4629 2814 4694 et
2851 4624 3161 4715 Reginae
3217 4623 3511 4710 obtulit,
3569 4623 3691 4695 sed
3729 4627 3802 4694 et
3849 4623 3974 4694 in-

846 4747 954 4815 ter
1016 4743 1353 4833 primores
1408 4747 1477 4813 et
1532 4743 1827 4814 barones
1894 4742 2121 4835 Regni
2188 4743 2366 4813 (lona
2430 4743 2720 4834 largiter
2785 4743 3170 4815 distribuit.
3237 4743 3598 4814 Venerunt
3649 4741 3984 4833 'insuper

849 4864 978 4934 sub
1035 4885 1113 4936 eo
1168 4867 1477 4953 tempore
1532 4863 1619 4935 ad
1673 4864 2143 4936 Wladislaum
2203 4862 2536 4934 'Poloniae
2591 4863 2854 4954 Regem
2909 4863 3143 4935 nuntii
3197 4862 3645 4935 Patriarchae
3695 4865 3766 4933 et
3809 4863 3982 4934 Im-

847 4983 1189 5073 peratoris
1246 4983 1667 5055 Graecorum
1722 5004 1879 5054 cum
1920 4982 2146 5054 literis
2187 4989 2254 5053 et
2291 4982 2510 5053 bullis
2548 4983 2929 5072 plumbeiS,
2989 4988 3336 5073 quatenns
3393 4982 3806 5074 dignaretur
3865 4983 3988 5056 eis

851 5125 892 5173 a
946 5102 1190 5173 Turcis
1244 5102 1629 5174 multifarie
1685 5102 2037 5174 lacessitis
2094 5106 2162 5174 et
2221 5101 2604 5193 oppressiS,
2665 5101 2998 5174 frumenti
3053 5103 3534 5173 tantummodo
3572 5099 3990 5192 largitione

1072 5371 1119 5457 ¹)
1166 5376 1412 5450 Iedlyno
1462 5370 1614 5436 Cod.
1668 5372 1844 5438 Cal-e.
1894 5371 1946 5458 ²)
1993 5377 2151 5435 Iasio
2204 5373 2354 5436 Cocl.
2410 5373 2596 5436 Rozr.
2646 5374 2700 5453 ³)
2747 5376 3144 5435 Trembowlia
3193 5369 3344 5436 Cod.
3393 5371 3569 5434 Kost.
3621 5369 3674 5450 ⁴)
3725 5378 4005 5452 peragit

860 5473 1011 5540 Cod.
1064 5475 1252 5539 Rozr.
1302 5475 1352 5556 ⁵)
1400 5479 1529 5551 Quo
1575 5497 1705 5538 cum
1749 5477 1874 5540 Ed.
1928 5475 2104 5560 Lips.

4211 569 4262 643 U
