4342 6384
330 529 471 636 (Α.
511 530 603 608 D.
642 529 897 632 1435.)
1451 550 1677 608 menn
1728 547 2245 608 nuonncnms.
3283 531 3429 607 561

332 742 729 816 Gnesnensi
780 763 907 834 pro
961 745 1133 815 tunc
1194 741 1529 817 beneficia
1592 741 2032 830 obtinebant,
2105 762 2234 833 pro
2289 740 2594 814 testibus
2656 745 3102 832 ponerentur,
3159 740 3432 813 labora·

330 863 529 936 bant.
587 864 816 936 Duces
868 863 1117 936 harum
1172 882 1406 935 rerum
1463 867 1533 934 et
1586 859 2011 954 principales
2067 864 2350 934 autores
2405 862 2603 933 erant
2655 860 3011 933 Abraham
3069 860 3152 934 de
3209 861 3430 935 Sban·
3521 933 3532 940 .

331 982 485 1055 szin
521 983 575 1071 ¹)
629 980 843 1055 iudex
879 981 1407 1071 Posnaniensis,
1467 981 1765 1074 Spithko
1804 981 1890 1056 de
1925 980 2296 1068 Melsthin,
2338 979 2688 1052 Iohannes
2728 980 3017 1054 Strasch
3055 980 3140 1053 de
3175 980 3434 1072 Byala-

333 1123 539 1175 czow.
622 1103 991 1176 Mansuete,
1054 1122 1263 1194 super
1334 1101 1657 1176 omnibus
1730 1102 1817 1174 ab
1870 1099 2190 1176 Ecclesia
2259 1099 2620 1192 responsio
2695 1097 2884 1172 edita
2913 1097 2977 1190 ²)
3043 1103 3182 1188 est,
3259 1120 3437 1192 quae

334 1225 584 1313 suapte
636 1223 959 1296 incensos
1025 1221 1293 1296 animos
1355 1220 1785 1295 resolvebat:
1859 1243 1998 1294 non
2053 1241 2259 1314 posse
2314 1219 2466 1293 sine
2518 1219 2721 1311 gravi
2787 1221 3047 1294 scelere
3100 1219 3435 1293 decimam

330 1341 676 1414 rusticum
730 1343 1015 1418 reddere
1062 1342 1342 1415 solitam
1397 1341 1919 1434 archiepiscopo
1935 1397 1953 1430 ,
2014 1341 2254 1415 abbati
2317 1341 2432 1413 vel
2487 1339 2827 1413 canonico
2843 1396 2861 1429 ,
2927 1341 3012 1412 de
3066 1337 3436 1413 desertatis

332 1462 558 1553 agris,
626 1463 743 1534 vel
806 1463 881 1535 in
934 1466 1253 1536 araturas
1318 1461 1579 1535 nobilis
1644 1461 2013 1533 translatis
2085 1460 2452 1534 decernere
2515 1458 2809 1532 liberam
2873 1463 2944 1532 et
3005 1479 3154 1532 rem
3218 1457 3437 1532 alieni

334 1580 513 1654 iuris
568 1581 643 1654 in
680 1581 900 1655 alium
957 1583 1366 1670 transferre;
1422 1601 1727 1654 annuere
1748 1579 1811 1672 ³)
1868 1585 2099 1653 tamen
2154 1580 2479 1668 libenter,
2534 1583 2617 1651 ut
2653 1578 2728 1653 in
2763 1578 3026 1653 nobilis
3081 1583 3152 1652 et
3185 1577 3440 1651 rustici

333 1700 712 1776 discrimen
764 1703 967 1776 miles
1023 1723 1266 1796 agrum
1320 1701 1585 1776 rustico
1641 1700 1957 1793 deposito
2014 1701 2283 1789 colens,
2339 1720 2564 1791 neque
2617 1697 2954 1772 decimam
3009 1698 3258 1790 canapi
3296 1698 3434 1771 sol-

332 1825 490 1909 vat,
548 1843 775 1914 neque
828 1843 981 1896 eam
1034 1821 1337 1913 propriis
1394 1821 1715 1896 curribus
1770 1820 2048 1893 domino
2103 1819 2414 1894 decimae
2466 1819 2542 1891 in
2593 1820 2921 1893 horreum
2977 1838 3166 1891 more
3218 1818 3434 1890 rusti·

332 1961 571 2014 corum
626 1941 914 2031 inferat,
972 1963 1197 2034 neque
1239 1942 1651 2015 electionem
1688 1941 1765 2013 in
1801 1941 2122 2034 frugibus
2162 1945 2232 2014 et
2269 1939 2587 2032 capetiis,
2627 1937 2769 2011 nisi
2804 1942 2992 2012 esset
3025 1937 3358 2010 ultimum
3378 1939 3441 2028 ⁴)

332 2059 703 2150 vitiatum,
762 2061 1113 2134 admittat.
1168 2061 1635 2154 Privilegium
1690 2061 1992 2136 Iaroslai
2045 2061 2324 2133 nullum
2359 2059 2614 2132 habere
2651 2057 2996 2151 vigorem,
3051 2062 3205 2129 tum
3255 2057 3440 2149 quod

330 2179 407 2252 vi
463 2187 531 2254 et
567 2180 1027 2274 impressione
1083 2186 1437 2254 extortum
1476 2185 1693 2269 esset,
1751 2181 1951 2253 cuius
1990 2179 2441 2252 manifestum
2480 2178 2878 2252 ostenditur
2915 2177 3433 2264 documentum,

337 2319 419 2370 eo
476 2301 661 2392 quod
696 2301 1114 2390 Posnaniae,
1172 2321 1308 2373 non
1348 2300 1701 2388 Gnesnae,
1739 2299 1985 2393 paucis
2040 2301 2127 2372 ad
2164 2299 2238 2374 id
2275 2298 2899 2386 consentientibuS,
2956 2297 3222 2390 legitur
3273 2316 3432 2368 con-

334 2439 650 2508 cessum3
728 2425 883 2493 tum
948 2421 1131 2513 quod
1196 2421 1493 2494 ecclesia
1544 2421 1977 2495 Gnesnensis
2042 2424 2286 2494 contra
2315 2420 2519 2494 'illud
2587 2417 2934 2492 contraria
2989 2415 3435 2490 observantia

328 2539 935 2632 praescripsisset,
994 2559 1123 2612 nec
1178 2539 1699 2614 cracoviensem
1754 2540 2121 2614 ecclesiam
2177 2540 2330 2613 eius
2367 2541 2522 2632 lege
2577 2539 2997 2632 constringi,
3055 2559 3210 2613 cum
3251 2537 3432 2611 Gne-

330 2659 609 2732 snensis
664 2658 1233 2751 archiepiscopus
1297 2659 1484 2732 nihil
1535 2658 1763 2751 possit
1824 2659 1898 2731 in
1953 2659 2398 2733 Cracoviensi
2453 2658 2748 2732 ecclesia
2801 2658 3213 2730 diuturnum
3268 2677 3428 2732 con-

330 2777 661 2866 stituere;
718 2780 972 2852 habere
1010 2799 1285 2871 quoque
1321 2779 1848 2852 cracoviensem
1904 2779 2269 2852 ecclesiam
2301 2778 2502 2851 aliud
2537 2776 2992 2870 privilegium
3030 2777 3432 2850 Bodzantae

330 2896 643 2990 episcopi
696 2899 784 2971 ad
838 2897 1248 2972 instantiam
1296 2897 1642 2972 Kazimiri
1678 2897 1896 2991 Regis
1952 2902 2023 2970 et
2060 2897 2526 2971 saecularium
2582 2918 2704 2990 pro
2762 2897 2999 2970 eodem
3053 2899 3198 2970 fere
3251 2900 3426 2970 tem-

330 3037 532 3108 pore,
588 3019 851 3090 multas
908 3018 1226 3092 salubres
1264 3018 1771 3105 ordinationeS‚
1830 3037 2124 3109 quarum
2163 3019 2447 3092 duraret
2499 3017 2980 3104 observantia,
3039 3015 3428 3106 continenS‚

330 3156 761 3210 concessum.
819 3138 1129 3211 Batones
1186 3137 1505 3211 videntes
1560 3158 1633 3210 se
1687 3159 1827 3209 nou
1861 3158 2067 3229 posse
2122 3158 2272 3211 eam
2330 3158 2536 3228 quam
2575 3137 2982 3228 sperabant,
3039 3135 3427 3208 conclusio-

328 3277 488 3329 nem
544 3258 849 3346 efficere,
926 3256 1210 3330 omissis
1276 3255 1711 3349 quibuslibet
1774 3256 2055 3346 mediis,
2116 3277 2294 3348 quae
2355 3257 2506 3330 illis
2570 3277 2695 3348 per
2745 3254 3135 3330 Ecclesiam
3190 3254 3428 3329 offere·

328 3375 613 3465 bantur,
672 3377 742 3449 vi
767 3376 862 3462 5⁵³⁴·
895 3377 1129 3450 omnia
1162 3397 1365 3470 agere
1402 3377 1822 3466 instituunt,
1880 3382 1951 3450 et
1986 3377 2429 3450 arrestandas
2466 3375 2801 3465 decimas,
2859 3375 2990 3448 sub
3029 3379 3431 3467 arrestoque

327 3497 669 3569 tenendas
699 3497 785 3586 ⁶),
844 3498 1061 3570 donec
1116 3497 1524 3590 spirituales
1580 3497 1653 3570 in
1692 3516 1927 3570 eorum
1965 3502 2129 3570 vota
2183 3497 2658 3570 consentirent
2689 3494 2774 3585 ⁷),
2831 3496 3234 3568 decernunt.
3292 3495 3426 3568 De-

327 3621 595 3688 cretum
650 3621 883 3690 tamen
935 3617 1120 3689 illud
1174 3623 1367 3690 metu
1420 3617 1810 3705 interdicti,
1868 3617 2053 3708 quod
2106 3617 2503 3708 ponendum
2557 3614 2924 3707 pontifices
2980 3615 3054 3686 in
3103 3617 3426 3688 eventum

326 3735 815 3808 arrestationis
870 3737 1388 3825 concluserant,
1447 3756 1792 3829 nusquam
1850 3736 1986 3808 fuit
2040 3735 2510 3809 observatum.

812 4098 1258 4190 sigismundus
1300 4099 1721 4172 Romanorum
1765 4099 2119 4190 imperator
2162 4117 2204 4170 a
2246 4097 2542 4171 nononis
2587 4097 2937 4170 mutatur.

538 4335 1033 4428 Sigismundus
1106 4339 1576 4411 Romanorum
1648 4338 2040 4430 Imperator
2110 4336 2438 4424 dissidi0‚
2515 4336 2700 4426 quod
2771 4335 2958 4408 inter
3029 4334 3423 4428 Eugenium

318 4456 589 4546 Papam
646 4460 717 4528 et
753 4456 999 4529 Patres
1038 4457 1330 4529 concilii
1370 4465 1689 4530 exortum
1728 4461 1909 4545 erat,
1968 4457 2230 4543 sedato,
2289 4457 2372 4529 de
2407 4456 2694 4528 Basilea
2747 4475 3092 4548 egressus,
3149 4455 3422 4547 legatos

320 4575 736 4648 Bohemiam
775 4575 1095 4664 mittenS,
1153 4576 1585 4650 commendat
1622 4576 1852 4668 Regni
1904 4597 2258 4667 procere5‚
2317 4576 2500 4667 quod
2537 4574 3006 4648 colluvionem
3061 4572 3422 4648 homiuum

322 4695 784 4768 scelestorum
850 4695 1291 4784 deleverunt3
1353 4697 1679 4768 hortatur
1705 4695 1802 4786 ⁸),
1878 4701 1960 4767 ut
2022 4716 2192 4786 pace
2255 4694 2484 4788 Regni
2548 4699 2948 4787 procurata,
3022 4714 3098 4768 se
3160 4693 3423 4787 Regem

317 4814 738 4905 suscipiant.
797 4813 923 4909 Illi
978 4815 1325 4907 frequenti
1380 4836 1667 4888 numero
1724 4815 1909 4907 apud
1946 4809 2410 4888 Ratisbonam
2465 4836 2622 4888 eum
2677 4813 3103 4888 conveniunt
3157 4819 3230 4887 et
3282 4816 3419 4889 Re-

538 5107 585 5186 ¹)
631 5109 905 5186 Zbaszyn
949 5103 1075 5169 Ed.
1122 5103 1305 5189 Lips.
1382 5103 1437 5186 Ω)
1484 5108 1624 5168 data
1665 5104 1793 5169 Ed.
1838 5103 2021 5190 Lips.
2100 5106 2148 5187 ³)
2198 5113 2465 5168 annuunt
2511 5102 2663 5169 Cod.
2709 5103 2930 5168 Przez.
3008 5102 3065 5183 ⁴)
3107 5106 3424 5182 plurimum

316 5207 479 5274 Cod.
511 5207 730 5273 Przez.
776 5208 831 5287 ⁵)
878 5211 940 5270 in
985 5206 1111 5271 Ed.
1144 5207 1327 5293 Lips.
1376 5207 1433 5291 ⁶)
1480 5211 1828 5271 detinendas
1873 5206 2001 5272 Ed.
2034 5207 2216 5292 Lips.
2268 5207 2317 5288 ⁷)
2367 5210 2772 5271 consenserint
2813 5206 2940 5271 Ed.
2970 5206 3153 5290 Lips.
3203 5205 3256 5278 Β)
3287 5208 3423 5268 hor-

311 5320 479 5375 tatus
523 5310 651 5376 Ed.
697 5310 879 5397 Lips.

369 5481 421 5523 s.
445 5478 637 5534 nmo..
661 5479 837 5522 mutor.
864 5481 1024 5524 Paion.
1050 5479 1101 5523 r.
1128 5481 1210 5524 1v.
3039 5459 3106 5519 71
