4342 6384
854 526 999 597 728
2021 544 2250 597 mnan
2301 539 2812 597 nnonnenms.
3381 514 3516 621 (Α.
3545 521 3652 596 D.
3693 519 3952 619 1444.)

848 750 1093 804 currus
1148 728 1503 817 accedere,
1560 732 1983 819 metuentes,
2039 750 2127 802 ne
2181 728 2430 803 Teucri
2484 728 2624 801 iam
2679 728 2863 801 circa
2898 748 3142 801 currus
3179 732 3592 802 nocturnam
3627 729 3952 821 requiem

846 851 1360 941 stationemque
1420 849 1880 941 recepissent,
1958 849 2214 941 quibus
2277 854 2512 922 tamen
2575 848 2650 921 in
2713 849 3036 923 curribus
3097 849 3414 941 plerique
3473 850 3561 923 de
3626 848 3950 922 exercitu

843 970 1035 1063 regio
1088 974 1289 1043 noete
1342 973 1493 1041 tota
1548 968 1668 1041 sed
1726 973 1795 1041 et
1848 967 1962 1042 die
2016 970 2338 1062 sequenti
2390 970 2678 1062 pacifice
2732 973 3111 1058 steterunt,
3167 975 3623 1062 expectantes
3661 968 3952 1041 assidue

842 1090 1145 1164 reditum
1202 1089 1416 1183 Regis
1472 1093 1543 1161 et
1599 1087 1819 1160 totius
1884 1088 2270 1179 exercituS,
2339 1110 2544 1181 quem
2611 1088 2762 1161 suis
2823 1089 3147 1161 hostibus
3211 1089 3694 1181 praevaluisse
3755 1088 3950 1160 vide-

842 1216 1035 1300 rant,
1094 1214 1163 1284 et
1216 1210 1291 1283 111
1346 1210 1583 1282 eadem
1638 1208 2127 1282 aestimatione
2164 1210 2220 1299 ¹)
2276 1208 2419 1301 ipsi
2474 1228 2750 1301 quoque
2809 1210 3060 1282 Teucri
3089 1207 3152 1298 ²)
3205 1210 3695 1283 versabantur.
3767 1208 3846 1281 N
3847 1228 3950 1280 am

844 1352 1000 1404 cum
1056 1352 1130 1403 se
1184 1330 1531 1403 vidissent
1584 1327 1845 1421 ubique
1896 1328 2275 1421 prosterni,
2333 1330 2488 1401 ausi
2543 1350 2681 1401 non
2720 1330 3002 1402 fuerunt
3039 1330 3360 1421 sequenti
3395 1329 3540 1418 die,
3599 1328 3730 1402 sed
3769 1328 3948 1399 dun-

844 1455 1044 1523 taxat
1095 1450 1306 1524 tertio
1363 1449 1507 1539 die,
1566 1452 1920 1521 transacto
1972 1448 2113 1522 iam
2167 1468 2486 1541 vespere,
2543 1450 2759 1542 Regis
2791 1448 2852 1539 3)
2908 1470 3152 1523 currus
3207 1448 3562 1537 invadere,
3623 1452 3947 1521 metuen-

843 1576 984 1660 teS,
1053 1590 1140 1643 116
1193 1568 1563 1643 christiani
1618 1568 1883 1641 milites
1938 1569 2027 1641 ad
2080 1589 2330 1643 currus
2383 1574 2456 1642 et
2509 1569 2597 1641 ad
2648 1569 2954 1661 primum
3005 1589 3280 1662 pugnae
3334 1570 3564 1641 locum
3601 1558 3946 1642 revertis-

844 1694 1023 1763 sent.
1081 1689 1462 1762 Iohannem
1516 1688 1601 1761 de
1655 1688 1942 1760 Huniad
1993 1688 2529 1781 gubernatorem
2560 1688 2624 1779 ⁴)
2681 1692 2751 1762 et
2804 1689 3144 1780 plurimos
3199 1689 3696 1781 Huugarorum
3753 1688 3946 1760 mili-

842 1816 950 1883 tes
986 1828 1213 1901 neque
1249 1806 1608 1881 revocavit
1643 1808 1899 1899 pudor,
1940 1828 2165 1900 neque
2203 1808 2544 1882 animavit
2579 1812 2837 1897 metuS,
2879 1830 2967 1881 ne
3002 1808 3261 1883 deserti
3296 1808 3512 1901 Regis
3548 1808 3948 1901 ignominia

842 1930 1289 2003 inurerentur
1314 1926 1402 2018 5).

912 2282 1172 2355 Plurimi
1216 2280 1299 2354 de
1345 2280 1641 2353 exercitu
1682 2280 1879 2371 llegis
1922 2281 2260 2355 wladislai
2301 2282 2372 2353 iu
2417 2282 2636 2371 fugam
2675 2282 2880 2369 versi,
2923 2283 3095 2355 ime
3137 2281 3500 2373 {rigni-equo
3543 2285 3852 2371 potunt.

1044 2528 1516 2622 Fugientibus
1570 2533 1804 2601 autem
1860 2528 2254 2621 HungariS,
2313 2528 2674 2602 Walachis
2731 2533 2800 2602 et
2837 2528 2999 2601 aliis
3035 2529 3122 2602 de
3157 2530 3476 2603 exercitu
3510 2530 3768 2623 Regia,
3831 2536 3938 2603 ta·

838 2650 931 2723 lis
986 2650 1197 2722 timor
1248 2648 1545 2743 pedibus
1600 2648 1898 2721 addebat
1952 2649 2135 2737 alas,
2194 2654 2275 2721 ut
2327 2648 2746 2740 Woyewoda
2797 2649 3146 2724 Iohannes
3201 2648 3622 2741 capitaneus
3661 2651 3936 2723 exerci-

837 2776 989 2859 tuS,
1048 2768 1169 2861 qui
1224 2771 1451 2842 certos
1506 2768 1827 2841 ductores
1881 2768 2162 2857 habuit,
2221 2769 2297 2841 in
2352 2769 2624 2842 duobus
2681 2768 2927 2842 diebus
2981 2772 3052 2842 et
3105 2768 3398 2841 totidem
3451 2769 3782 2842 noctibus
3847 2770 3936 2841 ad

835 2891 1062 2983 ripam
1116 2888 1423 2961 Danubii
1476 2892 1546 2962 et
1598 2889 1686 2961 ad
1740 2910 2026 2981 passum
2082 2888 2500 2962 Delaffiocze
2528 2888 2615 2978 ⁶),
2673 2889 2950 2962 demum
2998 2888 3074 2960 in
3109 2888 3544 2962 Walaehiam
3585 2890 3934 2977 evolavit3

839 3010 1122 3103 quidam
1177 3009 1251 3081 in
1306 3007 1567 3097 tribus,
1626 3007 1908 3099 quidam
1963 3009 2037 3081 in
2093 3012 2393 3100 quatuor
2425 3008 2510 3099 ⁷),
2568 3008 2850 3100 quidam
2905 3029 3066 3081 vero
3114 3008 3188 3080 in
3226 3008 3533 3101 quinque
3571 3008 3826 3083 diebus
3865 3015 3936 3081 et

836 3129 1159 3203 noctibus
1224 3127 1434 3201 etiam
1498 3128 1683 3201 nihil
1746 3129 2220 3217 comedentes,
2285 3129 2372 3200 ad
2437 3129 2724 3202 eandem
2780 3128 3086 3201 Danubii
3147 3128 3372 3220 ripam
3433 3134 3931 3221 pervenerunt,

836 3251 925 3323 ad
980 3269 1189 3340 quam
1250 3247 1327 3321 in
1393 3248 1628 3321 decem
1694 3250 1810 3322 vel
1872 3252 2027 3322 octo
2082 3249 2168 3321 ad
2225 3248 2460 3321 minus
2523 3248 2772 3322 diebus
2837 3249 3296 3341 communiter
3357 3248 3737 3341 equitando
3803 3249 3930 3321 vix

832 3368 1184 3462 perveniri
1248 3372 1482 3459 potest
1542 3389 1669 3459 per
1720 3369 2073 3442 desertum
2136 3368 2402 3460 ipsum,
2468 3369 2543 3440 in
2608 3389 2743 3460 quo
2807 3368 2992 3440 nihil
3043 3369 3132 3441 ad
3185 3390 3390 3440 usum
3450 3368 3765 3440 hominis
3819 3374 3930 3440 est

832 3493 1261 3581 compertum
1292 3487 1388 3577 ⁸);
1445 3492 1515 3561 et
1566 3488 1886 3581 plerique
1942 3487 2170 3561 tribus
2226 3488 2602 3580 equitando
2657 3488 2936 3576 diebuS,
2991 3489 3230 3561 nullas
3285 3488 3498 3561 etiam
3552 3509 3774 3580 aquas
3817 3510 3924 3561 re-

830 3609 1223 3703 perierunt,
1282 3612 1351 3681 et
1404 3630 1544 3679 non
1596 3608 1806 3698 pauci
1860 3607 1984 3679 siti
2037 3608 2467 3699 languebant
2531 3612 2654 3679 aut
2707 3607 2960 3681 inedia.
3029 3609 3254 3679 Tanta
3315 3608 3544 3681 inerat
3607 3608 3924 3681 miserie-s

832 3728 1266 3822 fugientibus
1322 3725 1672 3818 cupiditas
1727 3727 2063 3821 fugiendi.
2121 3728 2412 3801 Praeter
2463 3732 2698 3801 autem
2751 3728 3128 3801 Walachos
3183 3749 3382 3800 nemo
3439 3749 3575 3819 quo
3611 3729 3924 3801 tenderet

832 3849 1076 3937 scivit,
1143 3868 1301 3920 nam
1368 3846 1665 3938 quisque
1732 3846 1819 3918 ad
1883 3868 2033 3919 eam
2098 3868 2172 3919 se
2227 3853 2495 3938 partem
2560 3849 3039 3937 convertebat,
3106 3849 3193 3920 ad
3248 3868 3456 3940 quam
3511 3848 3744 3939 ipsum
3797 3852 3920 3918 aut

831 3968 1241 4061 impellebat
1296 3968 1535 4055 timor,
1595 3972 1719 4038 aut
1774 3967 1858 4040 ab
1914 3968 2071 4058 ipsa
2126 3968 2406 4039 fortuna
2461 3967 2901 4056 trahebatur,
2969 3968 3168 4040 nulla
3223 3968 3406 4039 enim
3460 3966 3732 4039 ratione
3785 3966 3920 4038 iter

833 4087 1155 4181 agebant.
1214 4085 1347 4177 Qui
1386 4086 1537 4159 sine
1574 4086 1937 4159 Walachis
1976 4086 2372 4179 fugiebant,
2409 4086 2484 4158 hi
2524 4086 2872 4177 siquidem
2910 4086 3216 4159 interdiu
3253 4108 3379 4177 per
3413 4088 3664 4176 solem,
3719 4092 3914 4158 nocte

830 4229 994 4280 vero
1032 4228 1154 4298 per
1191 4206 1472 4295 stellas,
1526 4206 1667 4279 etsi
1722 4207 2134 4297 quandoque
2187 4206 2596 4295 circuirent,
2661 4210 2816 4279 tuto
2881 4212 3112 4279 tamen
3167 4207 3255 4278 ad
3308 4207 3710 4279 Danubium
3759 4226 3912 4297 pro-

830 4327 995 4401 fecti
1050 4330 1247 4412 sunt3
1305 4326 1428 4416 qui
1481 4330 1713 4399 autem
1767 4326 2064 4398 ducibus
2119 4326 2480 4398 Walachis
2535 4330 2943 4415 caruerunt,
3001 4330 3124 4398 aut
3171 4316 3591 4399 Teucrorum
3622 4326 3688 4413 ⁹)
3742 4325 3910 4411 loca,

804 4426 1033 4540 quae,
1062 4446 1616 4519 Christianorum
1670 4466 1823 4519 esse
1860 4446 2237 4537 putabant,
2297 4450 2756 4537 perrexerunt
2793 4446 2907 4536 ¹⁰),
2965 4451 3087 4518 aut
3143 4466 3401 4534 errore,
3457 4450 3585 4517 aut
3635 4444 3907 4537 frigore,

830 4571 952 4640 aut
1004 4566 1306 4657 denique
1361 4566 1516 4658 ipsa
1568 4565 1800 4637 inedia
1834 4566 2224 4656 perierunt:
2283 4566 2386 4638 ita
2441 4567 2623 4657 quod
2673 4568 2910 4659 plures
2947 4566 3031 4638 de
3069 4564 3383 4638 exereitu
3419 4564 3639 4655 Regis
3679 4565 3906 4649 fames,

830 4688 1071 4779 plures
1128 4705 1348 4773 error,
1406 4690 1475 4757 et
1527 4684 1765 4776 plures
1820 4685 2044 4775 frigus
2101 4685 2442 4772 extinxit,
2502 4708 2708 4778 quam
2755 4688 3174 4759 Teucrorum
3219 4683 3500 4775 gladius
3538 4683 3906 4756 interemit.

831 4805 1093 4898 Quodsi
1166 4805 1414 4877 Teucri
1489 4805 1575 4877 ab
1648 4805 1803 4896 ipso
1857 4806 2045 4896 Rege
2100 4805 2437 4896 prostrati
2501 4826 2640 4877 non
2703 4806 3150 4894 cecidissent,
3218 4810 3289 4878 et
3338 4803 3758 4895 insequendi
3808 4803 3904 4873 iu-

1042 5112 1091 5196 ¹)
1137 5114 1414 5193 opinione
1462 5110 1614 5177 cod.
1659 5110 1837 5175 Kost.
1892 5110 1938 5191 ¹)
1982 5112 2165 5173 Turci
2210 5109 2338 5173 Ed.
2387 5108 2568 5194 Lips.
2616 5110 2669 5187 ⁸)
2714 5112 2910 5187 regios
2959 5105 3111 5173 cod.
3157 5106 3335 5172 Kost.
3389 5106 3443 5189 ⁴)
3488 5108 3902 5171 commendato-

826 5236 949 5279 rem
1000 5211 1152 5280 Ood.
1197 5215 1373 5279 Kost.
1432 5216 1483 5296 ⁸)
1530 5222 1890 5277 notarentur.
1949 5213 2101 5277 eod.
2146 5211 2322 5276 Kost.
2381 5210 2434 5295 ο)
2479 5214 2790 5274 Delafosse
2839 5208 2991 5274 cod.
3038 5210 3174 5275 Lis.
3217 5212 3512 5273 Lafflocze
3555 5210 3684 5273 Ed.
3737 5209 3902 5293 [Ape.

834 5318 884 5401 ⁷)
930 5323 990 5379 in
1036 5326 1287 5395 quatuor
1330 5316 1541 5381 (liebus
1586 5317 1713 5381 Ed.
1758 5316 1941 5401 Lips.
2006 5317 2057 5391 Β)
2116 5317 2264 5377 nihil
2323 5316 2400 5376 ad
2461 5334 2631 5376 usum
2689 5316 3005 5375 humanum
3065 5321 3158 5377 est
3199 5320 3490 5393 repertum
3540 5311 3692 5376 Cod.
3739 5312 3900 5375 Kosa

832 5420 885 5502 ⁹)
930 5427 1033 5482 aut
1076 5422 1154 5482 ad
1196 5422 1523 5483 'Purcorum
1571 5417 1724 5483 Cod.
1776 5419 1910 5483 Lis.
1968 5418 2041 5500 ¹⁰)
2084 5424 2476 5496 pervenerant
2521 5414 2674 5481 Cod.
2721 5414 2896 5479 Kost.
