4342 6384
831 491 984 565 286
2021 514 2249 569 mma
2299 514 2756 571 monemus.
3356 493 3489 596 (Α.
3529 495 3623 571 D.
3663 494 3931 594 1422.)

837 694 1197 787 „partibus
1249 696 1624 770 terminum
1677 695 2114 789 assignantes
2131 752 2147 783 ,
2206 698 2309 769 ita
2361 698 2547 789 quod
2600 718 2764 790 pars
2819 685 3115 791 utraque
3168 698 3243 773 in
3297 699 3619 773 Calendis
3658 701 3925 773 Ianua-

837 813 973 903 „rii
1023 814 1339 907 proxime
1390 815 1742 903 venturis,
1809 836 2018 908 snper
2077 817 2487 910 praemissis
2552 838 2711 892 cum
2782 818 3103 891 omnibus
3161 818 3310 890 suis
3366 818 3827 892 munimentis
3870 821 3931 907 ¹)

838 933 966 1022 „ad
1019 954 1266 1007 causas
1327 933 1731 1008 huiusmodi
1792 935 2309 1026 pertinentibus
2342 934 2406 1026 2)
2476 942 2904 1029 compareret
2932 935 3019 1027 ³),
3086 942 3157 1010 et
3220 936 3502 1010 interim
3566 938 3629 1009 si
3685 958 3829 1028 qua
3857 938 3926 1026 ⁴)

839 1072 1260 1144 „proponere
1313 1056 1438 1125 ant
1487 1053 1778 1143 probare
1829 1053 2207 1143 voluisset,
2264 1076 2493 1129 coram
2547 1055 2903 1146 deputatis
2957 1060 3080 1129 aut
3132 1056 3551 1147 deputandis
3607 1078 3650 1127 a
3685 1056 3923 1145 nobis,

841 1173 954 1260 „et
1005 1170 1138 1243 illa
1189 1170 1402 1244 dictis
1457 1170 1780 1244 Calendis
1840 1172 2284 1263 produceret:
2352 1177 2435 1245 ut
2488 1173 2739 1247 exinde
2792 1174 2973 1247 infra
3026 1174 3291 1246 dictum
3343 1174 3723 1247 terminum
3776 1176 3923 1247 Do·

841 1288 1178 1379 „minicae
1241 1289 1804 1362 Resurrectionis
1873 1292 2082 1383 plene
2144 1291 2453 1365 animum
2507 1296 2823 1364 nostrum
2890 1292 3295 1381 informare,
3366 1292 3699 1383 ipsasque
3754 1313 3921 1365 con-

843 1409 1264 1499 „troversias
1317 1408 1684 1481 concordia
1737 1409 1854 1482 vel
1907 1409 2168 1483 iudicio
2184 1464 2201 1499 ,
2256 1413 2340 1483 ut
2390 1410 2868 1501 praemittitur
2882 1467 2899 1499 ,
2956 1410 3329 1483 terminare
3381 1430 3770 1502 possemus,
3828 1411 3929 1483 Et

745 1536 752 1543 '
843 1530 967 1617 „ut
1018 1526 1190 1601 haec
1245 1547 1402 1600 cum
1455 1525 1703 1600 maiori
1756 1527 2279 1619 tranquillitate
2332 1528 2611 1637 fierent,
2677 1550 2757 1601 ac
2810 1528 3139 1602 interitus
3193 1529 3615 1619 animarum,
3672 1549 3925 1620 corpo-

845 1666 1041 1735 „rum
1095 1649 1366 1739 strages
1381 1701 1398 1734 ‚
1465 1645 2040 1738 depopulationes
2103 1667 2427 1739 agrorum
2490 1652 2563 1721 et
2612 1648 3129 1739 provinciarum
3192 1648 3610 1721 exterminia
3672 1648 3931 1740 procul

845 1764 1212 1853 „abessent
1225 1818 1242 1853 ,
1298 1768 1567 1857 partem
1619 1762 1852 1857 regiae
1906 1764 2323 1839 Serenitatis
2360 1765 2713 1840 exhortati
2742 1765 2804 1855 5)
2860 1766 3199 1840 fuerimus
3212 1822 3230 1856 ,
3288 1767 3494 1840 alteri
3529 1788 3695 1841 vero
3730 1766 3927 1859 parti

845 1882 1446 1973 „mandaverimus
1501 1882 1744 1955 stricte
1759 1938 1776 1971 ‚
1843 1887 1928 1955 ut
1977 1888 2261 1977 treugas
2314 1884 2501 1959 inter
2562 1884 2753 1977 ipsas
2814 1889 3051 1977 partes
3104 1889 3274 1958 tnnc
3325 1886 3707 1977 pendentes
3722 1941 3741 1974 ‚
3797 1905 3929 1976 per

847 2022 1106 2091 „unum
1159 2022 1420 2073 annum
1470 2004 1639 2075 tunc
1689 2001 2008 2094 proxime
2075 2006 2477 2076 secuturum
2539 2008 2989 2096 prorogarent
3004 2059 3022 2093 ,
3087 2008 3297 2096 prout
3347 2003 3422 2075 in
3475 2002 3739 2077 eisdem
3790 2024 3922 2075 no-

850 2119 1061 2209 „stris
1111 2118 1374 2209 meria,
1429 2119 1712 2212 utrique
1763 2121 1953 2213 parti
1989 2120 2457 2211 transmissis,
2513 2122 2793 2213 plenius
2828 2122 3258 2211 continetur-3
3313 2142 3394 2195 ac
3430 2125 3682 2213 expost
3710 2122 3776 2211 θ)
3834 2121 3923 2195 ob

849 2241 1154 2330 „pestem
1168 2294 1184 2327 ,
1243 2259 1421 2331 quae
1472 2243 1634 2330 post
1685 2240 1918 2312 datam
1954 2241 2324 2313 literarum
2359 2242 2828 2332 praefatarum
2864 2240 2939 2313 in
2975 2240 3167 2315 Urbe
3218 2240 3482 2332 viguit,
3550 2260 3630 2313 ac
3684 2238 3929 2313 curiae

850 2359 1170 2447 „nostrae
1221 2358 1710 2447 mutationem,
1765 2359 2081 2451 aliasque
2131 2358 2373 2451 plures
2428 2358 2916 2450 occupationes
2968 2378 3250 2452 graves,
3307 2379 3446 2429 non
3482 2357 3927 2449 potuerimus

850 2475 1074 2565 „circa
1122 2475 1506 2568 praemissa
1557 2497 1828 2552 vacare.
1885 2477 1978 2549 Et
2029 2477 2203 2550 licet
2254 2477 2515 2551 eisdem
2550 2476 2761 2550 etiam
2798 2477 3231 2551 detineamur
3266 2476 3351 2549 ad
3388 2496 3720 2568 praesens
3736 2530 3755 2564 ‚
3812 2480 3924 2549 ta·

850 2616 1050 2684 „men
1103 2595 1192 2667 ad
1243 2594 1634 2681 tollendum
1688 2594 2018 2669 scandala
2076 2594 2482 2669 huiusmodi
2542 2594 3002 2669 dissensionis
3066 2598 3139 2667 et
3188 2594 3411 2688 litigii
3460 2614 3587 2686 per
3638 2614 3925 2667 concor-

850 2713 1078 2804 „diam
1093 2770 1110 2803 ‚
1167 2713 1232 2786 si
1283 2714 1435 2787 fieri
1486 2717 1752 2807 potest,
1809 2713 1986 2787 alias
2039 2713 2333 2803 iudicio,
2390 2714 2733 2806 supremis
2787 2712 3151 2788 affectibus
3189 2712 3579 2805 aspiramus
3594 2768 3613 2801 ,
3670 2733 3751 2785 ac
3786 2712 3927 2787 tibi

853 2832 1142 2922 „deinde
1194 2852 1318 2925 per
1369 2833 1553 2906 alias
1588 2833 1836 2908 literas
1870 2836 2148 2907 nostras
2186 2832 2517 2905 duximus
2554 2833 3157 2921 committendum,
3210 2836 3293 2905 ut
3328 2832 3417 2905 ad
3452 2836 3691 2923 partes
3729 2832 3929 2924 ipsas

855 2955 968 3041 „te
1031 2953 1388 3025 conferens
1405 3008 1422 3041 ,
1487 2957 1856 3045 utramque
1917 2956 2187 3044 partem
2250 2964 2406 3024 cum
2470 2952 2659 3025 omni
2720 2952 3197 3027 sollicitudine
3260 2972 3339 3023 ac
3401 2950 3781 3041 vigilantia
3830 2950 3927 3021 ad

856 3070 1334 3160 „concordiam
1386 3072 1750 3159 reduceres
1767 3126 1784 3159 ,
1839 3073 2049 3163 prout
2100 3070 2176 3143 in
2232 3070 2492 3145 eisdem
2534 3072 2766 3146 literis
2802 3070 3020 3144 latius
3056 3069 3475 3143 continetur.
3531 3069 3925 3156 Caeterum,

855 3189 962 3277 „si
1025 3193 1352 3282 operante
1422 3193 1651 3263 satore
1724 3188 2062 3278 zizaniae,
2129 3190 2565 3264 concordiam
2616 3211 2743 3282 per
2794 3193 2864 3264 te
2916 3189 3067 3264 fieri
3118 3209 3255 3261 non
3308 3187 3780 3279 contingeret,
3838 3185 3929 3259 de

856 3328 1035 3399 „quo
1098 3307 1480 3399 plurimum
1543 3308 1930 3382 doleremus
1947 3364 1964 3398 ,
2027 3313 2112 3381 ut
2176 3310 2504 3383 scandala
2564 3313 2775 3401 atque
2835 3307 3220 3381 discordiae
3271 3308 3586 3398 praefata
3641 3305 3928 3379 omnino

856 3427 1270 3516 „tollantur‚
1325 3447 1450 3519 per
1502 3426 1646 3499 vim
1697 3424 2019 3501 iustitiae
2083 3431 2293 3518 atque
2364 3426 2641 3514 iudicii,
2708 3428 2899 3519 ipsas
2955 3426 3395 3517 quaestiones
3448 3424 3767 3499 decidere
3803 3444 3927 3497 ex-

857 3545 1186 3638 „pediens
1241 3566 1393 3620 esse
1445 3545 1855 3619 dinoscitur.
1913 3546 2062 3619 Nos
2115 3545 2337 3638 igitur
2390 3545 2475 3619 de
2526 3550 2651 3617 tua
2700 3542 3101 3636 prudentia,
3158 3543 3457 3635 aliisque
3508 3543 3927 3630 virtutibus,

859 3664 1158 3757 „quibus
1219 3665 1482 3756 pollere
1545 3664 1959 3753 dinosceris,
2025 3664 2098 3735 in
2152 3664 2267 3737 his
2322 3669 2392 3737 et
2445 3664 2640 3751 aliis,
2708 3668 3063 3737 sumentes
3124 3663 3198 3734 in
3250 3661 3543 3734 Domino
3597 3660 3927 3734 fiduciam

861 3782 1304 3874 „specialem‚
1362 3803 1444 3855 ac
1495 3783 1828 3856 tollentes
1864 3785 1936 3855 et
1969 3782 2617 3855 circumscribentes
2661 3780 3027 3869 terminos,
3067 3780 3275 3853 dictis
3310 3780 3631 3870 partibus
3668 3779 3743 3851 in
3778 3778 3925 3870 pri-

862 3902 1036 3991 „mis
1089 3900 1320 3974 literis
1375 3901 1802 3993 assignatos,
1858 3900 1982 3993 qui
2035 3919 2121 3973 ex
2177 3900 2384 3992 lapsu
2436 3903 2681 3992 postea
2734 3900 3065 3990 temporis
3102 3899 3189 3971 ad
3226 3897 3615 3971 faciendum
3656 3902 3727 3969 et
3764 3917 3924 3969 exe-

864 4020 1289 4110 „quendum,
1345 4041 1522 4111 quae
1565 4020 1956 4093 necessaria
1992 4024 2062 4093 et
2097 4018 2543 4111 expedientia
2580 4020 2777 4105 sunt,
2836 4017 3261 4091 sufficientes
3297 4036 3737 4107 nequaquam
3774 4036 3928 4089 esse

865 4144 1318 4229 „noscuntur,
1384 4138 1518 4212 tibi
1578 4138 2052 4230 praesentium
2103 4143 2343 4211 tenore
2396 4137 2896 4211 committimus
2950 4140 3021 4208 et
3072 4120 3509 4207 mandamus:
3578 4139 3927 4226 quatenus

865 4278 1186 4346 „causam
1240 4262 1312 4331 et
1363 4278 1643 4345 causas,
1698 4278 1908 4347 quam
1954 4260 2023 4329 et
2058 4277 2233 4348 quas
2268 4256 2567 4350 praefati
2611 4257 2769 4329 Rex
2803 4253 3136 4327 Poloniae
3172 4258 3243 4327 et
3277 4254 3443 4325 Dux
3478 4253 3925 4335 Lithuam’ae,

865 4376 1331 4466 „coniunctim
1393 4378 1510 4450 vel
1569 4374 1854 4448 divisim
1871 4431 1888 4464 ‚
1952 4375 2287 4449 adversus
2350 4375 2575 4448 dictos
2639 4373 3052 4467 Magistrum
3112 4377 3182 4446 et
3232 4373 3550 4460 Fratres,
3604 4392 3737 4443 nec
3788 4393 3927 4443 non

865 4494 1204 4588 „praefati
1255 4493 1590 4587 Magister
1642 4498 1713 4566 et
1764 4495 2049 4568 Fratres
2103 4494 2438 4599 adversus
2492 4494 2716 4567 dictos
2764 4494 3025 4585 Regem
3060 4494 3130 4563 et
3164 4491 3457 4578 Ducem,
3514 4490 3727 4563 etiam
3764 4511 3923 4564 con-

865 4613 1202 4706 „iunctim
1265 4613 1380 4686 vel
1441 4612 1758 4701 divisim,
1825 4634 1982 4687 cum
2045 4612 2195 4686 suis
2260 4613 2738 4706 emergentiis,
2811 4609 3292 4703 dependentiis
3356 4614 3427 4682 et
3498 4607 3833 4683 connexis
3864 4609 3927 4699 ⁷)

867 4754 1184 4825 „movere
1235 4731 1620 4819 voluerint,
1693 4732 1971 4821 audiaS‚
2037 4752 2118 4805 ac
2143 4731 2208 4822 8)
2264 4732 2348 4806 de
2402 4732 2553 4804 illis
2606 4750 2980 4824 cognoscas
3042 4728 3487 4820 simpliciter,
3552 4727 3929 4801 summarie

867 4858 982 4943 „et
1032 4852 1115 4926 de
1165 4853 1378 4944 plano
1433 4851 1585 4924 sine
1637 4850 1940 4943 strepitu
1993 4854 2065 4924 et
2117 4852 2344 4945 figura
2394 4850 2671 4939 indicii,
2726 4870 2947 4941 usque
3000 4848 3086 4921 ad
3139 4846 3588 4919 diffinitivam
3651 4851 3927 4919 senten-

1070 5139 1120 5217 ¹)
1163 5158 1345 5218 super
1398 5140 1709 5217 praemisis
1767 5140 2239 5202 contentionibus
2292 5140 2417 5201 suis
2475 5083 2835 5200 munimenta
2894 5132 3045 5200 Cod.
3087 5133 3279 5197 Rozr.
3346 5130 3407 5216 ²)
3446 5134 3727 5195 facientia
3778 5130 3933 5196 God.

858 5240 1050 5305 Rozr.
1098 5236 1156 5325 ³)
1201 5247 1594 5319 comportaret
1637 5236 1790 5305 cod.
1840 5240 2034 5305 Rozr.
2083 5239 2140 5321 ⁴)
2184 5259 2338 5318 quae
2380 5240 2507 5303 Ed.
2554 5237 2735 5323 Lips.
2785 5238 2836 5319 ⁵)
2880 5238 3175 5299 adhortati
3216 5231 3366 5299 cod.
3398 5232 3591 5297 Rozr.
3639 5232 3695 5313 ⁶)
3726 5242 3937 5313 postea

867 5336 1018 5407 Ood.
1063 5341 1258 5407 Rozr.
1307 5341 1362 5424 ⁷)
1405 5346 1650 5406 annexis
1695 5348 1756 5407 et
1798 5346 2078 5407 connexis
2125 5339 2280 5408 cod.
2324 5341 2517 5407 Rozr.
2566 5342 2619 5424 ⁸)
2667 5348 2727 5404 et
2773 5336 2923 5405 cod.
2969 5337 3161 5402 Rozr.

1677 5647 1722 5685 O
