4342 6384
707 568 856 645 152
1889 586 2116 643 mann
2167 588 2627 643 urmncnms.
3263 560 3397 666 (Α.
3438 560 3531 641 D.
3572 560 3805 667 1413.)

703 778 1176 866 commiserat,
1245 775 1688 869 consignata,
1757 796 1896 847 non
1958 775 2156 867 prius
2220 775 2599 864 reddenda,
2678 775 2892 848 donec
2956 776 3272 868 praefata
3340 775 3806 868 quadraginta

704 919 1207 991 sexagenamm
1261 896 1490 969 millia
1541 916 1666 988 per
1719 897 1948 989 Reges
1987 900 2060 968 et
2097 897 2417 989 Regnum
2474 894 2879 987 Hungariae
2931 894 3191 969 fuerint
3238 894 3419 987 Regi
3456 899 3528 967 et
3564 896 3806 987 Regno

705 1017 1041 1091 Poloniae
1096 1018 1185 1090 ad
1235 1018 1522 1109 plenum
1578 1018 1925 1089 exsoluta.
1984 1016 2199 1089 Venit
2252 1014 2690 1088 Wladislaus
2746 1016 2902 1087 Rex
2955 1036 3081 1107 pro
3142 1014 3675 1107 Septuagesima
3728 1014 3809 1087 in

703 1138 1049 1226 Parczovv‚
1107 1159 1232 1230 pro
1289 1137 1760 1230 Carnisprivio
1817 1135 1893 1208 in
1946 1137 2265 1209 Iedlnam
2303 1136 2392 1225 1);
2451 1157 2539 1209 ex
2577 1136 2823 1209 Iedlna
2860 1134 3292 1223 cracoviam,
3350 1135 3603 1207 abinde
3640 1156 3807 1208 vero

706 1257 779 1329 in
835 1257 1168 1331 Maiorem
1221 1256 1586 1330 Poloniam
1649 1279 1774 1349 per
1830 1257 2041 1329 solita
2103 1260 2487 1329 castrorum
2548 1260 2617 1328 et
2671 1256 3057 1328 stationum
3132 1276 3417 1327 suarum
3480 1256 3636 1328 loca
3698 1255 3803 1327 di-

703 1378 943 1451 vertit.
1010 1378 1194 1451 Dum
1259 1382 1494 1452 autem
1525 1376 1590 1467 2)
1655 1377 1838 1450 infra
1905 1376 2210 1450 Octavas
2278 1375 2599 1468 Corporis
2664 1374 2926 1449 christi
2990 1374 3415 1448 Posnaniam
3480 1374 3799 1448 devenis-

706 1502 816 1571 set
845 1496 932 1588 ³),
989 1497 1542 1591 magnitudinem
1604 1496 1938 1585 iniuriae,
1998 1518 2136 1588 qua
2171 1497 2459 1569 Petrum
2498 1496 2746 1570 Wisch
2812 1496 2982 1568 olim
3037 1495 3597 1583 cracoviensem,
3636 1500 3809 1567 tunc

705 1618 1250 1691 Posnaniensem
1305 1618 1745 1710 episcopum,
1804 1638 1841 1689 e
1897 1616 2058 1710 sede
2113 1637 2243 1688 sua
2297 1614 2741 1689 cracoviensi
2776 1615 2953 1708 pelli
3007 1615 3186 1689 etin
3224 1614 3649 1689 Posnaniam
3686 1616 3802 1687 de-

706 1737 898 1810 trudi
961 1742 1489 1829 procuraverat,
1559 1758 1714 1809 sera
1779 1735 2266 1809 aestimatione
2328 1734 2796 1827 prospiciens,
2864 1756 2944 1809 eo
3007 1735 3081 1808 in
3146 1736 3487 1826 capellam
3560 1734 3807 1823 accito,

707 1856 912 1930 flexis
966 1856 1260 1948 genibus
1314 1860 1710 1949 prostratus
1767 1860 1837 1929 et
1891 1854 2164 1927 facinus
2221 1877 2424 1927 suum
2480 1856 2876 1943 confessuS‚
2933 1876 3191 1928 noxam
3246 1856 3445 1928 illam
3498 1854 3806 1946 petebat,

707 1975 1010 2049 ubertim
1063 1976 1390 2049 lacrimas
1447 1975 1839 2064 effundenS,
1909 1975 2046 2049 sibi
2111 1974 2403 2067 ignosci.
2472 1973 2621 2048 Nec
2683 1975 3002 2067 pontifex
3066 1976 3318 2048 Petrus
3374 1975 3599 2049 iacere
3650 1995 3807 2066 pro·

711 2100 1010 2168 stratum
1073 2097 1338 2189 Regem
1404 2095 1674 2169 diutius
1740 2095 2114 2167 sustinuit:
2188 2095 2305 2167 sed
2372 2094 2565 2168 illico
2631 2096 2838 2168 illum
2892 2118 2930 2169 e
2984 2100 3169 2169 terra
3231 2095 3541 2188 erigena,
3610 2114 3809 2168 omne

711 2215 942 2288 scelus
997 2214 1073 2287 in
1126 2236 1202 2288 se
1254 2216 1636 2288 admissum
1691 2215 1992 2305 dimisit,
2050 2216 2409 2307 praefatus
2464 2215 2905 2289 atrocitatem
2961 2238 3129 2288 suae
3184 2214 3615 2288 exclusionis
3670 2234 3807 2285 non

711 2334 922 2407 aliter
973 2339 1468 2428 proventuram
1523 2335 1776 2424 fuisse,
1834 2336 1974 2407 nisi
2030 2336 2229 2408 illam
2285 2335 2605 2407 aemulus
2662 2356 2833 2407 suus
2872 2336 3209 2408 Albertus
3248 2335 3807 2425 Iastrzambyecz

712 2454 1182 2528 conflavisset.
1247 2456 1358 2527 Ex
1423 2454 1671 2527 Maiori
1734 2455 2029 2528 Polonia
2082 2455 2155 2527 in
2212 2458 2466 2527 terram
2531 2454 3055 2528 cracoviensem
3116 2455 3359 2544 rediit,
3427 2458 3499 2527 et
3552 2455 3809 2527 festum

711 2574 1240 2667 Assumptionis
1305 2576 1604 2649 Sanctae
1667 2575 1926 2649 Mariae
1957 2576 2020 2664 4)
2075 2576 2262 2667 apud
2324 2575 2692 2648 Visliciam
2756 2576 2924 2668 egit.
2990 2576 3327 2647 Exortam
3392 2574 3671 2646 tandem
3732 2572 3810 2645 in

711 2694 954 2787 Regno
1010 2694 1345 2768 Poloniae
1395 2696 1790 2787 generalem
1847 2695 2219 2787 epidimiae
2271 2700 2543 2786 pestem
2598 2696 2984 2784 vitaturuS,
3043 2694 3117 2766 in
3166 2696 3385 2767 silvas
3424 2698 3495 2766 et
3527 2713 3811 2766 nemora

710 2834 958 2887 versus
995 2814 1390 2887 Przischow
1419 2814 1508 2903 5),
1549 2815 1799 2888 abinde
1833 2815 2098 2889 veroin
2126 2814 2627 2888 Lublinensem
2666 2821 2735 2889 et
2772 2816 3247 2889 chelmensem
3282 2818 3543 2902 terraS,
3586 2812 3802 2906 quod·

716 2934 893 3007 libet
946 2933 1279 3025 oppidum
1335 2939 1405 3008 et
1457 2934 1737 3023 villam,
1794 2956 1880 3007 ne
1937 2934 2108 3025 quid
2159 2932 2561 3006 infectionis
2616 2936 3086 3022 contraheret,
3142 2932 3390 3005 multis
3428 2936 3499 3005 et
3534 2931 3808 3005 not-abi-

717 3052 907 3126 libus
964 3054 1114 3125 suis
1169 3052 1608 3127 curiensibus
1656 3058 1856 3147 peste
1895 3053 2355 3126 nihilominus
2401 3054 2845 3143 cadentibus,
2902 3052 3538 3145 praetergredienS,
3595 3050 3807 3125 decli-

716 3172 938 3246 navit.
998 3173 1111 3244 Ad
1167 3173 1536 3245 tenendam
1589 3174 1982 3267 generalem
2037 3194 2195 3246 cum
2252 3175 2465 3246 fratre
2520 3195 2646 3246 suo
2703 3174 3105 3247 Alexandro
3162 3172 3563 3246 Withawdo
3618 3173 3809 3245 Duce

717 3293 969 3385 Magno
1015 3291 1437 3365 Lithuaniae
1475 3294 1736 3366 dudum
1774 3292 2107 3365 indictam
2163 3292 2498 3381 diaetam,
2556 3291 2629 3365 in
2684 3270 3015 3385 oppidum
3081 3294 3347 3365 Hrodlo
3414 3314 3627 3384 supra
3680 3292 3809 3363 flu·

718 3413 912 3486 vium
967 3415 1128 3505 Bug
1182 3413 1486 3486 secunda
1539 3412 1800 3486 mensis
1857 3413 2179 3486 Octobris
2231 3413 2584 3505 pervenit:
2643 3435 2778 3505 quo
2834 3414 2973 3486 iam
3012 3412 3273 3506 etipse
3310 3414 3475 3486 Dux
3514 3414 3811 3505 Magnus

715 3531 1140 3606 Lithuaniae
1191 3533 1629 3620 Alexander,
1697 3537 1767 3605 et
1821 3532 2337 3621 Praelatorum‚
2408 3533 2744 3606 baronum
2800 3538 2872 3606 et
2924 3533 3342 3606 militarium
3396 3532 3624 3625 Regni
3678 3532 3811 3604 Po-

715 3652 946 3725 loniae
1012 3658 1082 3725 et
1147 3653 1462 3726 Ducatus
1526 3652 1762 3745 Magni
1827 3652 2251 3726 Lithuaniae
2312 3651 2743 3726 universitas
2806 3654 2881 3726 in
2946 3652 3294 3745 frequenti
3358 3651 3813 3725 multitudine

719 3771 1085 3859 accersita,
1143 3772 1596 3846 confluxerat.
1656 3773 2071 3865 Satagentes
2128 3770 2476 3863 siquidem
2530 3772 2873 3865 praedicti
2926 3773 3063 3845 duo
3119 3773 3434 3866 insignes
3492 3780 3563 3847 et
3613 3772 3810 3845 nobi-

719 3892 978 3965 lissimi
1031 3891 1428 3984 PrincipeS,
1487 3891 1925 3965 Wladislaus
1980 3890 2316 3963 Poloniae
2368 3892 2529 3963 Rex
2584 3896 2655 3965 et
2706 3892 3109 3966 Alexander
3164 3894 3460 3985 Magnus
3516 3892 3809 3965 Lithua-

720 4011 878 4084 niae
940 4012 1133 4100 Dux,
1199 4017 1538 4085 terrarum
1605 4016 1675 4084 et
1737 4011 2269 4104 Principatuum
2335 4032 2621 4084 suorum
2683 4016 2985 4085 rectores
3050 4012 3329 4105 optimi,
3388 4012 3813 4085 Lithuaniae

725 4128 1318 4223 Samagittiaeque
1373 4136 1627 4220 terraS,
1685 4132 1946 4203 dudum
2000 4130 2334 4204 Poloniae
2372 4132 2615 4224 Regno
2663 4132 3170 4225 incorporat-as,
3228 4153 3572 4216 annexae,
3628 4132 3811 4205 invi-

725 4256 1030 4323 sceratas
1086 4255 1154 4323 et
1207 4251 1482 4336 unitae,
1539 4251 1888 4343 geminato
1944 4251 2257 4325 funiculo
2299 4252 2586 4325 difficile
2624 4253 2987 4341 solvendo,
3047 4253 3267 4326 eidem
3305 4253 3639 4326 Poloniae
3674 4254 3810 4327 Re-

721 4391 860 4462 gno
915 4369 1180 4443 arctius
1235 4370 1670 4463 solidiusque
1723 4370 2240 4463 conglutinare,
2298 4376 2369 4444 et
2422 4373 2719 4463 populos
2767 4372 3134 4445 Polonicos
3174 4392 3329 4445 cum
3366 4372 3815 4445 Lithuanicis

725 4498 796 4563 et
851 4488 1332 4581 Samagitticis
1387 4490 1658 4563 foedere
1713 4490 1998 4582 iungere
2045 4490 2501 4583 sempiterno,
2561 4492 2894 4565 suadente
2933 4492 3006 4564 id
3043 4492 3143 4565 eis
3184 4491 3633 4585 Sigismundo
3671 4493 3813 4565 Ro-

725 4631 1085 4682 manorum
1141 4614 1209 4682 et
1262 4609 1668 4701 Hungariae
1719 4611 1944 4702 Rege,
2003 4616 2421 4684 conventum
2473 4613 2864 4702 praefatum
2921 4611 3338 4701 instituunt,
3398 4617 3469 4684 et
3508 4612 3814 4684 familias

725 4732 1102 4822 domosque
1155 4729 1387 4822 Regni
1433 4729 1766 4803 Poloniae
1819 4752 1943 4822 per
1988 4752 2210 4819 arma,
2270 4730 2577 4823 insignia
2614 4736 2683 4805 et
2720 4731 3166 4825 cognationes
3204 4731 3616 4820 distinctae,
3656 4752 3815 4803 cum

725 4849 1016 4923 familiis
1081 4855 1151 4923 et
1213 4849 1532 4923 domibus
1593 4850 1977 4942 primorum
2037 4853 2375 4925 baronum
2439 4852 2861 4925 Lithuaniae
2923 4852 3253 4945 iungunt,
3320 4852 3681 4943 glutinant
3746 4856 3818 4925 et

724 4970 1012 5058 uniunt,
1069 4990 1261 5043 arma
1315 4974 1386 5043 et
1441 4969 1835 5045 nobilitatis
1890 4971 2230 5065 insignia,
2286 4993 2466 5063 quae
2519 4970 2793 5045 nobiles
2847 4971 3077 5065 Regni
3129 4972 3463 5045 Poloniae
3516 4993 3558 5043 a
3610 4978 3815 5044 vetu-

943 5258 992 5339 1)
1038 5260 1370 5337 Gyedlnam
1417 5256 1571 5323 Cod.
1620 5256 1795 5324 Calv.
1859 5261 1908 5341 ²)
1953 5264 2110 5323 Dum
2169 5268 2365 5323 autem
2423 5282 2530 5339 per
2589 5262 2765 5323 solita
2822 5267 3147 5333 castrorum
3200 5268 3263 5323 et
3310 5263 3627 5323 stationum
3684 5264 3825 5323 loca

729 5362 1054 5439 gradiendo
1097 5360 1224 5423 Ed.
1269 5360 1449 5445 Lips.
1512 5362 1568 5442 3)
1613 5366 1954 5425 divertisset
2007 5361 2158 5427 Cod.
2218 5360 2395 5427 Calv.
2460 5362 2512 5444 ⁴)
2559 5366 2780 5426 Beatae
2833 5366 3097 5441 Virginis
3152 5366 3376 5425 Mariae
3424 5360 3573 5426 Cod.
3620 5360 3823 5427 Rozr.

736 5462 787 5547 ΙΙ’)
835 5464 1155 5542 Pryschow
1201 5462 1354 5529 Cod.
1399 5462 1574 5528 Kost.
