4342 6384
432 532 568 636 (Α.
606 530 700 610 D.
738 535 994 636 1440.)
1573 558 1802 615 murm
1854 561 2366 617 ποθι-ωψσε.
3378 545 3531 620 623
3576 528 3583 536 ’

431 742 847 818 deseruisse.
924 744 1227 819 Tandem
1284 749 1555 819 maturo
1610 746 1904 821 consilio
1969 746 2434 822 deliberatum
2471 749 2551 836 ¹),
2617 753 2700 821 ut
2753 753 2823 824 et
2877 749 3318 824 wladislaus
3373 752 3532 826 Rex

428 864 869 957 Hungariam
923 863 1027 938 ire
1082 870 1153 938 et
1206 885 1525 938 coronam
1581 867 1985 959 Hungariae
2040 868 2395 960 suscipere
2447 889 2586 942 non
2642 869 3030 960 omitteret,
3089 876 3159 944 et
3213 871 3368 944 vice
3405 891 3534 945 sua

434 984 508 1057 in
562 983 1019 1059 Lithuaniam
1072 1005 1477 1078 germanum
1535 1007 1740 1059 suum
1795 987 2149 1062 illustrem
2197 989 2462 1062 Ducem
2497 987 2937 1063 Kazimirum
2993 989 3528 1083 transmitteret,

430 1104 554 1196 qui
606 1127 745 1178 non
796 1111 880 1178 ut
933 1106 1097 1177 Dux
1151 1106 1447 1199 Magnus
1504 1105 1602 1178 ibi
1633 1104 1721 1196 ²).
1750 1107 2211 1199 praesideret,
2279 1109 2402 1182 sed
2457 1112 2538 1181 ut
2591 1109 2900 1184 vicarius
2955 1115 3027 1184 et
3079 1110 3527 1203 gubernator,

431 1226 647 1299 donec
680 1225 1142 1322 ⁴wladislaus
1198 1227 1352 1298 Rex
1410 1227 1494 1298 de
1531 1225 1684 1318 ipso
1740 1227 2018 1300 Ducatu
2075 1229 2284 1303 aliter
2337 1229 2759 1321 disponeret.
2819 1230 2916 1316 In,
2961 1229 3388 1304 evidentiam
3423 1232 3530 1305 rei

428 1345 643 1418 huius
706 1365 1063 1438 nunquam
1138 1367 1295 1419 eum
1358 1346 1797 1419 Wladislaus
1863 1349 2051 1438 Rex,
2124 1353 2250 1422 aut
2312 1349 2622 1422 Praelati
2678 1354 2748 1423 et
2799 1349 3092 1425 barones
3165 1351 3523 1442 Poloniae,

429 1465 665 1539 verbis
718 1471 843 1538 aut
895 1465 1125 1540 literis
1180 1467 1445 1540 Ducem
1499 1467 1831 1560 Magnum
1883 1470 2359 1543 nominabant.
2445 1469 2746 1561 Scripsit
2798 1475 3032 1544 autom
3089 1469 3530 1544 Wladislaus

432 1587 587 1658 Rex
641 1585 991 1659 Praelatis
1007 1642 1024 1674 ,
1081 1585 1531 1678 Principibus
1598 1591 1667 1660 et
1727 1588 2105 1662 baronibus
2170 1588 2593 1662 Lithuauiae
2658 1589 2903 1662 literas
2921 1645 2938 1678 ,
3008 1590 3361 1663 suadendo
3424 1590 3527 1664 eis

430 1711 501 1777 et
555 1707 977 1794 mandand0‚
1054 1712 1133 1780 ut
1198 1711 1433 1780 essent
1498 1707 1893 1798 unanime8‚
1958 1709 2234 1801 pacifici
2299 1715 2370 1782 et
2433 1712 2870 1799 constanteS,
2945 1713 3018 1782 et
3081 1708 3168 1784 de
3221 1710 3530 1783 adventu

430 1825 667 1898 fratris
728 1826 840 1898 sui
894 1827 1111 1900 Ducis
1167 1826 1515 1900 Kazimiri
1568 1848 1707 1901 non
1761 1828 2189 1902 dubitarent.

1192 2192 1406 2264 mem
1450 2209 1684 2282 aspera
1730 2196 1802 2265 et
1842 2193 2050 2266 funes
2091 2207 2330 2284 mum
2373 2194 2442 2266 in
2487 2193 2771 2267 folonia.

634 2431 805 2503 Erat
860 2447 1041 2502 anno
1098 2429 1225 2502 illo
1280 2429 1356 2502 in
1391 2431 1635 2522 Regno
1690 2431 2023 2505 Poloniae
2078 2443 2149 2504 et
2185 2432 2506 2524 partibus
2561 2430 3084 2506 circumvicinis
3135 2431 3364 2505 hiems
3400 2453 3519 2506 va·

426 2551 572 2625 lida
626 2555 696 2623 et
750 2571 1028 2642 aspera,
1089 2571 1265 2641 quae
1302 2551 1565 2623 multas
1620 2551 1900 2625 arbores
1954 2551 2354 2625 fructiferas
2411 2573 2538 2624 sua
2591 2552 2972 2644 asperitate
3025 2551 3410 2640 deleverat,
3451 2556 3522 2625 et

426 2691 749 2764 magnam
806 2672 1063 2744 fecerat
1116 2669 1191 2741 in
1248 2669 1813 2763 quadrupedibus
1870 2671 2395 2746 mortalitatem.
2454 2672 2636 2744 Male
2673 2670 2963 2763 insuper
3015 2676 3283 2745 aestate
3319 2693 3518 2765 prae-

422 2791 635 2864 terita
691 2793 1038 2864 frumenta
1090 2796 1587 2882 provenerant,
1648 2794 1717 2863 et
1754 2790 2041 2865 caristia
2096 2812 2346 2884 magna
2389 2790 2650 2890 ubique
2689 2789 3003 2886 vigente,
3061 2792 3302 2885 plures
3339 2813 3520 2866 mor-

426 2911 679 2985 talium
733 2912 912 2984 fame
949 2911 1386 2984 tabescentes
1440 2910 1937 2998 moriebantur,
1976 2912 2302 2984 nonnulli
2339 2931 2428 2983 cx
2465 2910 2890 3005 pinguedine
2929 2916 3002 2985 et
3038 2911 3524 3003 superfluitate

428 3033 782 3122 arborum,
859 3053 1037 3124 quae
1099 3031 1429 3104 Polonice
1494 3031 1937 3125 Gyemyola
1962 3030 2024 3121 ³)
2098 3036 2424 3120 vocatur,
2497 3031 2825 3104 nonnulli
2889 3049 2977 3105 ex
3041 3031 3204 3104 aliis
3255 3031 3518 3120 herbis,

428 3152 617 3224 foliis
674 3158 743 3226 et
778 3152 1133 3226 radicibus
1186 3172 1433 3243 panem
1475 3153 1839 3242 facientes,
1898 3153 2270 3242 vorabant,
2330 3152 2451 3244 qui
2487 3157 2732 3245 postea
2785 3156 3052 3226 aestate
3105 3150 3520 3226 adveniente

429 3272 631 3365 quasi
686 3271 983 3364 quadam
1036 3275 1233 3364 peste
1288 3271 1532 3344 infecti
1585 3273 2093 3360 moriebantur;
2158 3271 2432 3345 nobiles
2488 3276 2558 3344 et
2611 3271 2863 3346 rustici
2918 3271 3380 3346 detrahebant
3433 3273 3521 3345 de

428 3392 728 3466 stabulis
783 3391 1074 3484 antiqua
1138 3391 1476 3464 stramina
1540 3396 1611 3463 ct
1671 3393 1945 3483 paleae,
2014 3396 2085 3464 et
2146 3390 2298 3463 illis
2361 3395 2720 3484 utcunque
2790 3396 3146 3484 poterant,
3223 3391 3523 3465 esuriem

428 3519 498 3586 et
553 3514 922 3586 clamorem
978 3533 1303 3604 pecorum
1360 3516 1430 3586 et
1462 3513 1810 3604 pecudum
1846 3511 2294 3604 mitigabant.
2353 3509 2501 3583 Nix
2539 3511 2726 3584 enim
2778 3511 3230 3605 grossissima
3266 3532 3308 3583 a
3345 3512 3525 3584 festo

429 3633 670 3707 Sancti
725 3632 1012 3706 Martini
1068 3633 1549 3722 descenderat,
1608 3637 1680 3705 et
1716 3637 1863 3704 toto
1919 3631 2170 3705 hiemis
2229 3635 2299 3704 et
2335 3630 2522 3704 veris
2579 3635 2886 3723 tempore
2940 3653 3164 3724 usque
3211 3631 3301 3703 ad
3339 3630 3524 3705 diem

428 3753 667 3827 Sancti
723 3753 1006 3845 Georgii
1036 3753 1099 3842 ⁴)
1156 3773 1312 3826 cum
1367 3751 1643 3826 intenso
1698 3753 1862 3846 gelu
1918 3752 2244 3842 durabat,
2299 3772 2428 3825 nec
2480 3756 2679 3826 erant
2732 3755 2856 3824 aut
2908 3751 3132 3841 nives,
3190 3755 3314 3824 aut
3365 3752 3516 3844 gla-

424 3875 597 3963 cieS,
655 3872 795 3947 nisi
848 3873 1033 3946 circa
1097 3874 1354 3946 festum
1418 3873 1661 3946 Sancti
1715 3872 1999 3965 Georgii
2028 3872 2091 3962 5)
2154 3871 2574 3962 dissolutae,
2638 3871 3204 3964 praebebantque
3267 3877 3338 3944 et
3389 3891 3516 3964 per

424 3999 681 4068 terram
736 3999 808 4066 et
860 4013 985 4085 per
1036 3991 1410 4066 fluviorum
1474 3995 1714 4066 alveos
1778 3993 2111 4066 euntibus
2177 3993 2578 4066 transitum.
2661 3990 2864 4066 Unde
2928 3995 2998 4064 et
3061 3991 3368 4065 ciconiae
3431 3991 3518 4064 de

424 4114 673 4186 calidis
728 4113 1179 4188 advenientes
1218 4112 1392 4202 orie,
1432 4113 1858 4206 cogebantur
1893 4133 2176 4205 pressae
2212 4111 2468 4205 frigore
2504 4111 2868 4185 hominum
2921 4110 3278 4186 domicilia
3315 4111 3520 4204 quasi

422 4232 805 4307 domestica
858 4233 1193 4307 anima-lia
1248 4233 1511 4306 intrare
1566 4238 1637 4306 et
1674 4233 1829 4306 illic
1882 4238 2100 4320 stare,
2158 4233 2375 4305 donec
2410 4233 2929 4322 resolverentur
2980 4231 3244 4325 glacies
3302 4236 3372 4305 et
3405 4230 3512 4304 ui-

422 4375 576 4442 veS,
644 4358 715 4427 et
766 4357 1043 4446 tempus
1106 4353 1351 4426 mitius
1424 4358 1495 4426 et
1558 4352 1857 4426 calidius
1932 4354 2437 4446 superveniret.
2522 4353 2788 4426 Multae
2865 4373 3028 4445 vero
3101 4351 3284 4425 aliae
3347 4373 3516 4426 aves

422 4474 802 4566 asperitate
854 4472 1109 4547 hiemis
1165 4473 1519 4546 extinctae
1574 4477 1773 4546 sunt:
1831 4473 2123 4546 hiberna
2177 4473 2434 4546 etenim
2464 4473 2528 4561 ⁶)
2583 4471 2846 4564 glacies
2901 4493 3125 4566 usque
3187 4472 3276 4544 ad
3329 4469 3514 4544 diem

422 4593 666 4667 Sancti
720 4592 1004 4687 Georgii
1035 4595 1095 4683 ⁷)
1152 4593 1404 4667 fluvios
1460 4594 1745 4667 tenebat
1772 4589 1861 4683 Β),
1918 4613 2233 4685 campos,
2291 4593 2509 4665 silvas
2528 4648 2546 4683 ,
2585 4595 2887 4680 montes,
2927 4591 3145 4665 colles
3181 4595 3252 4664 et·
3287 4589 3518 4663 saltus

423 4714 776 4806 quoslibet
827 4714 1027 4788 nives
1083 4713 1541 4788 obduxerant.

639 5007 683 5086 1)
730 5007 1127 5068 deliberatum·
1166 5011 1257 5067 est
1299 5001 1426 5066 Ed.
1459 5001 1641 5086 Lips.
1692 5001 1745 5084 Ω)
1776 5004 1898 5066 illic
1946 4994 2097 5067 Cod.
2130 5001 2307 5065 Kost.
2358 5001 2412 5083 8)
2459 5003 2706 5065 Iemiola
2753 4995 2904 5065 C'od.
2936 4997 3114 5065 Kost.
3164 4998 3216 5080 ⁴)
3263 5001 3324 5062 S.
3370 4999 3515 5062 Gre-

419 5111 571 5187 gorii
616 5105 742 5173 Ed.
793 5107 975 5192 Lips.
1024 5107 1078 5188 ὅ)
1128 5109 1187 5170 S.
1233 5107 1509 5184 Gregorii
1552 5102 1679 5167 Ed.
1728 5101 1908 5189 Lips.
1957 5104 2013 5187 ⁸)
2056 5107 2361 5184 hybernae
2406 5113 2602 5168 autem
2645 5101 2774 5168 Ed.
2821 5101 3002 5188 Lips.
3053 5103 3104 5181 ⁷)
3149 5105 3210 5166 S.
3229 5103 3517 5180 Gregorii

419 5211 547 5276 Ed.
594 5209 775 5295 Lips.
825 5210 877 5293 ⁸)
925 5213 1208 5273 tenebant
1248 5206 1379 5281 Ed.
1412 5207 1596 5292 Lips.
