4342 6384
902 522 1048 601 552
2084 542 2311 600 muns
2363 542 2820 595 uunncnms.
3438 521 3575 621 (A.
3614 523 3705 597 D.
3746 519 3995 617 1434.)

899 725 1100 805 simis
1171 725 1447 799 actibus
1522 725 1672 805 suis
1735 725 1808 798 in
1863 726 2068 799 fidem
2135 732 2207 797 et
2259 727 2663 818 religionem
2743 727 3202 803 orthodoxam
3267 728 3575 818 plurima
3634 728 3991 815 disseruit,

897 844 1282 935 multisque
1337 844 1668 917 Patribus
1723 845 2018 917 concilii
2073 845 2307 918 verbis
2364 846 2513 919 suis
2568 846 2895 919 lacrimas
2952 848 3289 919 excussit.

895 1198 1242 1285 litonitis,
1287 1199 1397 1291 qui
1443 1198 1892 1289 samagittiam
1935 1201 2315 1285 vastarunt,
2376 1199 2658 1270 maxim
2717 1200 2933 1285 clade,
2994 1146 3444 1290 propemodum
3499 1200 3583 1271 ul
3622 1200 3989 1271 internicio·

895 1336 1044 1396 nm
1088 1318 1375 1404 affectis,
1437 1318 1735 1393 canituri
1793 1336 2046 1407 pacem,
2106 1336 2296 1409 quam
2341 1319 2533 1410 paulo
2578 1321 2735 1390 ante
2780 1320 2981 1389 variis
3025 1319 3681 1421 tergiversationibus
3726 1337 3991 1391 renuero

1780 1438 2201 1526 videbantur,
2246 1440 2423 1514 ultro
2465 1456 2507 1511 a
2550 1439 2806 1511 Polonis
2849 1442 3109 1528 petunt.

1101 1685 1322 1760 quta
1357 1684 1857 1759 continentiam
1897 1691 1968 1757 et
1996 1686 2502 1759 ordinationem
2542 1692 2941 1778 treugarum
2974 1686 3027 1775 ¹)
3066 1706 3221 1759 cum
3260 1685 3632 1759 Cruciferis
3660 1686 3748 1759 de
3777 1687 3983 1759 Prus-

897 1804 1004 1876 sia
1055 1804 1454 1878 habitarum
1483 1802 1570 1894 2),
1627 1805 1994 1878 conventio
2032 1805 2106 1877 in
2145 1806 2549 1896 Raczyansz
2604 1828 2728 1897 pro
2783 1806 2899 1878 die
2952 1805 3280 1877 Mercurii
3334 1804 3759 1880 Nativitatis
3816 1806 3982 1877 San-

898 1929 1052 1997 ctae
1107 1925 1368 2000 Mariae
1399 1922 1460 2013 ³)
1513 1925 1757 1997 habita
1821 1931 1962 2012 est,
2029 1926 2116 1997 ad
2184 1926 2624 1999 tractandum
2689 1927 2773 1997 de
2826 1925 3019 2016 pacis
3082 1929 3459 2015 perpetuae
3522 1925 3985 1997 conclusione.

899 2043 1013 2115 Ad
1068 2064 1276 2135 quam
1331 2065 1487 2119 cum
1544 2045 1878 2119 Albertus
1908 2045 1972 2134 ⁴)
2027 2046 2454 2119 Gnesnensis
2518 2045 3084 2135 archiepiscopus
3152 2051 3223 2117 et
3276 2045 3582 2131 Primae,
3642 2046 3986 2137 Sbigneus

901 2161 1414 2251 Cracoviensis,
1472 2163 1910 2241 wladislaus
1948 2166 2216 2237 electus
2253 2164 2903 2251 wladislaviensis‚
2962 2164 3305 2255 episcopi3
3363 2164 3431 2235 N
3434 2164 3703 2237 icolaus
3740 2166 3825 2238 de
3862 2165 3983 2237 Mi-

901 2282 1166 2353 chalow
1237 2284 1662 2356 castellanus
1718 2288 1786 2356 et
1839 2284 2247 2375 capitaneus
2304 2284 2811 2371 cracoviensi8‚
2870 2284 3107 2377 Magni
3154 2284 3371 2357 Ducis
3419 2285 3847 2359 Lithuaniae
3884 2285 3984 2357 Si-

896 2402 1288 2494 gismundi,
1345 2404 1618 2477 Ducum
1655 2404 2040 2501 Masoviae,
2097 2404 2313 2477 Ducis
2354 2404 2787 2496 StolpensiS,
2841 2404 3113 2492 nuntii,
3172 2404 3363 2477 cives
3400 2406 3483 2477 de
3520 2404 3876 2477 chosczno
3904 2404 3983 2491 ⁵),

903 2522 1370 2613 frequensque
1441 2521 2000 2607 consiliariorum
2069 2544 2401 2595 numerus
2464 2522 2937 2610 convenisset,
3002 2524 3338 2597 cruciferi
3392 2525 3465 2597 in
3518 2526 3833 2597 terendis
3894 2526 3987 2597 le-

894 2642 1298 2735 gationibus
1356 2641 1604 2715 diebus
1659 2643 1932 2735 aliquot
1986 2649 2265 2733 tempus
2320 2642 2812 2732 absumebant,
2880 2663 3006 2714 nec
3062 2648 3267 2734 turpe
3318 2643 3696 2735 putabant,
3756 2644 3984 2717 solici-

894 2766 1046 2835 tar'e
1111 2761 1554 2834 consiliarios
1610 2762 1873 2855 Regni,
1931 2768 2011 2834 ut
2069 2763 2156 2833 ad
2209 2763 2435 2854 ripam
2488 2762 2799 2834 fluminis
2854 2761 3129 2835 Wislae
3173 2783 3210 2835 e
3246 2764 3526 2855 regione
3580 2764 3799 2835 castri
3838 2764 3985 2835 Zlo-

895 2882 1129 2956 thoria
1181 2882 1518 2972 positam,
1573 2901 1698 2972 pro
1755 2883 2172 2955 tractatibus
2239 2882 2563 2953 ineundis
2626 2880 3145 2955 descenderent.
3203 2882 3489 2970 Poloni,
3546 2882 3683 2955 etsi
3740 2904 3858 2970 ea,
3914 2888 3987 2954 ut

897 3000 1232 3091 pleraque
1297 2999 1686 3091 superiora,
1755 3022 1936 3073 vana
1964 3001 2029 3090 θ)
2083 3023 2220 3073 non
2274 3000 2709 3088 dubitarent,
2776 3022 2863 3072 ne
2915 3005 3150 3074 tamen
3212 3002 3407 3094 pacis
3460 3003 3820 3075 conclusio
3874 3024 3987 3094 per

847 3116 850 3119 ’
899 3140 1016 3191 eos
1081 3118 1338 3199 infecta
1398 3126 1815 3207 remaneret,
1883 3120 2296 3195 descendere
2360 3124 2885 3193 consenserunt.
2952 3121 3066 3193 Ibi
3132 3142 3405 3213 quoque
3466 3122 3807 3194 cruciferi
3872 3122 3983 3195 diu

899 3237 1286 3329 expectati,
1363 3239 1486 3311 vix
1553 3240 1684 3313 sub
1740 3238 1912 3311 solis
1966 3261 2285 3313 occasum
2343 3262 2559 3313 unum
2613 3240 3245 3313 Commendatorem
3284 3240 3658 3329 miserunt,
3717 3242 3978 3333 aliquo-

895 3380 1054 3439 rum
1107 3379 1273 3431 suae
1325 3358 1550 3449 partis
1606 3359 2085 3450 episcoporum
2141 3365 2213 3433 et
2266 3359 2914 3433 commendatorum
2971 3360 3245 3434 tardum
3300 3360 3679 3433 adventum
3726 3368 3799 3433 et
3844 3362 3981 3452 ple·

897 3498 1152 3572 raeque
1205 3479 1384 3554 alias
1422 3499 1668 3553 causas
1705 3480 2083 3572 fingenteS,
2139 3480 2563 3552 Polonorum
2609 3479 3165 3571 expectationem
3202 3478 3597 3552 eludebant.
3653 3480 3849 3552 Itum
3884 3486 3982 3554 est

895 3603 1134 3679 tumen
1190 3603 1262 3671 et
1315 3599 1538 3671 altera
1591 3598 1706 3671 die
1759 3599 1832 3671 in
1885 3600 2111 3691 ripam
2165 3600 2595 3674 Zlothoriae:
2654 3619 2782 3672 nec
2838 3599 3062 3671 minor
3106 3599 3331 3672 elusio
3368 3620 3409 3671 a
3444 3598 3821 3673 cruciferis
3862 3598 3981 3671 sub

900 3716 1085 3793 idem
1138 3722 1450 3809 tempus,
1505 3718 1796 3791 cadente
1833 3719 2011 3805 sole,
2071 3740 2145 3791 se
2185 3718 2717 3807 excusantibus,
2774 3718 3050 3810 ingesta
3080 3720 3177 3808 ⁷);
3234 3724 3655 3811 quapropter
3708 3720 3795 3792 de
3838 3739 3979 3791 cae-

898 3842 1048 3912 tero
1101 3836 1358 3917 nedum
1389 3836 1454 3926 ⁸)
1509 3837 1598 3909 ad
1649 3837 1874 3928 ripam
1929 3838 2242 3911 fluminis
2298 3860 2421 3930 pro
2460 3835 2834 3930 colloquiis
2887 3838 3190 3911 reditum
3220 3840 3309 3927 ⁹),
3366 3839 3488 3911 sed
3526 3837 3771 3926 etiam,
3826 3840 3977 3911 dum

899 3955 1166 4046 species
1205 3957 1296 4045 ¹⁰)
1350 3956 1699 4030 illudendi
1753 3963 1824 4035 et
1878 3957 2171 4031 fallendi
2227 3956 2733 4030 Cruciferorum
2769 3958 2993 4049 magis
3030 3959 3417 4047 patefacta,
3474 3958 3747 4029 animos
3785 3959 3977 4030 Polo·

895 4094 1146 4155 norum
1201 4073 1544 4162 irritaret,
1603 4075 2013 4149 discessum.
2071 4075 2400 4150 Nondum
2455 4084 2689 4150 autem
2746 4076 3037 4150 Polonis
3091 4083 3330 4168 portas
3377 4076 3616 4169 oppidi
3656 4078 3978 4151 Brzescze

893 4193 1362 4283 intrantibuS,
1420 4195 1556 4267 duo
1609 4196 1844 4268 nuntii
1899 4197 2313 4269 adveniunt:
2371 4218 2553 4268 unus
2610 4197 3119 4269 cruciferorum
3174 4196 3459 4269 nuntios
3504 4196 3881 4269 adventare
3914 4201 3977 4267 et

893 4312 1011 4394 his
1067 4313 1343 4387 salvum
1397 4314 1815 4395 conductum
1880 4315 2030 4387 dari
2091 4318 2495 4407 postulem,
2560 4317 2741 4388 alter
2794 4336 2881 4388 ex
2937 4316 3350 4404 Lithnania,
3422 4316 3723 4404 cladem,
3782 4337 3976 4408 quam

895 4431 1382 4510 Livonitarum
1447 4433 1798 4507 exercitus
1851 4455 1892 4506 a
1947 4434 2361 4527 Samagittis
2424 4435 2750 4526 pertulit,
2816 4437 3173 4509 nuntians.
3240 4436 3439 4508 Licet
3502 4434 3851 4527 siquidem
3908 4435 3977 4507 in

897 4552 1416 4627 conditionibus
1471 4558 1872 4647 treugarum
1912 4554 2001 4643 ¹¹)
2055 4554 2371 4627 Ducatus
2424 4556 2720 4647 Magnus
2776 4556 3195 4628 Lithuaniae
3250 4577 3405 4627 cum
3444 4556 3653 4628 terris
3694 4557 3845 4629 suis
3876 4556 3973 4627 in·

895 4673 1139 4747 clusus
1193 4673 1476 4745 fuisset:
1536 4672 1875 4745 Cruciferi
1927 4678 2158 4747 tamen
2197 4674 2279 4746 de
2317 4674 2647 4761 Livonia,
2705 4674 2891 4746 iusto
2929 4676 3240 4747 exercitu
3280 4675 3709 4766 conquisitu,
3768 4682 3974 4749 terras

899 4791 1362 4885 Samagittiae
1415 4792 1850 4884 populandas
1905 4794 2239 4884 ingressi,
2299 4794 2513 4866 variis
2553 4800 2623 4867 et
2661 4794 3036 4886 exquisitis
3075 4795 3299 4867 modis
3338 4796 3739 4868 vastabant.
3798 4797 3975 4867 Haec

1113 5100 1159 5182 ¹)
1207 5102 1508 5165 foederum
1557 5096 1710 5164 Coa,
1756 5098 1952 5163 Rozr.
1999 5098 2054 5180 ²)
2096 5099 2431 5162 habitorum
2474 5096 2627 5163 Cod.
2658 5098 2851 5163 Rozr.
2886 5100 2935 5181 ³)
2966 5102 3027 5161 S.
3057 5100 3283 5161 Mariae
3311 5100 3576 5175 Virginis
3610 5094 3765 5161 cod.
3794 5096 3972 5159 Rozr.

897 5202 954 5283 ⁴)
995 5206 1275 5266 Albertus
1317 5205 1770 5281 Iastrzqmbiecz
1813 5201 1941 5265 Ed.
1991 5201 2170 5285 Lips.
2236 5202 2287 5283 ⁶)
2332 5204 2612 5264 Thoczno
2670 5202 2797 5264 Ed.
2860 5202 3041 5286 Lips.
3105 5202 3157 5281 ⁸)
3204 5221 3361 5263 vana
3404 5220 3539 5263 esse
3586 5196 3741 5263 Cod.
3794 5198 3971 5263 Bozr.

903 5304 958 5391 ⁷)
1002 5308 1237 5382 ingesta
1295 5311 1388 5366 est
1441 5302 1594 5368 Cod.
1656 5304 1848 5367 Rozr.
1913 5302 1968 5389 Β)
2025 5324 2142 5366 non
2200 5306 2375 5366 modo
2423 5298 2578 5365 Cod.
2640 5302 2833 5368 Rozr.
2896 5302 2953 5389 ⁹)
2998 5306 3249 5366 reditum
3292 5324 3409 5365 non
3454 5309 3547 5364 est
3592 5298 3748 5365 cod.
3794 5301 3971 5365 Bon.

909 5406 988 5488 ¹⁰)
1033 5426 1171 5485 spes
1219 5403 1370 5472 cod.
1413 5406 1592 5469 Kost.
1647 5408 1726 5487 ¹¹)
1771 5408 2072 5469 foederum
2120 5402 2271 5468 cod.
2325 5403 2517 5468 Rozr.
