4342 6384
847 572 995 642 172
2038 589 2263 641 mana
2306 587 2773 642 Urmncmus.
3392 560 3527 663 (Α.
3566 561 3659 638 Ι).
3714 559 3945 662 1414.)

843 775 1154 866 Capituli
1201 772 1631 848 Varmiensis
1684 773 2130 864 perventum3
2192 771 2377 863 quod
2434 770 2757 864 quamvis
2802 770 3261 862 ,aliquantum
3300 771 3357 860 ι)
3410 769 3589 862 Regi
3640 768 3943 844 restitis-

847 898 988 978 set,
1043 891 1360 983 potentia
1413 897 1646 965 tamen
1701 891 2051 964 exercitus
2115 895 2597 982 expugnatum
2636 887 2723 978 ²),
2784 893 2854 962 et
2912 889 3166 962 civitas
3226 888 3441 961 militi
3494 889 3569 961 in
3620 888 3949 980 praedam

845 1013 1038 1084 data:
1095 1011 1180 1082 de
1235 1031 1374 1100 qua
1426 1010 1799 1083 universus
1836 1009 2074 1102 regius
2113 1009 2464 1081 exercitus
2503 1009 2731 1099 spolia
2770 1029 3085 1096 6111116116,
3142 1028 3388 1080 currus
3428 1027 3591 1081 suos
3632 1007 3948 1078 omnium

845 1129 1259 1212 victualium
1314 1128 1742 1200 abundantia
1797 1127 2232 1218 impleverat.
2290 1128 2383 1198 Et
2436 1127 2602 1218 quia
2656 1128 3045 1200 habebatur
3078 1145 3202 1217 pro
3241 1129 3593 1218 comperto
3626 1123 3715 1214 ³),
3774 1125 3941 1197 Cru-

847 1248 1096 1322 ciferos
1161 1247 1547 1320 exercitum
1609 1246 1911 1339 regium,
1979 1265 2186 1336 quem
2251 1245 2465 1316 armis
2528 1245 3104 1337 desperaverant,
3171 1245 3352 1316 fame
3406 1265 3482 1322 se
3536 1245 3820 1317 vincere
3876 1249 3949 1316 et

847 1368 1198 1440 debellare
1250 1386 1485 1457 posse,
1546 1365 1882 1457 singulas·
1919 1365 2058 1438 fere
2112 1364 2451 1455 pistrinas
2482 1364 2545 1453 4)
2602 1369 2671 1437 et
2724 1363 3156 1450 molendina,
3224 1363 3301 1435 in
3354 1363 3467 1435 his
3528 1362 3946 1454 praesertim

845 1486 1054 1574 locis,
1121 1504 1246 1576 per
1311 1504 1490 1575 quae
1557 1484 1942 1556 exercitum
2004 1484 2339 1555 rebantur
2400 1482 2895 1570 transiturum,
2966 1502 3089 1573 per
3152 1482 3505 1571 incendia,
3573 1487 3657 1553 ut
3708 1481 3945 1574 regius

849 1603 1202 1676 exercitus
1240 1601 1504 1673 farinae
1542 1600 1782 1692 inopia
1817 1602 2195 1688 laboraret,
2253 1601 2633 1674 delevisse:
2696 1601 3007 1693 quinque
3044 1601 3290 1674 diebus
3328 1601 3511 1674 circa
3547 1600 3852 1673 Haleten
3882 1598 3944 1687 ⁵)

850 1722 1146 1810 stativa,
1217 1721 1407 1793 intra
1471 1739 1646 1810 quos
1701 1720 1774 1792 in
1831 1719 2249 1792 molendinis
2316 1719 2633 1810 optimis,
2702 1741 2915 1812 supra
2971 1720 3226 1793 flumen
3280 1720 3497 1791 Halla
3550 1717 3942 1811 dispositi3‚

851 1841 1202 1914 exercitus
1256 1837 1524 1930 regiu8‚
1584 1838 1774 1929 Rege
1829 1838 2233 1926 mandante,
2292 1838 2376 1910 de
2432 1838 2657 1910 farina
2706 1838 3179 1930 provisionem
3234 1838 3399 1910 fecit
3452 1839 3939 1925 necessariam,

849 1959 1094 2030 habita
1147 1963 1334 2029 sunt.
1392 1956 1633 2028 Castro
1691 1957 1993 2028 Halsten
2023 1957 2084 2044 ⁶)
2141 1957 2217 2029 in
2271 1956 2581 2048 regimen
2642 1957 2917 2030 Derslai
2991 1957 3075 2028 de
3132 1956 3621 2030 Wlostowicze
3688 1955 3943 2028 militis

871 2077 1351 2149 commendato
1399 2074 1486 2146 ad
1533 2074 1864 2166 oppidum
1911 2079 2261 2147 muratum
2318 2075 2813 2164 Guttenstath,
2872 2075 3231 2148 ecclesiam
3267 2075 3712 2168 collegiatam
3768 2096 3949 2146 sum-

853 2202 1106 2288 ptuoso
1164 2215 1368 2286 opere
1423 2194 1830 2266 fabricatam
1869 2199 1938 2267 et
1975 2193 2357 2266 Canonicos
2412 2194 2804 2266 saeculares
2859 2194 2933 2265 in
2988 2195 3331 2266 communi
3399 2194 3758 2283 viventes»,
3824 2195 3948 2265 ha·

854 2317 1167 2403 bentem,
1224 2311 1577 2405 pervenit,
1635 2312 1820 2404 quod
1875 2319 2036 2384 ante
2091 2313 2470 2385 adventum
2516 2313 2733 2404 Regis
2770 2313 3031 2385 dudum
3068 2320 3217 2386 erat
3253 2335 3377 2405 per
3412 2317 3659 2406 gentes
3698 2313 3947 2406 regias,

857 2433 1242 2508 exercitum
1297 2431 1566 2524 regium
1620 2432 2143 2522 praecedenteS,
2214 2430 2720 2523 conquisitum,
2789 2431 3169 2522 spoliatum
3230 2437 3301 2506 et
3368 2437 3738 2520 exustum3
3806 2432 3953 2504 sola

859 2553 1154 2626 ecclesia
1208 2551 1582 2642 collegiata
1635 2555 1706 2621 et
1759 2550 1961 2622 domo
2014 2571 2156 2621 una
2202 2550 2703 2622 canonicorum
2740 2555 3167 2637 remanente,
3208 2572 3385 2643 quae
3419 2551 3705 2623 tandem
3742 2571 3941 2642 aegre

857 2674 942 2745 ab
997 2671 1158 2764 igne
1191 2671 1494 2743 defensa
1549 2674 1678 2741 est.
1735 2669 1846 2740 Ex
1901 2668 2365 2742 Guttenstath
2426 2690 2640 2760 prope
2694 2668 3025 2760 oppidum
3089 2669 3435 2763 Helsberg
3464 2670 3525 2758 ⁷)
3582 2669 3945 2741 Varmien-

857 2791 958 2863 sis
995 2788 1336 2881 episcopi,
1377 2787 1644 2861 stativa
1677 2807 1804 2878 pro
1841 2786 1954 2860 die
1989 2787 2518 2879 Assumptiom's
2574 2787 2873 2860 Sanctae
2900 2787 2965 2877 ⁸)
3018 2788 3280 2861 Mariae
3332 2787 3601 2860 habita.
3658 2789 3755 2859 Et
3789 2787 3949 2858 dum

856 2907 1182 2981 nonnulli
1238 2906 1613 2978 servitores
1669 2911 1739 2978 et
1785 2911 2095 2999 agrestes
2145 2907 2463 2978 homines
2501 2907 2585 2978 de
2621 2906 2813 2998 regio
2852 2906 3200 2995 exercitu,
3258 2906 3561 2979 dicatam
3617 2907 3952 2978 Dominae

859 3029 1139 3099 nostrae
1191 3023 1720 3115 Assumptionis
1775 3025 1956 3098 diem
2011 3047 2258 3116 parum
2301 3025 2735 3111 honorande,
2792 3045 3038 3098 versus
3076 3026 3454 3117 Helsberg,
3493 3025 3777 3097 iniussu
3812 3026 3945 3097 Re·

860 3145 971 3237 gis
1028 3149 1098 3216 et
1152 3164 1434 3215 suorum
1491 3143 2044 3234 capit-aneorum,
2099 3165 2225 3235 pro
2282 3144 2696 3235 quaerendis
2762 3144 3009 3236 spoliis
3049 3144 3619 3218 descendissent:
3675 3148 3941 3236 geum,

863 3284 1040 3356 quae
1094 3261 1427 3353 oppidum
1483 3261 1830 3354 Helsberg
1885 3262 2387 3352 observabant,
2434 3262 2789 3353 paucitate
2842 3283 3079 3334 eorum
3134 3266 3536 3352 conspecta,
3592 3264 3671 3334 in
3707 3284 3825 3336 eos
3860 3263 3951 3333 ir·

860 3385 1108 3468 ruunt,
1177 3385 1246 3452 et
1308 3380 1552 3471 paucis
1615 3382 1784 3474 fuga
1849 3381 2140 3472 elapsis,
2209 3386 2517 3453 caeteros
2574 3380 2927 3470 occidunt,
2996 3379 3328 3453 occisioni
3382 3402 3659 3474 quoque
3714 3386 3951 3454 contu-

864 3500 1110 3574 melias
1181 3501 1478 3571 addunt:
1544 3501 1872 3572 virilibus
1937 3501 2122 3572 enim
2186 3500 2372 3590 apud
2436 3498 2821 3572 occisorum
2876 3498 3211 3572 cadavera
3272 3499 3691 3590 amputatis,
3749 3521 3830 3573 ea
3882 3499 3955 3570 in

801 3691 807 3696 .
865 3641 986 3692 ora
1038 3640 1272 3692 eorum
1331 3619 1707 3710 deponunt.
1772 3619 1860 3690 In
1913 3618 2221 3691 crastino
2286 3617 2815 3708 Assumptionis
2882 3617 3177 3690 Sanctae
3241 3617 3503 3691 Mariae
3530 3617 3593 3707 ⁹)
3650 3623 3955 3690 castrum

865 3738 1216 3830 Helsberg
1267 3739 1543 3810 admoto
1600 3737 1916 3810 exercitu
1969 3737 2284 3809 obsidere
2322 3735 2571 3827 coepit.
2631 3736 2921 3827 Cognito
2970 3741 3203 3808 autem
3240 3737 3327 3808 ab
3367 3735 3953 3827 exploratoribus,

867 3855 1324 3929 mercenarios
1390 3856 1898 3928 Cruciferorum
1963 3855 2227 3926 milites
2294 3856 2639 3946 Bohemos
2704 3855 2779 3926 in
2843 3854 3381 3947 quingentorum
3448 3875 3783 3946 equorum
3844 3875 3956 3926 co-

867 3975 1150 4061 mitiva,
1215 3975 1291 4046 in
1344 3974 1538 4046 curia
1593 3974 2011 4047 Cruciferica
2063 3995 2278 4065 prope
2336 3975 2681 4065 Helsberg
2736 3978 2946 4047 noctu
3000 3977 3233 4046 castra
3268 3973 3460 4066 regia
3498 3972 3956 4046 lacessituros

872 4114 948 4165 se
999 4091 1382 4180 abdidisse,
1458 4093 1622 4165 tria·
1663 4091 1980 4184 gentium
2053 4113 2338 4164 suarum
2409 4092 2740 4164 banderia
2794 4094 2882 4164 ad
2934 4092 3403 4164 invadendum
3478 4092 3645 4165 illos
3710 4091 3956 4164 mittit.

874 4210 1007 4301 Qui
1060 4211 1404 4302 periculo,
1471 4212 1586 4284 cui
1649 4211 2022 4284 adiiciendi
2079 4211 2409 4298 fuissent,
2478 4212 2793 4299 odorat0‚
2834 4195 2927 4297 ,in
2979 4213 3133 4284 loca
3188 4211 3489 4300 munita,
3558 4232 3646 4286 ex
3703 4209 3957 4303 quibus

872 4328 1302 4419 prodierant,
1369 4328 1776 4422 diffugiunt,
1845 4335 1914 4401 et
1977 4351 2134 4402 cum
2198 4330 2523 4420 pluribus
2587 4329 2750 4401 aliis
2814 4330 3321 4404 cruciferorum
3384 4330 3769 4417 militibus,
3836 4329 3958 4420 qui

873 4447 1025 4520 illis
1065 4448 1281 4519 laturi
1321 4448 1576 4519 solatia
1613 4447 1700 4538 ¹⁰)
1757 4449 2160 4536 veniebant,
2220 4448 2629 4539 priusquam
2685 4470 2931 4521 manus
2980 4471 3137 4523 cum
3172 4449 3459 4522 Polonis
3498 4451 3959 4534 consererent,

871 4587 996 4656 per
1048 4565 1325 4638 diversa
1378 4567 1593 4657 lapsi,
1649 4567 2029 4659 regionem,
2089 4589 2295 4658 quam
2344 4568 2706 4639 tutandam
2746 4574 3224 4659 susceperant,
3283 4567 3661 4659 direptioni
3700 4571 3771 4639 et
3805 4564 3954 4658 igni

875 4685 1394 4775 derelinquunt.

1094 4988 1142 5074 ¹)
1189 4992 1618 5068 aliquantulum
1667 4986 1818 5053 Cod.
1879 4988 2070 5052 Rozr.
2123 4987 2175 5072 ²)
2224 4995 2617 5066 expugnatum
2674 4995 2765 5051 est
2819 4985 2971 5052 Cod.
3017 4988 3207 5052 Rozr.
3257 4989 3305 5067 ³)
3351 5009 3457 5066 pro
3500 4995 3769 5068 tempore
3814 4985 3961 5054 Cod.

881 5087 1057 5154 Calv.
1105 5091 1158 5169 ⁴)
1203 5095 1463 5169 piscinas
1511 5087 1663 5154 Cod.
1714 5086 1888 5153 Calv.
1947 5089 2001 5169 ⁵)
2047 5092 2373 5152 Halschten
2420 5090 2547 5153 Ed.
2593 5089 2774 5173 Lips.
2832 5089 2886 5170 6)
2929 5094 3197 5152 Haletem
3246 5089 3397 5154 Cod.
3442 5089 3624 5154 Koot.
3688 5091 3740 5170 ⁷)
3792 5094 3961 5152 Hais-

875 5195 1024 5269 berg
1071 5189 1221 5254 Cod.
1272 5187 1447 5254 Calv.
1497 5193 1550 5271 ε)
1595 5197 1816 5254 Beatae
1859 5195 2120 5270 Virginis
2178 5191 2327 5254 eod.
2374 5191 2565 5254 Rozr.
2616 5193 2667 5272 ⁰)
2698 5195 2923 5254 Mariae
2950 5194 3215 5270 Virginis
3256 5190 3407 5256 Ood.
3440 5191 3634 5256 Rozr.
3690 5189 3771 5273 ¹⁰)
3800 5193 3959 5254 auxi-

879 5295 962 5352 lia
1009 5290 1159 5354 Cod.
1206 5291 1396 5356 Rozr.
