4342 6384
937 554 1084 625 592
2087 574 2315 627 amun
2364 574 2877 627 nuonncmus.
3459 550 3596 651 (Α.
3635 548 3727 625 D.
3762 548 3987 648 1438.)

932 755 1260 830 Hinkone
1311 757 1610 830 Ptaczek
1647 756 1730 846 1),
1785 756 2050 831 Alsone
2077 756 2140 847 2)
2196 758 2283 831 de
2328 759 2739 851 Sternberg,
2795 758 3231 850 Przibykone
3262 754 3349 846 3),
3406 756 3527 848 qui
3562 757 3636 829 in
3675 757 3981 829 Bohemia

931 876 1442 964 militaverant,
1499 877 1955 964 advenerant,
2014 877 2439 969 Sandivogio
2496 879 2810 969 palatino
2877 876 3339 949 Posnaniensi
3393 876 3466 947 in
3520 876 3855 949 Bohemia
3897 896 3985 947 re-

933 998 1311 1087 manente),
1368 997 1456 1068 ad
1492 996 1814 1089 Regnum
1867 1016 2071 1067 suum
2129 996 2461 1069 Poloniae
2506 1018 2631 1088 per
2668 996 3001 1089 oppidum
3048 996 3423 1083 Rathibor‚
3490 995 3697 1067 terris
3754 994 3986 1067 Slesiae

928 1114 1088 1207 igne
1142 1119 1214 1188 et
1267 1114 1518 1206 spoliis
1585 1114 2004 1203 devastatis,
2072 1136 2288 1187 sanus
2343 1123 2414 1189 et
2466 1116 2839 1189 incolumis
2906 1136 3063 1187 cum
3118 1116 3307 1188 omni
3360 1136 3487 1186 suo
3540 1113 3849 1187 exercitu
3896 1133 3981 1184 re-

931 1233 1096 1321 diit,
1154 1233 1501 1307 exercitui
1555 1254 1830 1325 quoque
1882 1238 2231 1306 terrarum
2285 1234 2570 1307 Maioris
2624 1235 2989 1323 Poloniae,
3049 1233 3172 1326 qui
3224 1255 3348 1325 per
3400 1234 3550 1305 1008
3604 1233 3749 1305 alia
3794 1234 3985 1304 Duca-

930 1357 1132 1426 tuum
1189 1352 1459 1425 Slesiae
1515 1358 1664 1425 erat
1727 1352 2026 1425 diffusus
2083 1358 2155 1425 et
2209 1354 2523 1425 Ducatus
2589 1354 2780 1446 ipsos
2843 1354 3179 1426 vastitate
3243 1353 3489 1425 hostili
3543 1352 3986 1435 consumebat,

930 1471 1321 1561 mandavit,
1387 1475 1469 1543 ut
1523 1472 1610 1543 ad
1661 1472 1944 1564 propria
1996 1473 2315 1546 redeant:
2382 1474 2503 1564 qui
2560 1481 2632 1547 et
2684 1474 2825 1566 ipsi
2878 1474 3204 1547 mandato
3268 1472 3460 1564 regio
3523 1476 3841 1562 accepto,
3899 1490 3984 1541 re-

926 1590 1366 1684 grediuntur.

931 1943 1228 2017 Thamri
1271 1947 1485 2018 term
1529 1944 1826 2018 rodofiae
1871 1948 2146 2018 vastant
2160 2001 2177 2032 ,
2222 1946 2621 2036 rolonosque
2665 1963 2900 2036 magna
2946 1950 3017 2019 ct
3060 1948 3452 2019 memorabili
3492 1948 3675 2019 clade
3704 1947 3988 2017 amciut

1152 2192 1403 2265 Caesar
1430 2192 1922 2264 Thartarorum
1951 2192 2420 2265 Szadchmath
2438 2193 2501 2280 4)
2540 2213 2697 2266 cum
2726 2214 2978 2285 magno
3008 2193 3501 2266 Thartarorum
3531 2193 3843 2266 exercitu
3874 2196 3987 2264 ter·

933 2332 1048 2384 ras
1084 2311 1418 2384 Podoliae
1458 2311 1642 2383 01108
1681 2311 1938 2383 festum
1974 2313 2427 2386 Pentecostes
2466 2313 2859 2405 ingressae,
2899 2312 3215 2385 homines
3245 2334 3433 2386 more
3460 2334 3586 2384 suo
3617 2312 3691 2384 in
3718 2312 3987 2385 servitu-

930 2436 1074 2504 tem
1109 2437 1517 2522 perpetuam
1555 2430 1894 2505 abducere
1930 2437 1999 2505 et
2037 2432 2287 2524 spoliis
2323 2436 2545 2506 terras
2583 2432 2775 2524 ipsas
2815 2433 3090 2505 afficere
3126 2432 3388 2523 coepit,
3446 2432 3568 2523 qui
3609 2432 3818 2504 etiam
3853 2428 3991 2501 vani

933 2549 1224 2623 terroris
1260 2554 1708 2642 apparatum,
1750 2551 2124 2625 simulacra
2164 2552 2496 2626 videlicet
2522 2553 2857 2640 humana,
2900 2552 3099 2643 equis
3128 2551 3487 2644 imposita,
3530 2572 3765 2624 secum
3792 2550 3990 2622 trahe-

928 2671 1074 2757 bat3
1110 2675 1394 2761 propter
1431 2670 1615 2763 quod
1650 2671 1957 2762 partium
1995 2669 2297 2744 Russiae
2361 2672 2653 2743 barones
2708 2671 2975 2744 milites
3014 2675 3085 2744 et
3120 2671 3390 2744 nobiles
3428 2672 3655 2743 satius
3691 2672 3991 2743 ducentes

933 2789 1106 2862 mori
1142 2790 1218 2861 in
1241 2790 1425 2862 bello
1442 2846 1458 2877 ,
1501 2811 1711 2881 quam
1736 2790 1974 2862 videre
2003 2811 2286 2862 suorum
2314 2790 2724 2882 perniciem,
2766 2791 3059 2863 collecto
3089 2790 3254 2862 forti
3282 2790 3457 2862 satis
3484 2794 3555 2862 et
3581 2809 3931 2863 numeroso
3944 2786 3992 2873 ⁵)

933 2909 1280 2996 exercitu,
1331 2930 1446 2981 eos
1485 2908 1872 2999 persecuti,
1920 2908 2249 3000 congredi
2284 2930 2440 2981 cum
2478 2910 2629 2981 illis
2668 2913 2739 2981 et
2776 2931 3056 2981 manum
3094 2908 3405 2995 avidius,
3456 2930 3663 3000 quam
3701 2914 3811 2981 sat
3846 2910 3990 2989 erat,

934 3029 1008 3099 in
1047 3028 1211 3099 illos
1249 3028 1556 3101 conferre
1593 3048 1732 3099 non
1769 3027 2215 3100 dubitarunt:
2272 3033 2474 3100 erant
2518 3028 2701 3101 enim
2738 3028 2889 3101 illis
2926 3033 3077 3100 tum
3114 3049 3400 3100 numero
3450 3034 3601 3100 tum
3638 3029 3863 3101 animo
3896 3048 3991 3097 su-

933 3146 1265 3237 periores.
1305 3148 1630 3219 Thartari
1667 3168 1830 3219 vero
1869 3147 2005 3219 sibi
2041 3151 2429 3221 metuentes
2466 3148 2887 3240 periculum,
2940 3154 3089 3220 arte
3126 3152 3197 3221 et
3232 3148 3623 3220 calliditate
3660 3146 3993 3219 cuiusdam

935 3266 1073 3339 loci
1108 3266 1346 3347 limosi
1383 3270 1452 3339 et
1488 3288 1612 3357 per
1647 3265 1926 3337 modum
1972 3266 2341 3343 bituminis
2388 3267 2825 3355 condensati,
2876 3288 2951 3339 se
2988 3272 3061 3339 et
3098 3268 3439 3339 stationes
3486 3288 3651 3339 suas
3698 3266 3995 3338 muniunt

935 3390 1006 3459 et
1042 3386 1378 3477 impetum
1417 3385 1840 3457 Polonorum
1876 3386 2418 3477 praestolantur.
2478 3388 2788 3459 Barones
2826 3387 3065 3478 itaque
3102 3391 3173 3459 et
3208 3387 3480 3460 nobiles
3519 3387 3851 3459 Poloniae
3886 3382 3993 3455 ini-

936 3505 1278 3597 quitatem
1333 3504 1470 3578 loci
1522 3525 1662 3577 non
1717 3504 2090 3595 suspicati,
2147 3504 2458 3578 animose
2512 3511 2755 3578 contra
2807 3508 3185 3579 Thartaros
3224 3507 3493 3578 faciunt
3528 3506 3893 3596 impetum,
3942 3508 3998 3571 et

933 3626 1010 3698 in
1074 3626 1228 3717 ipso
1302 3644 1680 3716 congressu
1749 3624 2025 3696 limosis
2083 3628 2154 3696 et
2207 3624 2647 3714 paludinosis
2710 3625 2885 3698 locis
2948 3624 3347 3713 constricti,
3410 3626 3487 3696 in
3539 3624 3998 3697 crudelitatem

932 3743 1256 3817 incidunt
1291 3744 1809 3815 Thartarorum.
1851 3743 1986 3815 Sed
2025 3747 2095 3816 01
2130 3744 2193 3815 18
2231 3764 2467 3832 088118,
2524 3744 2845 3835 quamvis
2899 3746 3159 3817 multos
3207 3743 3553 3816 notabiles
3607 3745 3993 3833 absumpse-

933 3863 1060 3950 rit,
1135 3862 1388 3934 fuisset
1459 3862 1780 3935 funestus
1804 3917 1823 3950 ,
1896 3865 2170 3952 poterat
2241 3862 2426 3934 enim
2495 3864 2821 3935 residuus
2886 3864 3238 3936 exercitus
3308 3864 3461 3935 1000
3531 3866 3676 3934 18111
3750 3862 3998 3954 pericu-

937 3982 1087 4053 loso
1142 3980 1492 4055 declinato
1521 3981 1611 4069 ⁶),
1669 4001 1756 4053 ex
1793 3980 2156 4053 Thartaris
2193 3982 2449 4054 referre
2485 3982 2852 4055 victoriam
2868 4031 2887 4071 ‚-
2924 3982 3066 4055 nisi
3103 3983 3308 4054 11111111
3348 3982 3586 4055 fatalis
3626 4003 3814 4069 8018,
3868 4000 3999 4073 pec-

943 4100 1122 4172 catis
1175 4098 1536 4171 hominum
1591 4099 1664 4171 id
1717 4100 2285 4191 exposcentibuS,
2343 4102 2763 4175 damnasset.
2822 4103 3005 4173 Dum
3060 4101 3318 4174 etenim
3370 4101 3637 4192 primae
3683 4102 3871 4175 80108
3902 4118 4002 4169 vo-

939 4219 1167 4291 lentes
1222 4220 1451 4290 locum
1513 4223 1656 4290 tam
1725 4218 2076 4291 declinare
2147 4219 2565 4311 malignum,
2641 4242 3015 4294 conversae
3079 4226 3313 4293 essent
3376 4222 3451 4293 in
3513 4220 3735 4293 alium
3800 4221 4003 4293 locum

935 4336 1279 4428 aptiorem
1343 4356 1842 4428 congressuras
1875 4338 1961 4426 ⁷),
2019 4340 2615 4431 acclamatumque
2681 4345 2897 4413 esset:
2966 4341 3016 4411 Z
3038 4362 3079 4411 a
3100 4362 3133 4412 s
3154 4363 3189 4412 z
3214 4360 3255 4411 a
3279 4343 3295 4411 !
3366 4341 3416 4411 Z
3437 4361 3479 4412 8
3500 4362 3535 4411 8
3554 4362 3592 4411 z
3613 4343 3693 4412 a!
3726 4339 3794 4429 ⁸)
3846 4338 4009 4411 acies

834 4458 843 4465 '
935 4456 1265 4545 ultimae,
1325 4456 1493 4546 quid
1545 4460 1867 4548 ageretur
1930 4457 2114 4547 apud
2180 4457 2441 4549 primas
2506 4459 2822 4549 ignarae,
2891 4480 3059 4532 voce
3113 4460 3244 4532 illa
3297 4459 3372 4531 in
3424 4459 3608 4532 malo
3665 4459 4006 4532 intellecta

939 4574 1363 4667 significate,
1421 4574 1626 4666 quasi
1681 4575 2000 4648 omnibus
2055 4577 2221 4668 fuga
2273 4578 2751 4668 mandaretur,
2810 4578 3240 4652 consternati
3296 4582 3367 4651 et
3400 4578 3723 4666 attoniti,
3784 4574 4007 4651 existi-

939 4698 1211 4767 mantes
1248 4693 1514 4786 priores
1551 4693 1738 4767 acies
1774 4694 2193 4785 concidisse,
2252 4698 2487 4788 fugam
2540 4698 2976 4790 repentinam
3020 4704 3379 4790 ceperunt.
3438 4698 3586 4789 Quo
3624 4698 3783 4771 viso
3820 4698 4007 4769 Thar-

937 4813 1076 4885 tari
1133 4812 1206 4885 in
1261 4812 1440 4884 alias
1494 4812 1678 4886 acies
1732 4833 1774 4884 a
1826 4817 2020 4905 tergo
2075 4813 2356 4887 irruunt
2392 4821 2461 4889 et
2496 4816 2661 4889 illas
2698 4817 3080 4889 devincunt
3120 4821 3189 4891 et
3224 4822 3714 4909 prosternunt,
3774 4822 3847 4890 et
3878 4834 4009 4887 cae·

1111 5081 1116 5087 -
1155 5116 1204 5199 ¹)
1246 5119 1491 5195 Raczyk
1538 5112 1690 5181 Cod.
1736 5114 1869 5181 Lis.
1915 5120 2156 5180 Taczek
2204 5115 2356 5183 cod.
2401 5118 2620 5186 Przcz.
2668 5120 2717 5201 ²)
2764 5124 3063 5184 Halszone
3114 5118 3267 5185 Cod.
3320 5119 3499 5186 Calv.
3556 5122 3612 5205 ³)
3656 5124 4017 5184 Przibiaone

939 5218 1066 5283 Ed.
1129 5218 1304 5301 Lips.
1367 5217 1420 5297 ⁴)
1483 5220 1838 5282 Schachmat
1897 5214 2050 5282 cod.
2113 5219 2331 5285 Przcz.
2392 5224 2746 5286 Scdchmath
2793 5222 2918 5287 Ed.
2966 5222 3145 5309 Lips.
3203 5224 3255 5305 ⁵)
3300 5226 3567 5287 animoso
3614 5221 3775 5289 Cod.
3822 5222 4015 5285 Przcz.

943 5320 998 5479 ἒ
1044 5322 1341 5483 (100Ηὲπὲ
1386 5328 1467 5482 οἱ
1489 5320 1615 5383 Ed.
1662 5320 1842 5405 Lv’ps.
1893 5318 1946 5405 ⁷)
1992 5341 2416 5400 progressurae
2446 5322 2571 5390 Ed.
2604 5324 2783 5409 Lips.
2833 5324 2890 5411 ⁸)
2938 5329 3113 5405 Zasie
3130 5372 3148 5405 ,
3194 5328 3396 5407 Zasiel
3446 5324 3599 5391 cod.
3630 5326 3815 5390 Kost.
3844 5329 4023 5399 Betm,

997 5424 1154 5481 etro!
1255 5441 1290 5483 ο
1341 5466 1358 5483 .
1467 5421 1546 5485 ie.
