4342 6384
845 455 996 526 398
2020 474 2247 526 unna
2298 473 2755 526 mosomus.
3376 447 3512 549 (Α.
3552 448 3644 522 D.
3685 444 3936 546 1430.)

856 657 1388 748 „Dobrzinensi‚
1445 657 1900 746 vexilliferis3
1967 661 2038 730 et
2091 657 2255 730 aliis
2310 657 2693 746 militibus,
2757 657 3145 745 nobilibus,
3210 656 3286 728 in
3338 657 3650 747 generali
3706 656 3930 746 parla-

855 783 1129 868 „mento
1185 800 1307 852 seu
1363 777 1818 852 conventione
1873 777 2307 850 constitutis.
2382 779 2641 849 Datum
2695 798 2820 868 per
2872 798 3119 848 manus
3172 775 3514 866 praedicti
3568 776 3935 849 reverendi

855 897 1118 989 „patris
1171 897 1434 969 domini
1487 897 1826 970 Iohannis
1899 897 2209 988 episcopi
2280 895 2932 984 Wladislaviensis‚
2991 896 3220 998 Regni
3286 895 3619 968 Poloniae
3666 896 3931 967 cancel-

857 1016 1094 1106 „larii,
1153 1021 1223 1090 et
1274 1017 1700 1090 venerabilis
1755 1017 2137 1089 Wladislai
2192 1017 2277 1090 de
2324 1016 2613 1108 Oporow
2658 1018 3106 1090 Decretorum
3144 1015 3499 1104 DoctoriS,
3538 1015 3933 1107 Praepositi

854 1135 1374 1225 „Lanciciensis
1445 1139 1516 1208 et
1572 1135 1814 1209 Sancti
1867 1135 2185 1208 Floriani
2239 1139 2401 1208 ante
2457 1135 2887 1224 Cracoviam,
2960 1134 3272 1210 eiusdem
3320 1135 3547 1229 Regni
3619 1135 3931 1208 vicecan-

854 1254 1242 1346 „cellarii“.

846 1609 1082 1682 Litoris
1123 1609 1474 1682 Withavdi
1521 1611 1840 1700 acceptis,
1884 1610 2089 1700 legati
2135 1610 2221 1681 ad
2266 1627 2409 1681 eum
2453 1626 2677 1682 rursus
2704 1610 3087 1696 mittuntur,
3132 1609 3242 1699 qui
3274 1626 3417 1680 eum
3446 1625 3553 1680 ros
3584 1610 3941 1681 novantem

2108 1767 2115 1772 ·
2186 1731 2603 1821 corriperent.

1059 1976 1304 2050 Sciens
1379 1981 1614 2051 autem
1689 1979 1852 2050 Dux
1923 1977 2369 2051 Withawdus
2433 1977 2507 2050 in
2570 1977 2819 2051 Iedlna
2891 1983 2962 2050 et
3022 1977 3495 2050 Wladislaum
3558 1978 3820 2070 Regem
3873 1981 3942 2050 et

851 2097 1248 2186 Praelatos,
1289 2098 1718 2190 baronesque
1754 2097 2088 2172 Poloniae
2127 2098 2569 2186 convenisse,
2612 2097 2859 2171 scribit
2903 2098 3251 2170 Praelatis
3290 2101 3359 2171 et
3394 2098 3773 2171 baronibus
3808 2098 3937 2170 Po-

849 2216 1080 2290 loniae
1150 2217 1393 2291 literas
1417 2274 1434 2307 ,
1508 2217 1943 2311 ingeminans
2013 2220 2253 2311 plures
2328 2220 2647 2310 querelas
2709 2218 2795 2291 de
2867 2217 3259 2292 Wladislao
3326 2218 3517 2310 Rege
3538 2273 3557 2307 ‚
3634 2217 3940 2310 qualiter

851 2337 1082 2430 ipsum
1137 2359 1363 2411 coram
1420 2338 1704 2412 Summo
1741 2339 2080 2414 Pontifice
2118 2343 2189 2412 et
2223 2339 2538 2432 Regibus
2576 2337 2943 2412 catholicis
2979 2338 3578 2426 dehonestaverit,
3634 2339 3935 2410 notando

849 2479 1009 2530 eum
1064 2459 1148 2531 de
1202 2478 1493 2532 coronae
1544 2459 1968 2534 Lithuaniae
2020 2460 2095 2532 in
2149 2459 2656 2552 praeiudicium
2711 2458 2941 2552 Regni
2996 2459 3109 2531 sui
3162 2458 3573 2547 ambitione,
3640 2479 3779 2530 non
3833 2463 3933 2531 at-

847 2577 1173 2667 tendens,
1231 2578 1415 2671 quod
1468 2579 1700 2671 ipsum
1753 2580 1841 2652 ad
1895 2580 2199 2652 dandum
2256 2601 2675 2654 consensum.
2722 2579 3115 2670 praedictae
3170 2579 3601 2652 coronationi
3646 2579 3937 2671 ipsemet

847 2698 1172 2791 pluribus
1225 2699 1549 2791 precibus
1605 2705 1678 2773 et
1729 2699 2046 2774 illexerit
2099 2703 2168 2774 et
2224 2699 2673 2792 pertraxerit.
2739 2701 2992 2792 Itaque
3056 2699 3142 2772 ad
3195 2698 3753 2792 respondendum
3806 2700 3931 2770 hu-

847 2817 1154 2890 iusmodi
1208 2817 1359 2891 suis
1413 2819 1676 2909 literis,
1734 2824 1805 2892 et
1857 2819 1944 2892 ad
1998 2819 2515 2912 corripiendum
2572 2841 2761 2908 enm,
2819 2819 3005 2911 quod
3061 2842 3101 2892 a
3153 2820 3502 2893 Praelatis
3542 2825 3612 2892 et
3648 2818 3937 2911 Boyaris

849 2936 1275 3011 Lithuaniae
1338 2959 1520 3011 nova
1584 2939 2004 3029 iuramenta,
2071 2944 2312 3012 contra
2376 2943 2640 3012 statum
2704 2939 2923 3032 Regis
2978 2943 3047 3014 et
3100 2941 3329 3038 Regni
3392 2939 3727 3013 Poloniae
3790 2943 3934 3012 ten-

850 3057 1121 3146 dentia,
1179 3057 1524 3150 exigeret,
1581 3063 1652 3131 et
1705 3064 1934 3131 castra
1972 3059 2206 3132 vicina
2243 3060 2483 3152 Regno
2521 3059 2857 3132 Poloniae
2892 3061 3232 3149 firmaret,
3272 3047 3637 3152 'Sbigneus
3676 3058 3935 3151 episco-

848 3197 984 3268 pus
1040 3177 1520 3251 cracoviensis
1559 3183 1628 3250 et
1663 3179 1732 3250 N
1737 3178 2003 3251 icolaus
2060 3179 2142 3252 de
2180 3178 2543 3252 Michalow
2579 3179 2939 3272 palatinus
2979 3179 3599 3266 Sandomiriensis‚
3641 3179 3931 3251 Lithua-

849 3297 1040 3369 niam
1103 3297 1312 3370 tertio
1367 3297 1454 3370 ad
1508 3297 1713 3370 illum
1768 3297 2171 3371 mittuntur.
2233 3298 2366 3390 Qui
2421 3299 2495 3371 in
2550 3299 2827 3373 Grodno
2880 3320 3004 3391 pro
3058 3298 3305 3372 diebus
3352 3299 3665 3372 Paschae
3705 3298 3933 3390 ipsum

850 3417 1194 3509 aggressi,
1261 3418 1474 3490 verba
1535 3417 1815 3490 nomine
1878 3420 2094 3511 Regis
2161 3419 2460 3492 faciunt:
2519 3419 2677 3491 Non
2732 3439 2885 3492 esse
2938 3420 3198 3510 Regem
3262 3417 3735 3492 Wladislaum
3790 3417 3937 3491 eius

847 3535 1235 3611 dementiae
1271 3539 1349 3627 ¹),
1406 3542 1488 3610 ut
1540 3538 1718 3611 velit
1773 3558 1961 3627 eum,
2019 3560 2174 3612 cum
2214 3560 2349 3632 qno
2386 3561 2570 3612 unus
2609 3538 2903 3631 spiritus
2944 3559 3212 3630 semper
3250 3537 3417 3625 fuit,
3460 3540 3531 3610 et
3568 3537 3721 3610 eius
3758 3557 3935 3612 com·

850 3657 1076 3729 modis
1131 3661 1202 3731 et
1256 3658 1707 3750 amplitudini
1761 3659 2073 3747 favebat,
2122 3659 2575 3747 confundere;
2632 3658 2753 3732 sed
2800 3657 2864 3729 si
2899 3678 3128 3730 coram
3168 3657 3453 3730 Summo
3492 3657 3835 3730 Pontifice
3872 3661 3939 3730 et

849 3777 1218 3850 catholicis
1273 3778 1584 3871 Regibus
1649 3784 1940 3871 questus
1997 3784 2140 3868 est,
2199 3779 2271 3850 id
2326 3778 2473 3871 egit
2525 3777 2946 3851 necessitate
3000 3777 3437 3868 compulsae,
3494 3798 3581 3849 ne
3634 3776 3777 3849 iuri
3818 3797 3939 3848 sno

848 3918 970 3988 per
1025 3897 1535 3971 coronationem
1592 3921 1842 3971 novam
1897 3900 2092 3972 fieret
2145 3897 2652 3990 praeiudicium
2708 3897 3143 3990 Sigismundi
3195 3898 3668 3971 Romanorum
3723 3898 3936 3989 Regis

851 4016 1311 4107 authoritate,
1369 4040 1578 4109 quam
1631 4039 1756 4110 per
1809 4019 2292 4110 Apostolicam
2348 4019 2598 4091 Sedem
2653 4038 2902 4109 operae
2955 4016 3259 4108 pretinm
3316 4020 3467 4089 erat
3518 4015 3823 4089 rescindi
3874 4021 3940 4089 et

847 4136 1193 4229 abrogari.
1251 4137 1654 4229 Corripiunt
1709 4159 1983 4231 quoque
2037 4139 2244 4210 illum
2298 4138 2383 4209 de
2437 4156 2775 4208 novorum
2841 4135 3389 4209 iuramentorum
3457 4134 3823 4208 exactione
3876 4141 3942 4208 et

851 4259 1239 4328 castrorum
1293 4257 1718 4346 firmatione,
1774 4262 2055 4351 rogant:
2121 4263 2205 4330 ut
2256 4261 2603 4331 averteret
2655 4277 3027 4348 parumper
3081 4255 3167 4328 ab
3222 4254 3601 4327 ambitione
3658 4275 3941 4328 coronae

851 4375 940 4447 ad
993 4376 1333 4466 potiorem
1389 4377 1916 4470 cogitationem,
1973 4377 2583 4470 cognitionemque
2620 4375 2953 4448 animum.
3013 4375 3078 4446 A
3115 4394 3251 4466 quo
3299 4394 3423 4466 pro
3461 4395 3795 4466 responso
3831 4397 3938 4448 ac-

849 4495 1154 4587 cipiunt:
1213 4496 1418 4569 Nihil
1474 4519 1548 4571 se
1601 4500 1842 4570 contra
1897 4501 2160 4569 statum
2216 4496 2433 4588 Regis
2490 4502 2560 4569 et
2613 4494 2841 4588 Regni
2894 4494 3309 4581 machinari,
3379 4515 3506 4567 nec
3560 4495 3713 4567 ideo
3754 4495 3935 4567 iura-

849 4620 1086 4688 menta
1147 4617 1466 4709 exegisse
1531 4621 1654 4689 aut
1717 4622 1946 4690 castra
2009 4618 2354 4705 firmasse,
2422 4621 2503 4688 ut
2555 4615 2733 4688 velit
2785 4616 3055 4687 hostem
3114 4636 3191 4687 se
3244 4615 3485 4706 Regno
3552 4616 3937 4706 professum

849 4736 1041 4808 bella
1095 4757 1403 4826 movere;
1461 4737 1584 4810 sed
1638 4737 1965 4830 quoniam
2019 4736 2490 4829 prospiciebat
2552 4735 2723 4824 sibi,
2791 4755 2877 4806 ne
2940 4733 3165 4826 aliqui
3229 4735 3469 4806 hostes
3526 4739 3940 4826 occuparent

849 4877 1009 4928 eum
1064 4855 1456 4947 incautum,
1514 4878 1669 4930 cum
1725 4861 1954 4931 certus
1981 4855 2044 4947 ²)
2100 4862 2279 4945 erat,
2350 4856 2695 4928 Bohemos
2760 4854 3145 4927 haereticos
3203 4853 3680 4927 Wladislaum
3734 4855 3934 4926 Polo-

847 4975 1008 5048 niae
1063 4977 1324 5069 Regem
1379 4977 1641 5051 crebris
1695 4977 1968 5050 nuntiis
2025 4981 2094 5050 et
2149 4976 2476 5069 precibus
2514 4976 2867 5066 pulsasse,
2911 4980 2993 5046 ut
3027 4973 3179 5048 illis
3215 4996 3341 5067 per
3379 4974 3699 5066 Regnum
3740 4995 3938 5046 suum

853 5099 1092 5168 contra
1142 5097 1503 5170 Prussiam
1558 5101 1628 5170 et
1681 5095 2132 5170 Lithuaniam
2188 5095 2567 5170 transitum
2623 5094 3093 5186 permitteret3
3150 5098 3221 5168 et
3254 5096 3436 5167 hanc
3474 5094 3935 5168 Bohemorum

1073 5351 1117 5434 ¹)
1165 5354 1510 5415 elementiae
1554 5351 1681 5415 Ed.
1729 5350 1912 5436 Lips.
1961 5349 2014 5433 2)
2059 5357 2282 5414 certum
2331 5346 2483 5416 Ood.
2530 5347 2721 5413 Rozr.
