4342 6384
371 552 510 654 (Α.
558 554 650 629 D.
691 552 921 653 1418.)
1572 579 1802 632 mnan
1853 580 2313 634 unnncnms.
3324 565 3473 638 219

369 765 696 856 franyecz
761 763 1343 838 succamerarinm
1407 763 1932 838 cracoviensem
1997 767 2068 838 et
2131 765 2508 839 Martinam
2564 767 2649 840 de
2704 767 3108 842 Goworzino
3146 769 3200 858 1)
3274 773 3471 842 nota-

367 885 591 973 rium,
647 882 722 956 in
775 881 1262 972 Lithuaniam‚
1328 906 1486 957 cum
1551 885 1953 958 Alexandro
2019 885 2417 958 Withawdo
2492 887 2681 961 Duce
2746 888 2995 982 Magno
3051 888 3473 963 Lithuaniae

367 1004 528 1078 vias
584 1009 656 1077 et
709 1004 948 1077 modos
1003 1007 1504 1096 competenteS,
1562 1004 1820 1096 quibus
1875 1005 2040 1077 Dux
2096 1006 2469 1079 Boleslaus
2525 1006 2883 1099 Switrigal
2934 1029 3306 1102 germanus
3360 1030 3467 1083 re·

365 1124 532 1217 gius
587 1145 675 1197 ex
728 1122 1094 1217 Hungaria
1144 1123 1375 1216 possit
1426 1123 1666 1197 reduci
1721 1129 1790 1198 et
1844 1123 1986 1216 ipsi
2039 1124 2221 1198 Duci
2272 1125 2679 1198 Alexandro
2728 1126 3125 1200 Withawdo
3162 1127 3467 1203 reconci-

366 1243 532 1317 liari
550 1300 568 1332 ,
640 1242 1171 1336 practicaturos.
1246 1243 1521 1317 Annuit
1591 1249 1826 1318 autem
1890 1247 2054 1317 Dux
2118 1245 2521 1319 Alexander
2584 1244 3026 1320 Withawdus
3082 1247 3470 1321 reversioni

369 1385 570 1452 suae,
637 1369 708 1436 et
767 1383 892 1455 per
955 1363 1200 1437 literas
1263 1363 1448 1438 salvi
1503 1365 1886 1438 conductus
1941 1365 2341 1439 libertatem
2393 1365 2729 1439 redeundi
2793 1365 3173 1454 concessit;
3232 1387 3463 1441 rever·

367 1505 666 1576 sumque
719 1482 1202 1558 favorabiliter
1252 1483 1611 1577 excipiens
1649 1488 1719 1556 et
1753 1484 2053 1578 benigne
2105 1486 2577 1576 pertractem,
2633 1490 2856 1559 terras
2893 1484 3229 1574 Russiae,
3270 1486 3461 1561 vide-

365 1603 538 1677 licet
575 1606 848 1677 Bransk
886 1608 956 1676 et
995 1603 1490 1695 Szyewyorsky
1529 1603 2008 1697 Nowogrodek
2035 1602 2099 1694 ²)
2137 1604 2275 1677 sibi
2314 1605 2662 1678 concessit
2696 1605 2773 1679 in
2808 1610 3157 1696 tenutam,
3198 1606 3272 1680 in
3311 1605 3463 1699 qui-

367 1724 501 1798 bus
555 1745 784 1816 usque
835 1723 923 1796 ad
977 1723 1194 1796 Ducis
1249 1723 1638 1797 Alexandri
1693 1723 1960 1796 obitum
2015 1724 2437 1798 morabatur.

575 1843 705 1918 Die
761 1843 948 1917 Solis
999 1843 1226 1936 prima
1277 1843 1619 1936 Augusti,
1675 1844 1882 1916 Anna
1916 1844 2247 1932 Ducissa,
2306 1843 2523 1918 Ducis
2558 1845 2797 1938 Magni
2832 1845 3256 1920 Lithuaniae
3292 1847 3463 1920 Ale-

365 1964 622 2038 xandri
653 1965 715 2052 ³)
769 1984 1084 2052 consors,
1140 1963 1214 2036 in
1268 1963 1543 2056 Trokky
1598 1963 1894 2036 moritur
1947 1968 2019 2037 et
2055 1964 2130 2036 in
2167 1963 2494 2038 Vilnensi
2558 1965 2854 2038 ecclesia
2908 1966 3272 2058 sepelitur.
3329 1966 3460 2040 Cu-

365 2085 478 2156 ius
534 2087 828 2158 mortem
881 2085 1142 2158 Ducem
1196 2083 1682 2158 Alexandrum
1737 2083 2213 2158 Withawdnm
2250 2106 2483 2158 amare
2519 2085 2833 2177 quidem,
2895 2084 3016 2158 sed
3052 2085 3249 2158 brevi
3286 2089 3458 2159 tem·

365 2225 531 2297 pore
587 2208 864 2278 constat
917 2204 1214 2279 luxisse.

1141 2556 1230 2630 llo
1275 2573 1434 2646 paco
1481 2573 1623 2629 cum
1667 2555 2008 2629 (luciferis
2049 2557 2293 2630 nutu
2339 2558 2686 2630 tractstur.

567 2805 680 2877 Ex
734 2803 967 2876 diaeta
1027 2802 1470 2877 Lanciciensi
1533 2802 1972 2876 Wladislaus
2036 2802 2369 2877 Poloniac
2430 2803 2588 2876 Rex
2652 2802 3047 2893 discedens,
3097 2826 3223 2897 pro
3273 2806 3453 2878 festo

359 2923 894 3017 Assumptionis
949 2922 1248 2996 Sanctae
1301 2922 1563 2996 Mariae
1600 2923 1797 2996 venit
1831 2923 1908 2995 in
1943 2922 2363 3012 Przedborz,
2422 2923 2675 2998 exinde
2710 2944 2835 3015 per
2868 2923 3262 3014 Visliciam,
3310 2924 3453 2998 No·

359 3069 518 3118 vam
575 3043 970 3132 civitatem,
1028 3041 1572 3132 Sandomiriam,
1629 3043 2047 3132 Przischow,
2103 3044 2179 3116 in
2225 3047 2485 3118 terram
2529 3041 3033 3118 Lublincnsem
3069 3044 3450 3118 descendit.

357 3168 468 3239 Ex
525 3165 763 3256 Skoky
819 3166 1053 3236 autem
1107 3183 1266 3236 cum
1303 3163 1574 3256 Regina
1612 3163 1979 3236 Elisabeth
2015 3163 2087 3236 in
2124 3162 2611 3253 Lithuaniam,
2669 3163 3041 3238 Albertum
3080 3165 3451 3237 Iastrzam·

357 3287 572 3379 byecz
636 3283 1159 3358 cracoviensem
1225 3282 1628 3375 episcopum
1695 3286 1766 3356 et
1819 3282 2201 3356 Iohannem
2265 3284 2349 3356 de
2402 3283 2691 3356 Tarnow
2753 3284 3151 3375 palatinum
3206 3284 3449 3358 Cracc-

353 3407 669 3480 viensem
740 3402 1004 3477 habens
1075 3402 1150 3474 in
1204 3423 1330 3475 suo
1401 3402 1778 3494 comitatu,
1847 3401 1922 3475 in
1983 3403 2291 3476 crastino
2356 3403 2599 3476 Sancti
2661 3403 3027 3477 Michaelis
3081 3405 3449 3495 processit.

354 3523 902 3600 conventionem
955 3526 1188 3596 autem
1243 3541 1397 3594 cum
1453 3521 1789 3614 Magistro
1845 3522 2179 3595 Prussiae
2232 3543 2357 3614 pro
2394 3523 2865 3596 concludenda
2901 3544 3071 3614 pace
3107 3527 3451 3615 perpetua

353 3646 428 3719 in
484 3643 896 3736 Wyelunia,
967 3661 1092 3733 pro
1156 3640 1268 3713 die
1333 3642 1630 3714 Sanctae
1701 3640 2044 3735 Hedvigis
2119 3641 2595 3715 celebraturus
2615 3697 2633 3729 ,
2704 3641 3003 3715 navibus
3067 3641 3142 3714 in
3197 3642 3448 3716 Dubno

352 3763 700 3852 ascensis,
772 3761 1050 3836 Grrodno
1113 3760 1490 3853 applicuit,
1556 3781 1692 3852 quo
1747 3761 1886 3832 iam
1943 3760 2330 3834 consiliarii
2384 3761 2645 3854 Regni,
2711 3761 3051 3834 Nicolans
3106 3760 3445 3854 archiepi-

351 3905 610 3977 scopus
665 3879 1126 3968 GnesnensiS,
1183 3882 1531 3954 Iohannes
1585 3879 1928 3974 Kropidlo
1984 3881 2353 3972 episcopus
2392 3880 3047 3968 WladislaviensiS,
3106 3880 3445 3955 Sandivo-

347 4003 510 4097 gius
567 4004 654 4077 de
709 4001 1043 4093 Ostrorog
1093 3999 1454 4093 palatinus
1507 3999 2005 4072 Posnaniensis
2061 4003 2133 4072 et
2186 3999 2313 4072 alii
2348 4000 2641 4072 barones
2676 3999 2907 4092 Regni
2954 4006 3443 4075 convenerant.

349 4125 462 4197 Ex
517 4123 798 4198 Grodno
853 4119 1288 4196 Wladislaus
1343 4125 1500 4196 Rex
1553 4118 1895 4210 processit
1949 4139 2105 4192 cum
2161 4118 2528 4192 Elisabeth
2590 4119 2891 4212 Regina,
2959 4120 3445 4213 Praelatisque

349 4248 420 4318 et
472 4241 856 4317 baronibus
911 4239 1170 4333 Regni,
1227 4260 1472 4313 versus
1525 4239 1792 4311 Kowno
1845 4238 2095 4313 itinere
2138 4238 2401 4312 navali.
2459 4238 2586 4313 Cui
2622 4239 2697 4312 in
2734 4239 3169 4332 Dersunisky
3199 4239 3261 4329 ⁴)
3318 4261 3433 4313 vc-

347 4363 576 4438 nienti
637 4361 1042 4435 Alexander
1093 4359 1535 4433 Withawdus
1590 4360 1753 4431 Dux
1799 4359 2096 4452 Magnus
2148 4358 2571 4432 Lithuaniae
2616 4358 2949 4448 occurrit,
3008 4364 3079 4432 et
3116 4363 3259 4432 tam
3299 4360 3439 4433 Re-

345 4505 502 4576 gem
561 4487 632 4554 et
683 4480 1061 4572 Reginam,
1129 4500 1338 4571 quam
1402 4479 1766 4552 Praelatos
1833 4483 1903 4552 et
1963 4478 2258 4551 barones
2322 4478 2550 4572 Regni
2580 4478 2641 4568 ⁵)
2708 4479 3007 4570 excepit.
3072 4478 3441 4551 Elisabeth

346 4607 586 4676 antem
640 4600 914 4692 Regina
951 4599 1024 4671 in
1061 4599 1328 4672 Kowno
1381 4604 1816 4686 remanente,
1872 4597 1945 4670 in
1983 4597 2433 4690 Wyeluniam
2468 4602 2883 4690 perventum
2922 4603 3060 4687 est,
3101 4602 3170 4673 et
3206 4597 3438 4671 diaeta

343 4745 468 4815 pro
505 4719 940 4794 confectione
973 4719 1166 4811 pacis
1201 4723 1580 4811 perpetuae
1613 4739 1771 4790 cum
1799 4717 2135 4810 Magistro
2172 4717 2504 4790 Prussiae
2533 4719 2783 4790 Fratre
2818 4715 3157 4791 Michaele
3194 4719 3431 4791 Koch-

343 4841 666 4928 meister,
725 4839 847 4931 qui
903 4845 973 4912 et
1025 4838 1178 4930 ipse
1232 4859 1388 4911 cnm
1453 4837 1800 4930 frequenti
1867 4836 2427 4910 consiliariorum
2489 4857 2773 4909 numero
2839 4838 3245 4924 advenerat,
3310 4837 3432 4908 ha-

341 4961 494 5035 bita
523 4961 614 5049 ⁶).
672 4961 1001 5031 Tractatu
1057 4962 1290 5030 autem
1346 4957 1539 5053 vario
1595 4958 1667 5029 in
1722 4957 1962 5048 plures
2017 4957 2167 5031 dies
2224 4961 2549 5046 extenso,
2606 4958 2806 5031 nulla
2840 4961 3115 5049 poterat
3152 4975 3434 5048 concors

560 5250 608 5325 ¹)
653 5252 1020 5327 Gorzowyno
1069 5244 1220 5311 cod.
1271 5245 1447 5310 Calv.
1496 5245 1550 5327 ²)
1595 5247 1934 5308 Siewierski
1976 5246 2394 5323 Nowogrodek
2442 5241 2593 5309 God.
2636 5243 2813 5308 Kost.
2863 5243 2915 5326 ³)
2962 5246 3287 5306 Alexandri
3332 5242 3436 5308 dc-

339 5364 432 5418 ent
475 5355 550 5418 in
599 5349 750 5416 Cocl.
800 5349 977 5416 Calv.
1027 5350 1080 5432 ⁴)
1126 5352 1474 5412 Dersumski
1525 5345 1676 5412 cod.
1724 5347 1900 5413 Kost.
1949 5350 2357 5426 Derszimisky
2400 5345 2526 5410 Ed.
2573 5345 2755 5431 Lips.
2815 5348 2870 5429 ⁵)
2916 5351 3107 5426 Regni
3152 5349 3435 5410 Poloniae

342 5453 497 5521 Cod.
544 5454 740 5519 Rozr.
787 5453 840 5535 ⁸)
885 5456 1090 5518 habita
1133 5461 1241 5516 est.
1290 5451 1440 5518 Cod.
1495 5451 1687 5516 Rozr.
