4342 6384
884 575 1034 655 622
2018 600 2246 656 amn
2297 596 2808 654 nuonncmus.
3415 571 3552 676 (Α.
3591 569 3694 648 D-
3735 566 4008 666 1440.)

1399 909 1733 983 Boleslaus
1776 909 2101 982 meviae
2144 909 2287 980 Dux
2330 910 2571 981 terra·
2613 906 3108 982 mouentum
3153 909 3449 996 occupat.

1088 1149 1237 1223 Sub
1292 1149 1531 1224 eodem
1592 1169 1867 1242 quoque
1938 1155 2250 1242 tempore
2311 1148 2687 1221 Boleslaus
2749 1145 3107 1219 Masoviae
3171 1147 3368 1231 Dux,
3443 1151 3678 1218 terrae
3733 1145 4002 1218 Drohi·

880 1269 1153 1344 caensis
1207 1273 1279 1342 et
1315 1273 1702 1343 castrorum
1738 1267 2033 1343 Mielnik
2072 1271 2149 1358 ¹),
2191 1268 2502 1356 Bielsko‚
2545 1267 2922 1342 Drohiczin
2956 1265 3468 1358 possessionem
3519 1265 4005 1357 apprehendit

883 1393 956 1464 et
1008 1389 1207 1464 illam
1262 1389 1467 1463 annis
1521 1389 1792 1482 aliquot
1846 1389 2310 1463 continuavit.
2368 1389 2579 1463 Terra
2635 1389 2820 1462 enim
2864 1387 3222 1480 praedicta
3274 1385 3780 1460 Drohiczensis
3839 1406 4004 1458 cum

882 1509 1137 1584 castris
1190 1510 1527 1602 praefatis
1583 1511 1840 1583 donata
1894 1515 2045 1583 erat
2099 1531 2230 1582 avo
2287 1531 2413 1582 suo
2468 1509 2649 1583 Duci
2685 1507 3012 1583 Ianussio
3047 1507 3420 1582 donatione
3473 1513 3832 1600 perpetua
3877 1526 4006 1598 per

883 1629 1357 1705 wladislaum
1410 1631 1673 1724 Regem
1726 1629 2061 1704 Poloniae
2115 1629 2581 1718 Lithuanum,
2656 1629 2740 1702 de
2794 1628 2996 1703 cuius
3049 1627 3490 1720 possessione
3553 1626 3768 1699 illum
3831 1627 4000 1698 Dux

882 1751 1178 1845 Magnus
1216 1750 1620 1826 Alexander
1655 1750 2098 1824 Withawdus
2152 1753 2438 1843 propter
2475 1749 2818 1842 quoddam
2874 1748 3140 1834 odium,
3202 1747 3386 1839 quod
3431 1747 3689 1820 habuit
3745 1753 4000 1819 contra

807 1896 818 1906 ·
883 1892 1072 1960 eum,
1130 1875 1407 1963 praeter
1458 1859 1809 1948 iustitiam
1874 1875 1943 1944 et
1998 1869 2460 1962 aequitatem,
2530 1869 2922 1944 Wladislao
2975 1869 3168 1961 Rege
3231 1865 3769 1955 dissimulante,
3833 1889 3996 1959 spo-

883 1990 1215 2079 liaverat3
1273 1995 1433 2085 post
1490 1994 1781 2066 mortem
1837 1993 2069 2064 autem
2126 1989 2344 2064 Ducis
2399 1990 2636 2083 Magni
2692 1987 3078 2062 Withawdi
3131 1989 3294 2062 Dux
3332 1989 3630 2080 Magnus
3689 1987 3996 2062 Lithua-

882 2110 1041 2185 niae
1096 2110 1591 2204 sigismundus
1644 2109 1999 2204 praedicto
2064 2110 2392 2184 Boleslao
2457 2110 2635 2184 Duci
2699 2107 3086 2196 Masoviae,
3151 2106 3358 2184 cuius
3409 2129 3824 2200 germanam
3885 2131 3994 2181 so-

882 2251 1109 2306 rorem
1172 2230 1517 2325 virginem
1588 2231 1864 2305 Offkam
1936 2230 2084 2304 filio
2140 2252 2268 2304 suo
2341 2228 2521 2303 Duci
2578 2228 2907 2303 Michaeli
2979 2233 3340 2322 acceperat
3412 2227 3486 2301 iu
3548 2250 3854 2303 uxorem
3899 2229 3993 2318 ²),

884 2349 1145 2428 dictam
1216 2356 1473 2426 terram
1547 2350 2083 2426 Drohiczensem
2147 2373 2289 2425 non
2357 2349 2774 2445 simpliciter
2837 2349 3152 2442 quidem,
3219 2350 3340 2426 sed
3395 2350 3526 2422 sub
3581 2350 3994 2424 conditione

883 2471 1235 2560 restituit,
1292 2471 1395 2546 ita
1447 2470 1812 2560 videlicet,
1880 2476 1960 2545 ut
2010 2478 2174 2563 post
2229 2475 2518 2546 mortem
2575 2470 2790 2544 Ducis
2829 2470 3064 2564 Magni
3121 2469 3556 2563 Sigismundi
3613 2471 3776 2544 eius
3829 2493 3990 2564 pos-

885 2591 1109 2666 sessio
1173 2590 1249 2666 in
1302 2593 1693 2684 praefatum
1748 2593 2010 2666 Ducem
2048 2592 2454 2666 Boleslaum
2507 2590 3028 2665 devolveretur:
3088 2588 3172 2664 de
3225 2611 3362 2682 quo
3417 2590 3555 2664 sibi
3613 2591 3820 2664 dedit
3869 2613 3990 2682 pa·

884 2715 1114 2788 tentes
1178 2711 1423 2788 literas
1488 2733 1613 2785 suo
1668 2733 1749 2786 ac
1811 2713 2329 2801 Praelatorum‚
2395 2710 2805 2802 Principum
2861 2713 2932 2784 et
2984 2710 3324 2784 baronum
3377 2731 3668 2784 suorum
3725 2711 3989 2805 sigillis

882 2829 1274 2908 roboratas:
1350 2833 1515 2906 Iure
1578 2833 1818 2924 itaque
1880 2831 2149 2926 duplici
2205 2837 2276 2907 et
2339 2836 2482 2906 tam
2537 2833 2724 2906 claro
2777 2832 3134 2924 praefatus
3188 2831 3351 2905 Dux
3407 2832 3792 2905 Boleslaus
3845 2833 3986 2906 Ma-

886 2951 1122 3027 soviae
1183 2950 1474 3026 innixus
1490 3007 1509 3041 ,
1576 2951 1973 3044 praedictae
2036 2956 2264 3026 terrae
2328 2950 2820 3026 Drohiczensis
2893 2954 2966 3024 et
3027 2954 3414 3024 castrorum
3467 2951 3989 3043 praedictorum

884 3071 1401 3164 possessionem
1454 3070 1939 3165 apprehendit.

942 3433 1183 3508 uuus·
1225 3433 1617 3508 'lanum
1660 3434 1800 3509 Rex
1844 3453 1922 3509 ec
1966 3435 2258 3509 desumat
2299 3435 2613 3523 aninum
2661 3439 2742 3508 ut
2783 3437 3104 3509 Kaziniro
3145 3437 3350 3509 fratre
3393 3435 3464 3509 in
3509 3437 3930 3511 Litus-ia·

1502 3556 1723 3643 uiuo,
1764 3557 1908 3647 im
1954 3560 2254 3646 coeptu
2295 3557 2425 3629 iter
2467 3556 2537 3628 in
2581 3555 2968 3647 nugariam
3012 3557 3374 3647 pernoctet.

1092 3776 1315 3852 Morte
1346 3774 1408 3867 8)
1462 3777 1703 3869 itaque
1740 3777 2037 3869 praefati
2074 3775 2292 3852 Ducis
2329 3777 2566 3872 Magni
2605 3777 3040 3872 Sigismundi
3079 3779 3352 3853 vacatio
3391 3779 3712 3852 Ducatus
3747 3781 3983 3874 Magni

888 3895 1314 3972 Lithuaniae
1366 3901 1437 3971 et
1491 3896 1748 3972 divisio
1802 3897 1988 3972 inter
2022 3897 2416 3971 Lithuanos
2470 3903 2744 3984 exorta,
2803 3897 3278 3972 Wladislaum
3314 3900 3580 3992 Regem
3635 3899 3981 3974 distrahe·

887 4016 1093 4105 bant3
1150 4016 1321 4109 quid
1374 4021 1571 4110 agat,
1628 4017 1718 4090 ad
1772 4018 1942 4110 quid
1998 4039 2072 4091 se
2124 4021 2520 4104 convertat,
2587 4018 2966 4108 plurimum
3033 4017 3263 4092 animo
3321 4024 3634 4107 aestuat,
3695 4027 3766 4094 et
3821 4021 3984 4094 licet

892 4140 1039 4210 tam
1094 4135 1367 4212 affectio
1421 4138 1725 4231 patriae,
1792 4158 2001 4230 quam
2064 4138 2448 4210 multorum
2500 4137 2862 4229 persuasio
2925 4138 3134 4212 illum
3187 4139 3536 4227 alliciant,
3605 4146 3690 4212 ut
3745 4142 3986 4234 Regno

888 4255 1293 4349 Hungariae
1346 4258 1694 4351 neglecto,
1750 4257 1960 4332 rebus
2015 4257 2495 4331 Dominiorum
2551 4278 2837 4331 suorum
2889 4258 3128 4350 potius
3183 4259 3617 4351 provideret,
3676 4261 3766 4334 de
3819 4282 3984 4354 pace

890 4397 1165 4468 quoque
1218 4376 1671 4467 Lithuaniae,
1734 4379 1819 4451 de
1857 4377 2349 4470 thesaurisque
2405 4378 2652 4452 multis
2706 4398 2832 4470 per
2883 4379 3147 4454 Ducem
3201 4381 3532 4474 Magnum
3589 4379 3982 4474 Sigismun-

889 4495 1053 4570 dum
1106 4496 1497 4586 derelictiS,
1554 4497 1985 4590 disponeret,
2042 4501 2252 4590 prout
2289 4504 2439 4572 erat
2491 4519 2614 4591 per
2647 4497 2998 4572 notabiles
3033 4498 3322 4572 nuntios
3379 4505 3448 4573 et
3485 4500 3736 4576 literas
3774 4503 3978 4574 Prae·

886 4614 1191 4689 latorum
1208 4673 1226 4706 ,
1280 4617 1691 4710 Principum
1745 4621 1815 4691 et
1866 4618 2206 4692 baronum
2268 4617 2692 4693 Lithuaniae
2753 4618 3252 4711 multipliciter
3310 4625 3632 4712 rogatus:
3709 4623 3982 4715 perple-

891 4733 1081 4807 xitas
1134 4734 1375 4828 itaque
1428 4737 1635 4810 illum
1698 4741 1770 4810 et
1830 4759 2069 4811 omnes
2135 4759 2299 4810 suos
2363 4738 2805 4812 consiliarios
2871 4760 3124 4832 magna
3176 4740 3557 4813 detinebat.
3635 4743 3982 4816 Acerbum

890 4853 1171 4946 quidem
1228 4860 1377 4930 crat
1428 4877 1569 4929 non
1604 4857 1969 4948 providere
2023 4856 2181 4949 paci
2237 4862 2305 4931 et
2362 4858 2584 4931 statui
2620 4858 3077 4948 Lithuaniae‚
3136 4859 3455 4932 acerbius
3511 4882 3650 4933 non
3707 4883 3984 4935 servare

888 4973 1093 5048 fidem
1148 4974 1507 5072 Hungaris
1562 4976 2011 5082 promissam,
2071 4977 2196 5070 qui
2249 4983 2320 5051 et
2371 4999 2496 5072 per
2550 4979 2796 5052 literas
2849 4985 2922 5052 et
2973 5002 3100 5074 per
3145 4980 3432 5060 nuntios
3485 4983 3865 5073 urgebant,
3907 4989 3982 5056 ut

892 5091 1331 5168 Wladislaus
1386 5097 1542 5170 Rex
1597 5096 2005 5189 dignaretur
2059 5096 2359 5172 celerius
2415 5099 2852 5194 Hungariam
2907 5100 3192 5188 intrare,
3250 5123 3338 5173 ue
3391 5101 3632 5194 aliqua
3687 5103 3982 5196 pusilla·

893 5211 1217 5287 nimitate
1271 5219 1343 5287 et
1396 5215 1707 5309 Reginae
1744 5217 2111 5292 Elisabeth
2162 5222 2357 5292 metu
2419 5219 2741 5312 Regnum
2784 5219 3191 5314 Hungariae
3243 5226 3608 5314 acceptum
3664 5223 3984 5297 videatur

1112 5487 1157 5568 Ι)
1199 5489 1501 5553 Hiedniko
1545 5483 1671 5556 Ed.
1703 5488 1886 5575 Dips.
1936 5491 1989 5570 ⁹)
2034 5491 2325 5569 virginem
2349 5491 2611 5556 Orokam
2655 5492 2906 5556 duxerat
2945 5489 3075 5559 Ed.
3108 5489 3290 5577 Lips.
3338 5490 3392 5570 ⁸)
3433 5493 3596 5555 Mors
3639 5491 3770 5558 Ed.
3803 5493 3978 5580 Lupe.
