<?xml version="1.0" encoding="UTF-8"?>
<!DOCTYPE html PUBLIC "-//W3C//DTD XHTML 1.0 Transitional//EN"
    "http://www.w3.org/TR/xhtml1/DTD/xhtml1-transitional.dtd">
<html xmlns="http://www.w3.org/1999/xhtml" xml:lang="en" lang="en">
 <head>
  <title>
</title>
<meta http-equiv="Content-Type" content="text/html;charset=utf-8" />
  <meta name='ocr-system' content='tesseract 3.04.00' />
  <meta name='ocr-capabilities' content='ocr_page ocr_carea ocr_par ocr_line ocrx_word'/>
</head>
<body>
  <div class='ocr_page' id='page_1' title='image "./dzieawszystkie00unkngoog_0727.png"; bbox 0 0 4342 6384; ppageno 0'>
   <div class='ocr_carea' id='block_1_1' title="bbox 922 594 4014 696">
    <p class='ocr_par' dir='ltr' id='par_1_1' title="bbox 922 594 4014 696">
     <span class='ocr_line' id='line_1_1' title="bbox 922 594 4014 696; baseline 0.002 -31"><span class='ocrx_word' id='word_1_1' title='bbox 922 595 1067 667; x_wconf 83' lang='grc'>716</span> <span class='ocrx_word' id='word_1_2' title='bbox 2090 618 2318 671; x_wconf 67' lang='lat' dir='ltr'>mnan</span> <span class='ocrx_word' id='word_1_3' title='bbox 2369 618 2878 670; x_wconf 75' lang='lat' dir='ltr'>nuonncnms.</span> <span class='ocrx_word' id='word_1_4' title='bbox 3443 597 3583 696; x_wconf 82' lang='grc' dir='ltr'>(Α.</span> <span class='ocrx_word' id='word_1_5' title='bbox 3619 596 3723 670; x_wconf 84' lang='lat' dir='ltr'>D.</span> <span class='ocrx_word' id='word_1_6' title='bbox 3763 594 4014 693; x_wconf 73' lang='lat'>1444.)</span> 
     </span>
    </p>
   </div>
   <div class='ocr_carea' id='block_1_2' title="bbox 910 914 4015 1124">
    <p class='ocr_par' dir='ltr' id='par_1_2' title="bbox 910 914 4015 1124">
     <span class='ocr_line' id='line_1_2' title="bbox 910 914 4015 1005; baseline 0 -20"><span class='ocrx_word' id='word_1_7' title='bbox 910 914 1179 986; x_wconf 79' lang='lat' dir='ltr'>nraoula</span> <span class='ocrx_word' id='word_1_8' title='bbox 1210 914 1671 1004; x_wconf 74' lang='lat' dir='ltr'>‘transalpinae</span> <span class='ocrx_word' id='word_1_9' title='bbox 1702 914 2072 987; x_wconf 71' lang='lat' dir='ltr'>Walnohiu</span> <span class='ocrx_word' id='word_1_10' title='bbox 2101 915 2498 1005; x_wconf 66' lang='lat' dir='ltr'>Woyowoda</span> <span class='ocrx_word' id='word_1_11' title='bbox 2526 915 2942 987; x_wconf 66' lang='lat' dir='ltr'>wladislaum</span> <span class='ocrx_word' id='word_1_12' title='bbox 2970 915 3207 1005; x_wconf 75' lang='lat' dir='ltr'>Regem</span> <span class='ocrx_word' id='word_1_13' title='bbox 3237 917 3472 988; x_wconf 74' lang='lat' dir='ltr'>visitat</span> <span class='ocrx_word' id='word_1_14' title='bbox 3503 919 3576 987; x_wconf 78' lang='lat' dir='ltr'>ot</span> <span class='ocrx_word' id='word_1_15' title='bbox 3599 916 4015 1001; x_wconf 66' lang='lat' dir='ltr'>mortam,</span> 
     </span>
     <span class='ocr_line' id='line_1_3' title="bbox 1522 1035 3394 1124; baseline -0.002 -16"><span class='ocrx_word' id='word_1_16' title='bbox 1522 1052 1607 1108; x_wconf 78' lang='lat' dir='ltr'>ne</span> <span class='ocrx_word' id='word_1_17' title='bbox 1650 1039 1881 1108; x_wconf 74' lang='lat' dir='ltr'>contra</span> <span class='ocrx_word' id='word_1_18' title='bbox 1923 1035 2158 1108; x_wconf 73' lang='lat' dir='ltr'>&#39;furcos</span> <span class='ocrx_word' id='word_1_19' title='bbox 2203 1053 2344 1109; x_wconf 82' lang='lat' dir='ltr'>oum</span> <span class='ocrx_word' id='word_1_20' title='bbox 2392 1036 2546 1109; x_wconf 80' lang='lat' dir='ltr'>exili</span> <span class='ocrx_word' id='word_1_21' title='bbox 2591 1037 2886 1107; x_wconf 78' lang='lat' dir='ltr'>exercitu</span> <span class='ocrx_word' id='word_1_22' title='bbox 2929 1036 3394 1124; x_wconf 71' lang='lat' dir='ltr'>proficiscatur.</span> 
     </span>
    </p>
   </div>
   <div class='ocr_carea' id='block_1_3' title="bbox 920 1281 4021 4959">
    <p class='ocr_par' dir='ltr' id='par_1_3' title="bbox 920 1281 4021 4959">
     <span class='ocr_line' id='line_1_4' title="bbox 1126 1281 4018 1375; baseline 0.001 -24"><span class='ocrx_word' id='word_1_23' title='bbox 1126 1281 1431 1353; x_wconf 87' lang='lat' dir='ltr'>Tenente</span> <span class='ocrx_word' id='word_1_24' title='bbox 1486 1286 1717 1355; x_wconf 86' lang='lat' dir='ltr'>autem</span> <span class='ocrx_word' id='word_1_25' title='bbox 1768 1282 2030 1355; x_wconf 84' lang='lat' dir='ltr'>stativa</span> <span class='ocrx_word' id='word_1_26' title='bbox 2066 1282 2256 1375; x_wconf 89' lang='lat' dir='ltr'>Rege</span> <span class='ocrx_word' id='word_1_27' title='bbox 2299 1282 2428 1356; x_wconf 90' lang='lat' dir='ltr'>sub</span> <span class='ocrx_word' id='word_1_28' title='bbox 2465 1284 2635 1355; x_wconf 92' lang='lat' dir='ltr'>urbe</span> <span class='ocrx_word' id='word_1_29' title='bbox 2673 1281 3034 1373; x_wconf 78' lang='lat' dir='ltr'>Nicopoli,</span> <span class='ocrx_word' id='word_1_30' title='bbox 3091 1281 3396 1353; x_wconf 89' lang='lat' dir='ltr'>illustris</span> <span class='ocrx_word' id='word_1_31' title='bbox 3431 1281 3648 1353; x_wconf 87' lang='lat' dir='ltr'>Wlad</span> <span class='ocrx_word' id='word_1_32' title='bbox 3689 1281 3750 1370; x_wconf 88' lang='lat'>¹)</span> <span class='ocrx_word' id='word_1_33' title='bbox 3805 1282 4018 1353; x_wconf 86' lang='lat' dir='ltr'>Tran-</span> 
     </span>
     <span class='ocr_line' id='line_1_5' title="bbox 920 1399 4017 1494; baseline 0 -24"><span class='ocrx_word' id='word_1_34' title='bbox 920 1399 1238 1491; x_wconf 86' lang='lat' dir='ltr'>salpinae</span> <span class='ocrx_word' id='word_1_35' title='bbox 1302 1399 1709 1473; x_wconf 86' lang='lat' dir='ltr'>Walachiae</span> <span class='ocrx_word' id='word_1_36' title='bbox 1774 1402 2222 1493; x_wconf 74' lang='lat' dir='ltr'>Woyewoda‚</span> <span class='ocrx_word' id='word_1_37' title='bbox 2292 1403 2414 1494; x_wconf 90' lang='lat' dir='ltr'>qui</span> <span class='ocrx_word' id='word_1_38' title='bbox 2469 1406 2538 1475; x_wconf 88' lang='lat' dir='ltr'>et</span> <span class='ocrx_word' id='word_1_39' title='bbox 2593 1403 2898 1474; x_wconf 85' lang='lat' dir='ltr'>Dracula</span> <span class='ocrx_word' id='word_1_40' title='bbox 2959 1400 3247 1488; x_wconf 89' lang='lat' dir='ltr'>dicitur,</span> <span class='ocrx_word' id='word_1_41' title='bbox 3305 1422 3393 1474; x_wconf 87' lang='lat' dir='ltr'>ex</span> <span class='ocrx_word' id='word_1_42' title='bbox 3445 1401 3830 1473; x_wconf 85' lang='lat' dir='ltr'>Walachia</span> <span class='ocrx_word' id='word_1_43' title='bbox 3889 1402 4017 1471; x_wconf 83' lang='lat' dir='ltr'>Da·</span> 
     </span>
     <span class='ocr_line' id='line_1_6' title="bbox 920 1518 4018 1613; baseline 0 -23"><span class='ocrx_word' id='word_1_44' title='bbox 920 1518 1212 1591; x_wconf 91' lang='lat' dir='ltr'>nubium</span> <span class='ocrx_word' id='word_1_45' title='bbox 1268 1518 1573 1607; x_wconf 90' lang='lat' dir='ltr'>traiecit,</span> <span class='ocrx_word' id='word_1_46' title='bbox 1632 1520 1706 1591; x_wconf 90' lang='lat' dir='ltr'>in</span> <span class='ocrx_word' id='word_1_47' title='bbox 1760 1521 2167 1613; x_wconf 89' lang='lat' dir='ltr'>Bulgariam</span> <span class='ocrx_word' id='word_1_48' title='bbox 2225 1523 2313 1594; x_wconf 91' lang='lat' dir='ltr'>ad</span> <span class='ocrx_word' id='word_1_49' title='bbox 2365 1522 2789 1594; x_wconf 86' lang='lat' dir='ltr'>adorandum</span> <span class='ocrx_word' id='word_1_50' title='bbox 2836 1521 3100 1613; x_wconf 80' lang='lat' dir='ltr'>Regem</span> <span class='ocrx_word' id='word_1_51' title='bbox 3138 1521 3640 1608; x_wconf 75' lang='lat' dir='ltr'>wladislaum,</span> <span class='ocrx_word' id='word_1_52' title='bbox 3703 1520 4018 1592; x_wconf 76' lang='lat' dir='ltr'>veniam·</span> 
     </span>
     <span class='ocr_line' id='line_1_7' title="bbox 922 1639 4018 1733; baseline 0 -23"><span class='ocrx_word' id='word_1_53' title='bbox 922 1660 1057 1730; x_wconf 86' lang='lat' dir='ltr'>que</span> <span class='ocrx_word' id='word_1_54' title='bbox 1112 1639 1517 1729; x_wconf 91' lang='lat' dir='ltr'>petendum,</span> <span class='ocrx_word' id='word_1_55' title='bbox 1576 1640 1760 1730; x_wconf 90' lang='lat' dir='ltr'>quod</span> <span class='ocrx_word' id='word_1_56' title='bbox 1812 1646 2094 1713; x_wconf 87' lang='lat' dir='ltr'>coactus</span> <span class='ocrx_word' id='word_1_57' title='bbox 2151 1646 2222 1713; x_wconf 88' lang='lat' dir='ltr'>et</span> <span class='ocrx_word' id='word_1_58' title='bbox 2275 1662 2413 1712; x_wconf 91' lang='lat' dir='ltr'>non</span> <span class='ocrx_word' id='word_1_59' title='bbox 2467 1640 2751 1713; x_wconf 89' lang='lat' dir='ltr'>adiutus</span> <span class='ocrx_word' id='word_1_60' title='bbox 2797 1642 2884 1713; x_wconf 90' lang='lat' dir='ltr'>ab</span> <span class='ocrx_word' id='word_1_61' title='bbox 2921 1640 3314 1733; x_wconf 76' lang='lat' dir='ltr'>HungariS,</span> <span class='ocrx_word' id='word_1_62' title='bbox 3371 1641 3548 1712; x_wconf 85' lang='lat' dir='ltr'>alias</span> <span class='ocrx_word' id='word_1_63' title='bbox 3607 1640 4018 1713; x_wconf 84' lang='lat' dir='ltr'>societatem</span> 
     </span>
     <span class='ocr_line' id='line_1_8' title="bbox 924 1758 4018 1851; baseline 0 -22"><span class='ocrx_word' id='word_1_64' title='bbox 924 1761 995 1829; x_wconf 89' lang='lat' dir='ltr'>et</span> <span class='ocrx_word' id='word_1_65' title='bbox 1051 1758 1291 1830; x_wconf 87' lang='lat' dir='ltr'>foedus</span> <span class='ocrx_word' id='word_1_66' title='bbox 1348 1778 1503 1829; x_wconf 88' lang='lat' dir='ltr'>cum</span> <span class='ocrx_word' id='word_1_67' title='bbox 1562 1759 1806 1831; x_wconf 87' lang='lat' dir='ltr'>Turcis</span> <span class='ocrx_word' id='word_1_68' title='bbox 1843 1759 2147 1833; x_wconf 82' lang='lat' dir='ltr'><strong>iniisset.</strong></span> <span class='ocrx_word' id='word_1_69' title='bbox 2206 1762 2540 1833; x_wconf 88' lang='lat' dir='ltr'>Lustrato</span> <span class='ocrx_word' id='word_1_70' title='bbox 2586 1766 2820 1833; x_wconf 89' lang='lat' dir='ltr'>autem</span> <span class='ocrx_word' id='word_1_71' title='bbox 2858 1760 3170 1832; x_wconf 90' lang='lat' dir='ltr'>exercitu</span> <span class='ocrx_word' id='word_1_72' title='bbox 3205 1760 3398 1851; x_wconf 85' lang='lat' dir='ltr'>regio</span> <span class='ocrx_word' id='word_1_73' title='bbox 3429 1758 3490 1849; x_wconf 76' lang='grc'>2)</span> <span class='ocrx_word' id='word_1_74' title='bbox 3545 1762 3619 1831; x_wconf 89' lang='lat' dir='ltr'>et</span> <span class='ocrx_word' id='word_1_75' title='bbox 3654 1760 3814 1833; x_wconf 90' lang='lat' dir='ltr'>eius</span> <span class='ocrx_word' id='word_1_76' title='bbox 3847 1782 4018 1850; x_wconf 81' lang='lat' dir='ltr'>pau-</span> 
     </span>
     <span class='ocr_line' id='line_1_9' title="bbox 923 1876 4014 1972; baseline 0 -24"><span class='ocrx_word' id='word_1_77' title='bbox 923 1877 1137 1949; x_wconf 88' lang='lat' dir='ltr'>citate</span> <span class='ocrx_word' id='word_1_78' title='bbox 1190 1881 1563 1968; x_wconf 88' lang='lat' dir='ltr'>conspecta</span> <span class='ocrx_word' id='word_1_79' title='bbox 1590 1876 1679 1968; x_wconf 75' lang='lat'>³),</span> <span class='ocrx_word' id='word_1_80' title='bbox 1740 1880 1959 1951; x_wconf 88' lang='lat' dir='ltr'>fertur</span> <span class='ocrx_word' id='word_1_81' title='bbox 2012 1882 2276 1972; x_wconf 81' lang='lat' dir='ltr'>Regem</span> <span class='ocrx_word' id='word_1_82' title='bbox 2331 1879 2578 1951; x_wconf 86' lang='lat' dir='ltr'>multis</span> <span class='ocrx_word' id='word_1_83' title='bbox 2632 1880 2988 1971; x_wconf 78' lang='lat' dir='ltr'>precibuS,</span> <span class='ocrx_word' id='word_1_84' title='bbox 3046 1879 3362 1952; x_wconf 90' lang='lat' dir='ltr'>consiliis</span> <span class='ocrx_word' id='word_1_85' title='bbox 3416 1883 3488 1951; x_wconf 89' lang='lat' dir='ltr'>et</span> <span class='ocrx_word' id='word_1_86' title='bbox 3538 1878 4014 1969; x_wconf 88' lang='lat' dir='ltr'>persuasioni-</span> 
     </span>
     <span class='ocr_line' id='line_1_10' title="bbox 922 1995 4016 2091; baseline 0 -22"><span class='ocrx_word' id='word_1_87' title='bbox 922 1997 1087 2084; x_wconf 90' lang='lat' dir='ltr'>bus,</span> <span class='ocrx_word' id='word_1_88' title='bbox 1127 1995 1309 2068; x_wconf 88' lang='lat' dir='ltr'>utin</span> <span class='ocrx_word' id='word_1_89' title='bbox 1338 1997 1774 2089; x_wconf 88' lang='lat' dir='ltr'>Hungariam</span> <span class='ocrx_word' id='word_1_90' title='bbox 1813 1999 2068 2071; x_wconf 90' lang='lat' dir='ltr'>omisso</span> <span class='ocrx_word' id='word_1_91' title='bbox 2100 2005 2382 2090; x_wconf 78' lang='lat' dir='ltr'>coeptae</span> <span class='ocrx_word' id='word_1_92' title='bbox 2413 1999 2884 2090; x_wconf 79' lang='lat' dir='ltr'>expeditionis</span> <span class='ocrx_word' id='word_1_93' title='bbox 2914 1998 3166 2071; x_wconf 90' lang='lat' dir='ltr'>itinere</span> <span class='ocrx_word' id='word_1_94' title='bbox 3211 2000 3502 2086; x_wconf 84' lang='lat' dir='ltr'>rediret,</span> <span class='ocrx_word' id='word_1_95' title='bbox 3541 2019 3862 2091; x_wconf 78' lang='lat' dir='ltr'>rogasse:</span> <span class='ocrx_word' id='word_1_96' title='bbox 3903 1999 4016 2070; x_wconf 86' lang='lat' dir='ltr'>de-</span> 
     </span>
     <span class='ocr_line' id='line_1_11' title="bbox 923 2115 4020 2211; baseline 0 -24"><span class='ocrx_word' id='word_1_97' title='bbox 923 2115 1139 2187; x_wconf 86' lang='lat' dir='ltr'>bilem</span> <span class='ocrx_word' id='word_1_98' title='bbox 1176 2115 1389 2189; x_wconf 92' lang='lat' dir='ltr'>nimis</span> <span class='ocrx_word' id='word_1_99' title='bbox 1428 2121 1498 2189; x_wconf 93' lang='lat' dir='ltr'>et</span> <span class='ocrx_word' id='word_1_100' title='bbox 1532 2138 1827 2208; x_wconf 85' lang='lat' dir='ltr'>parvum</span> <span class='ocrx_word' id='word_1_101' title='bbox 1856 2140 2142 2191; x_wconf 89' lang='lat' dir='ltr'>numero</span> <span class='ocrx_word' id='word_1_102' title='bbox 2175 2125 2246 2191; x_wconf 87' lang='lat' dir='ltr'>et</span> <span class='ocrx_word' id='word_1_103' title='bbox 2271 2119 2514 2192; x_wconf 88' lang='lat' dir='ltr'>robore</span> <span class='ocrx_word' id='word_1_104' title='bbox 2563 2119 2832 2211; x_wconf 87' lang='lat' dir='ltr'>regium</span> <span class='ocrx_word' id='word_1_105' title='bbox 2881 2119 3267 2191; x_wconf 87' lang='lat' dir='ltr'>exercitum</span> <span class='ocrx_word' id='word_1_106' title='bbox 3295 2138 3648 2205; x_wconf 89' lang='lat' dir='ltr'>asserens,</span> <span class='ocrx_word' id='word_1_107' title='bbox 3689 2138 3924 2208; x_wconf 85' lang='lat' dir='ltr'>neque</span> <span class='ocrx_word' id='word_1_108' title='bbox 3949 2116 4020 2188; x_wconf 89' lang='lat' dir='ltr'>in</span> 
     </span>
     <span class='ocr_line' id='line_1_12' title="bbox 924 2235 4018 2328; baseline 0 -21"><span class='ocrx_word' id='word_1_109' title='bbox 924 2235 1097 2307; x_wconf 91' lang='lat' dir='ltr'>belli</span> <span class='ocrx_word' id='word_1_110' title='bbox 1136 2235 1613 2309; x_wconf 89' lang='lat' dir='ltr'>adducendum</span> <span class='ocrx_word' id='word_1_111' title='bbox 1666 2237 2059 2328; x_wconf 91' lang='lat' dir='ltr'>periculum</span> <span class='ocrx_word' id='word_1_112' title='bbox 2124 2244 2196 2312; x_wconf 85' lang='lat' dir='ltr'>et</span> <span class='ocrx_word' id='word_1_113' title='bbox 2248 2239 2656 2312; x_wconf 76' lang='lat' dir='ltr'>discrimen:</span> <span class='ocrx_word' id='word_1_114' title='bbox 2715 2260 2872 2311; x_wconf 89' lang='lat' dir='ltr'>cum</span> <span class='ocrx_word' id='word_1_115' title='bbox 2926 2238 3176 2311; x_wconf 83' lang='lat' dir='ltr'>Caesar</span> <span class='ocrx_word' id='word_1_116' title='bbox 3227 2237 3606 2309; x_wconf 86' lang='lat' dir='ltr'>Turcorum</span> <span class='ocrx_word' id='word_1_117' title='bbox 3662 2240 4018 2308; x_wconf 85' lang='lat' dir='ltr'>tantarum</span> 
     </span>
     <span class='ocr_line' id='line_1_13' title="bbox 927 2353 4016 2449; baseline 0 -23"><span class='ocrx_word' id='word_1_118' title='bbox 927 2353 1282 2444; x_wconf 89' lang='lat' dir='ltr'>copiarum</span> <span class='ocrx_word' id='word_1_119' title='bbox 1335 2356 1692 2447; x_wconf 83' lang='lat' dir='ltr'>paucitate</span> <span class='ocrx_word' id='word_1_120' title='bbox 1745 2358 2153 2430; x_wconf 90' lang='lat' dir='ltr'>nullatenus</span> <span class='ocrx_word' id='word_1_121' title='bbox 2193 2357 2384 2430; x_wconf 86' lang='lat' dir='ltr'>vinci</span> <span class='ocrx_word' id='word_1_122' title='bbox 2419 2365 2690 2449; x_wconf 90' lang='lat' dir='ltr'>posset,</span> <span class='ocrx_word' id='word_1_123' title='bbox 2747 2356 2869 2449; x_wconf 86' lang='lat' dir='ltr'>qui</span> <span class='ocrx_word' id='word_1_124' title='bbox 2907 2378 3063 2429; x_wconf 90' lang='lat' dir='ltr'>cum</span> <span class='ocrx_word' id='word_1_125' title='bbox 3100 2356 3480 2429; x_wconf 91' lang='lat' dir='ltr'>maioribus</span> <span class='ocrx_word' id='word_1_126' title='bbox 3515 2356 3862 2447; x_wconf 87' lang='lat' dir='ltr'>potentiis</span> <span class='ocrx_word' id='word_1_127' title='bbox 3901 2376 4016 2427; x_wconf 74' lang='lat' dir='ltr'>ve-</span> 
     </span>
     <span class='ocr_line' id='line_1_14' title="bbox 928 2472 4016 2567; baseline 0.001 -24"><span class='ocrx_word' id='word_1_128' title='bbox 928 2472 1246 2547; x_wconf 82' lang='lat' dir='ltr'>nationes</span> <span class='ocrx_word' id='word_1_129' title='bbox 1284 2475 1588 2548; x_wconf 85' lang='lat' dir='ltr'>ferarum</span> <span class='ocrx_word' id='word_1_130' title='bbox 1629 2496 1948 2550; x_wconf 90' lang='lat' dir='ltr'>exercere</span> <span class='ocrx_word' id='word_1_131' title='bbox 1985 2477 2376 2549; x_wconf 86' lang='lat' dir='ltr'>consuevit.</span> <span class='ocrx_word' id='word_1_132' title='bbox 2433 2478 2470 2520; x_wconf 87' lang='grc'><strong>*</strong></span> <span class='ocrx_word' id='word_1_133' title='bbox 2497 2478 2589 2549; x_wconf 85' lang='lat' dir='ltr'>Et</span> <span class='ocrx_word' id='word_1_134' title='bbox 2618 2477 2682 2567; x_wconf 85' lang='lat'>⁴)</span> <span class='ocrx_word' id='word_1_135' title='bbox 2736 2476 3206 2549; x_wconf 87' lang='lat' dir='ltr'>reversionem</span> <span class='ocrx_word' id='word_1_136' title='bbox 3243 2474 3406 2563; x_wconf 88' lang='lat' dir='ltr'>tibi,</span> <span class='ocrx_word' id='word_1_137' title='bbox 3463 2475 3731 2567; x_wconf 87' lang='lat' dir='ltr'>inquit,</span> <span class='ocrx_word' id='word_1_138' title='bbox 3791 2496 3832 2546; x_wconf 94' lang='lat' dir='ltr'>o</span> <span class='ocrx_word' id='word_1_139' title='bbox 3869 2476 4016 2548; x_wconf 84' lang='lat' dir='ltr'>Rex</span> 
     </span>
     <span class='ocr_line' id='line_1_15' title="bbox 930 2592 4016 2687; baseline 0 -22"><span class='ocrx_word' id='word_1_140' title='bbox 930 2592 1231 2666; x_wconf 81' lang='lat' dir='ltr'>maxime</span> <span class='ocrx_word' id='word_1_141' title='bbox 1286 2593 1573 2682; x_wconf 82' lang='lat' dir='ltr'>suadeo,</span> <span class='ocrx_word' id='word_1_142' title='bbox 1633 2596 1754 2687; x_wconf 85' lang='lat' dir='ltr'>qui</span> <span class='ocrx_word' id='word_1_143' title='bbox 1810 2600 1889 2667; x_wconf 88' lang='lat' dir='ltr'>ut</span> <span class='ocrx_word' id='word_1_144' title='bbox 1942 2616 2080 2668; x_wconf 90' lang='lat' dir='ltr'>non</span> <span class='ocrx_word' id='word_1_145' title='bbox 2128 2596 2438 2669; x_wconf 79' lang='lat' dir='ltr'>omnium</span> <span class='ocrx_word' id='word_1_146' title='bbox 2476 2617 2706 2670; x_wconf 92' lang='lat' dir='ltr'>rerum</span> <span class='ocrx_word' id='word_1_147' title='bbox 2741 2594 3216 2687; x_wconf 89' lang='lat' dir='ltr'>peritissimus</span> <span class='ocrx_word' id='word_1_148' title='bbox 3254 2616 3439 2684; x_wconf 93' lang='lat' dir='ltr'>sum,</span> <span class='ocrx_word' id='word_1_149' title='bbox 3495 2596 3880 2668; x_wconf 86' lang='lat' dir='ltr'>Turcorum</span> <span class='ocrx_word' id='word_1_150' title='bbox 3917 2602 4016 2666; x_wconf 84' lang='lat' dir='ltr'>ta-</span> 
     </span>
     <span class='ocr_line' id='line_1_16' title="bbox 932 2713 4015 2808; baseline 0.001 -24"><span class='ocrx_word' id='word_1_151' title='bbox 932 2733 1088 2785; x_wconf 92' lang='lat' dir='ltr'>men</span> <span class='ocrx_word' id='word_1_152' title='bbox 1140 2713 1527 2803; x_wconf 88' lang='lat' dir='ltr'>potentiam</span> <span class='ocrx_word' id='word_1_153' title='bbox 1582 2719 1651 2787; x_wconf 91' lang='lat' dir='ltr'>et</span> <span class='ocrx_word' id='word_1_154' title='bbox 1704 2715 1891 2788; x_wconf 87' lang='lat' dir='ltr'>vires</span> <span class='ocrx_word' id='word_1_155' title='bbox 1946 2716 2031 2789; x_wconf 90' lang='lat' dir='ltr'>ab</span> <span class='ocrx_word' id='word_1_156' title='bbox 2087 2722 2378 2808; x_wconf 87' lang='lat' dir='ltr'>experto</span> <span class='ocrx_word' id='word_1_157' title='bbox 2434 2716 2677 2805; x_wconf 89' lang='lat' dir='ltr'>didici,</span> <span class='ocrx_word' id='word_1_158' title='bbox 2736 2718 3266 2808; x_wconf 75' lang='lat' dir='ltr'>Imperatorem,</span> <span class='ocrx_word' id='word_1_159' title='bbox 3333 2735 3536 2807; x_wconf 89' lang='lat' dir='ltr'>quem</span> <span class='ocrx_word' id='word_1_160' title='bbox 3591 2734 3752 2787; x_wconf 91' lang='lat' dir='ltr'>cum</span> <span class='ocrx_word' id='word_1_161' title='bbox 3809 2714 4015 2786; x_wconf 90' lang='lat' dir='ltr'>maio-</span> 
     </span>
     <span class='ocr_line' id='line_1_17' title="bbox 930 2832 4014 2928; baseline 0.001 -25"><span class='ocrx_word' id='word_1_162' title='bbox 930 2832 1127 2905; x_wconf 88' lang='lat' dir='ltr'>ribus</span> <span class='ocrx_word' id='word_1_163' title='bbox 1182 2832 1403 2924; x_wconf 88' lang='lat' dir='ltr'>copiis</span> <span class='ocrx_word' id='word_1_164' title='bbox 1457 2838 1789 2907; x_wconf 82' lang='lat' dir='ltr'>venatum</span> <span class='ocrx_word' id='word_1_165' title='bbox 1836 2834 1937 2909; x_wconf 92' lang='lat' dir='ltr'>ire</span> <span class='ocrx_word' id='word_1_166' title='bbox 1972 2836 2152 2925; x_wconf 83' lang='lat' dir='ltr'>vidi,</span> <span class='ocrx_word' id='word_1_167' title='bbox 2213 2856 2421 2928; x_wconf 89' lang='lat' dir='ltr'>quam</span> <span class='ocrx_word' id='word_1_168' title='bbox 2460 2840 2540 2908; x_wconf 93' lang='lat' dir='ltr'>tu</span> <span class='ocrx_word' id='word_1_169' title='bbox 2577 2836 2913 2908; x_wconf 77' lang='lat' dir='ltr'>adversus</span> <span class='ocrx_word' id='word_1_170' title='bbox 2949 2835 3156 2907; x_wconf 91' lang='lat' dir='ltr'>illum</span> <span class='ocrx_word' id='word_1_171' title='bbox 3193 2834 3269 2907; x_wconf 92' lang='lat' dir='ltr'>in</span> <span class='ocrx_word' id='word_1_172' title='bbox 3302 2834 3591 2908; x_wconf 88' lang='lat' dir='ltr'>bellum.</span> <span class='ocrx_word' id='word_1_173' title='bbox 3647 2835 3746 2906; x_wconf 89' lang='lat' dir='ltr'>Et</span> <span class='ocrx_word' id='word_1_174' title='bbox 3781 2856 4014 2926; x_wconf 85' lang='lat' dir='ltr'>quam·</span> 
     </span>
     <span class='ocr_line' id='line_1_18' title="bbox 933 2950 4018 3047; baseline 0.001 -26"><span class='ocrx_word' id='word_1_175' title='bbox 933 2950 1044 3023; x_wconf 87' lang='lat' dir='ltr'>vis</span> <span class='ocrx_word' id='word_1_176' title='bbox 1100 2951 1175 3024; x_wconf 92' lang='lat' dir='ltr'>in</span> <span class='ocrx_word' id='word_1_177' title='bbox 1227 2953 1531 3025; x_wconf 91' lang='lat' dir='ltr'>reditum</span> <span class='ocrx_word' id='word_1_178' title='bbox 1586 2955 1957 3029; x_wconf 88' lang='lat' dir='ltr'>consilium</span> <span class='ocrx_word' id='word_1_179' title='bbox 2012 2957 2204 3043; x_wconf 89' lang='lat' dir='ltr'>dedi,</span> <span class='ocrx_word' id='word_1_180' title='bbox 2265 2956 2328 3029; x_wconf 92' lang='lat' dir='ltr'>si</span> <span class='ocrx_word' id='word_1_181' title='bbox 2383 2961 2616 3029; x_wconf 88' lang='lat' dir='ltr'>tamen</span> <span class='ocrx_word' id='word_1_182' title='bbox 2670 2956 2744 3028; x_wconf 90' lang='lat' dir='ltr'>in</span> <span class='ocrx_word' id='word_1_183' title='bbox 2797 2956 3064 3030; x_wconf 91' lang='lat' dir='ltr'>bellum</span> <span class='ocrx_word' id='word_1_184' title='bbox 3116 2956 3218 3029; x_wconf 87' lang='lat' dir='ltr'>ire</span> <span class='ocrx_word' id='word_1_185' title='bbox 3269 2954 3536 3047; x_wconf 78' lang='lat' dir='ltr'>pergis,</span> <span class='ocrx_word' id='word_1_186' title='bbox 3593 2954 3824 3026; x_wconf 90' lang='lat' dir='ltr'>filium</span> <span class='ocrx_word' id='word_1_187' title='bbox 3871 2976 4018 3027; x_wconf 86' lang='lat' dir='ltr'>oum</span> 
     </span>
     <span class='ocr_line' id='line_1_19' title="bbox 934 3070 4020 3167; baseline 0 -25"><span class='ocrx_word' id='word_1_188' title='bbox 934 3070 1262 3163; x_wconf 89' lang='lat' dir='ltr'>gentibus</span> <span class='ocrx_word' id='word_1_189' title='bbox 1319 3072 1641 3146; x_wconf 90' lang='lat' dir='ltr'>omnibus</span> <span class='ocrx_word' id='word_1_190' title='bbox 1696 3074 1869 3149; x_wconf 92' lang='lat' dir='ltr'>meis</span> <span class='ocrx_word' id='word_1_191' title='bbox 1925 3075 2266 3149; x_wconf 88' lang='lat' dir='ltr'>mittendo</span> <span class='ocrx_word' id='word_1_192' title='bbox 2323 3080 2584 3165; x_wconf 87' lang='lat' dir='ltr'>tecum,</span> <span class='ocrx_word' id='word_1_193' title='bbox 2639 3096 2768 3149; x_wconf 87' lang='lat' dir='ltr'>nec</span> <span class='ocrx_word' id='word_1_194' title='bbox 2803 3076 3115 3163; x_wconf 88' lang='lat' dir='ltr'>infidele,</span> <span class='ocrx_word' id='word_1_195' title='bbox 3171 3095 3394 3167; x_wconf 89' lang='lat' dir='ltr'>neque</span> <span class='ocrx_word' id='word_1_196' title='bbox 3442 3093 3654 3166; x_wconf 89' lang='lat' dir='ltr'>segne</span> <span class='ocrx_word' id='word_1_197' title='bbox 3693 3072 4020 3147; x_wconf 88' lang='lat' dir='ltr'>solatium</span> 
     </span>
     <span class='ocr_line' id='line_1_20' title="bbox 934 3191 4020 3288; baseline 0.001 -27"><span class='ocrx_word' id='word_1_198' title='bbox 934 3191 1337 3281; x_wconf 80' lang='lat' dir='ltr'>praestabo,</span> <span class='ocrx_word' id='word_1_199' title='bbox 1393 3197 1767 3285; x_wconf 86' lang='lat' dir='ltr'>rogaturus</span> <span class='ocrx_word' id='word_1_200' title='bbox 1824 3195 2159 3288; x_wconf 88' lang='lat' dir='ltr'>Superos,</span> <span class='ocrx_word' id='word_1_201' title='bbox 2218 3200 2298 3268; x_wconf 91' lang='lat' dir='ltr'>ut</span> <span class='ocrx_word' id='word_1_202' title='bbox 2351 3200 2554 3267; x_wconf 89' lang='lat' dir='ltr'>tuum</span> <span class='ocrx_word' id='word_1_203' title='bbox 2588 3194 2968 3267; x_wconf 87' lang='lat' dir='ltr'>transitum</span> <span class='ocrx_word' id='word_1_204' title='bbox 3006 3194 3372 3268; x_wconf 88' lang='lat' dir='ltr'>felicitent.</span> <span class='ocrx_word' id='word_1_205' title='bbox 3430 3192 3742 3265; x_wconf 86' lang='lat' dir='ltr'>Praebeo</span> <span class='ocrx_word' id='word_1_206' title='bbox 3778 3192 4020 3265; x_wconf 86' lang='lat' dir='ltr'>deinde</span> 
     </span>
     <span class='ocr_line' id='line_1_21' title="bbox 938 3309 4020 3407; baseline 0 -26"><span class='ocrx_word' id='word_1_207' title='bbox 938 3309 1072 3382; x_wconf 91' lang='lat' dir='ltr'>tibi</span> <span class='ocrx_word' id='word_1_208' title='bbox 1126 3311 1214 3381; x_wconf 90' lang='lat' dir='ltr'>ad</span> <span class='ocrx_word' id='word_1_209' title='bbox 1268 3332 1539 3385; x_wconf 92' lang='lat' dir='ltr'>omnem</span> <span class='ocrx_word' id='word_1_210' title='bbox 1594 3334 1833 3387; x_wconf 88' lang='lat' dir='ltr'>casum</span> <span class='ocrx_word' id='word_1_211' title='bbox 1908 3316 2081 3388; x_wconf 92' lang='lat' dir='ltr'>duos</span> <span class='ocrx_word' id='word_1_212' title='bbox 2152 3316 2636 3389; x_wconf 83' lang='lat' dir='ltr'>velocissimos</span> <span class='ocrx_word' id='word_1_213' title='bbox 2701 3336 2947 3407; x_wconf 78' lang='lat' dir='ltr'>equoS,</span> <span class='ocrx_word' id='word_1_214' title='bbox 3021 3314 3336 3405; x_wconf 88' lang='lat' dir='ltr'>duosque</span> <span class='ocrx_word' id='word_1_215' title='bbox 3396 3313 3708 3385; x_wconf 86' lang='lat' dir='ltr'>locorum</span> <span class='ocrx_word' id='word_1_216' title='bbox 3763 3311 4020 3403; x_wconf 84' lang='lat' dir='ltr'>peritos</span> 
     </span>
     <span class='ocr_line' id='line_1_22' title="bbox 936 3428 4016 3526; baseline 0 -26"><span class='ocrx_word' id='word_1_217' title='bbox 936 3428 1284 3519; x_wconf 80' lang='lat' dir='ltr'>homineS,</span> <span class='ocrx_word' id='word_1_218' title='bbox 1342 3431 1405 3503; x_wconf 88' lang='lat' dir='ltr'>si</span> <span class='ocrx_word' id='word_1_219' title='bbox 1460 3433 1629 3524; x_wconf 91' lang='lat' dir='ltr'>quid</span> <span class='ocrx_word' id='word_1_220' title='bbox 1684 3435 1961 3508; x_wconf 86' lang='lat' dir='ltr'>adversi</span> <span class='ocrx_word' id='word_1_221' title='bbox 2016 3436 2379 3523; x_wconf 87' lang='lat' dir='ltr'>acciderit,</span> <span class='ocrx_word' id='word_1_222' title='bbox 2439 3455 2526 3508; x_wconf 87' lang='lat' dir='ltr'>ex</span> <span class='ocrx_word' id='word_1_223' title='bbox 2583 3434 2768 3507; x_wconf 92' lang='lat' dir='ltr'>omni</span> <span class='ocrx_word' id='word_1_224' title='bbox 2823 3440 2895 3507; x_wconf 93' lang='lat' dir='ltr'>te</span> <span class='ocrx_word' id='word_1_225' title='bbox 2947 3433 3260 3526; x_wconf 88' lang='lat' dir='ltr'>periculo</span> <span class='ocrx_word' id='word_1_226' title='bbox 3314 3435 3698 3523; x_wconf 79' lang='lat' dir='ltr'>erepturoS.</span> <span class='ocrx_word' id='word_1_227' title='bbox 3755 3430 4016 3503; x_wconf 83' lang='lat' dir='ltr'>Lauda-</span> 
     </span>
     <span class='ocr_line' id='line_1_23' title="bbox 940 3548 4016 3645; baseline 0.001 -25"><span class='ocrx_word' id='word_1_228' title='bbox 940 3548 1047 3621; x_wconf 76' lang='lat' dir='ltr'>vit</span> <span class='ocrx_word' id='word_1_229' title='bbox 1099 3550 1322 3643; x_wconf 90' lang='lat' dir='ltr'>magis</span> <span class='ocrx_word' id='word_1_230' title='bbox 1378 3553 1532 3624; x_wconf 86' lang='lat' dir='ltr'>Rex</span> <span class='ocrx_word' id='word_1_231' title='bbox 1588 3552 1659 3625; x_wconf 90' lang='lat' dir='ltr'>in</span> <span class='ocrx_word' id='word_1_232' title='bbox 1715 3555 2113 3645; x_wconf 87' lang='lat' dir='ltr'>praesentia</span> <span class='ocrx_word' id='word_1_233' title='bbox 2167 3576 2296 3628; x_wconf 89' lang='lat' dir='ltr'>sua</span> <span class='ocrx_word' id='word_1_234' title='bbox 2349 3554 2719 3627; x_wconf 88' lang='lat' dir='ltr'>consilium</span> <span class='ocrx_word' id='word_1_235' title='bbox 2777 3575 2982 3627; x_wconf 90' lang='lat' dir='ltr'>suum</span> <span class='ocrx_word' id='word_1_236' title='bbox 3035 3556 3108 3626; x_wconf 90' lang='lat' dir='ltr'>et</span> <span class='ocrx_word' id='word_1_237' title='bbox 3161 3552 3380 3625; x_wconf 87' lang='lat' dir='ltr'>amico</span> <span class='ocrx_word' id='word_1_238' title='bbox 3435 3551 3668 3624; x_wconf 87' lang='lat' dir='ltr'>animo</span> <span class='ocrx_word' id='word_1_239' title='bbox 3707 3572 3836 3623; x_wconf 90' lang='lat' dir='ltr'>suo</span> <span class='ocrx_word' id='word_1_240' title='bbox 3869 3570 4016 3643; x_wconf 80' lang='lat' dir='ltr'>gra-</span> 
     </span>
     <span class='ocr_line' id='line_1_24' title="bbox 938 3668 4020 3763; baseline 0 -23"><span class='ocrx_word' id='word_1_241' title='bbox 938 3668 1079 3741; x_wconf 89' lang='lat' dir='ltr'>tias</span> <span class='ocrx_word' id='word_1_242' title='bbox 1135 3670 1312 3762; x_wconf 87' lang='lat' dir='ltr'>egit,</span> <span class='ocrx_word' id='word_1_243' title='bbox 1353 3692 1562 3761; x_wconf 90' lang='lat' dir='ltr'>quam</span> <span class='ocrx_word' id='word_1_244' title='bbox 1600 3675 1784 3763; x_wconf 90' lang='lat' dir='ltr'>quod</span> <span class='ocrx_word' id='word_1_245' title='bbox 1821 3674 2123 3747; x_wconf 89' lang='lat' dir='ltr'>fideliter</span> <span class='ocrx_word' id='word_1_246' title='bbox 2160 3674 2529 3763; x_wconf 87' lang='lat' dir='ltr'>suadebat,</span> <span class='ocrx_word' id='word_1_247' title='bbox 2586 3673 2836 3746; x_wconf 85' lang='lat' dir='ltr'>effectu</span> <span class='ocrx_word' id='word_1_248' title='bbox 2875 3678 3234 3747; x_wconf 86' lang='lat' dir='ltr'>executus.</span> <span class='ocrx_word' id='word_1_249' title='bbox 3289 3670 3502 3745; x_wconf 83' lang='lat' dir='ltr'>Cuius</span> <span class='ocrx_word' id='word_1_250' title='bbox 3541 3676 3798 3763; x_wconf 89' lang='lat' dir='ltr'>expost</span> <span class='ocrx_word' id='word_1_251' title='bbox 3832 3670 4020 3741; x_wconf 84' lang='lat' dir='ltr'>clade</span> 
     </span>
     <span class='ocr_line' id='line_1_25' title="bbox 942 3790 4018 3886; baseline -0 -25"><span class='ocrx_word' id='word_1_252' title='bbox 942 3794 1213 3877; x_wconf 89' lang='lat' dir='ltr'>secuta,</span> <span class='ocrx_word' id='word_1_253' title='bbox 1287 3812 1425 3863; x_wconf 90' lang='lat' dir='ltr'>non</span> <span class='ocrx_word' id='word_1_254' title='bbox 1479 3796 1562 3863; x_wconf 88' lang='lat' dir='ltr'>ut</span> <span class='ocrx_word' id='word_1_255' title='bbox 1614 3792 1754 3866; x_wconf 83' lang='lat' dir='ltr'>viri</span> <span class='ocrx_word' id='word_1_256' title='bbox 1806 3794 2202 3884; x_wconf 89' lang='lat' dir='ltr'>prudentis,</span> <span class='ocrx_word' id='word_1_257' title='bbox 2273 3795 2394 3867; x_wconf 90' lang='lat' dir='ltr'>sed</span> <span class='ocrx_word' id='word_1_258' title='bbox 2446 3815 2660 3886; x_wconf 89' lang='lat' dir='ltr'>prope</span> <span class='ocrx_word' id='word_1_259' title='bbox 2713 3793 2899 3866; x_wconf 87' lang='lat' dir='ltr'>vatis</span> <span class='ocrx_word' id='word_1_260' title='bbox 2962 3792 3305 3880; x_wconf 91' lang='lat' dir='ltr'>omnium,</span> <span class='ocrx_word' id='word_1_261' title='bbox 3373 3811 3552 3883; x_wconf 90' lang='lat' dir='ltr'>quae</span> <span class='ocrx_word' id='word_1_262' title='bbox 3605 3790 4018 3875; x_wconf 80' lang='lat' dir='ltr'>evenissent,</span> 
     </span>
     <span class='ocr_line' id='line_1_26' title="bbox 942 3910 4016 4002; baseline -0 -20"><span class='ocrx_word' id='word_1_263' title='bbox 942 3910 1421 3984; x_wconf 87' lang='lat' dir='ltr'>admirabatur</span> <span class='ocrx_word' id='word_1_264' title='bbox 1474 3912 1790 3986; x_wconf 88' lang='lat' dir='ltr'>solertia:</span> <span class='ocrx_word' id='word_1_265' title='bbox 1846 3934 2029 3985; x_wconf 90' lang='lat' dir='ltr'>unus</span> <span class='ocrx_word' id='word_1_266' title='bbox 2086 3915 2280 3987; x_wconf 90' lang='lat' dir='ltr'>solus</span> <span class='ocrx_word' id='word_1_267' title='bbox 2335 3935 2502 3987; x_wconf 85' lang='lat' dir='ltr'>vera</span> <span class='ocrx_word' id='word_1_268' title='bbox 2555 3913 2854 3986; x_wconf 91' lang='lat' dir='ltr'>fideliter</span> <span class='ocrx_word' id='word_1_269' title='bbox 2907 3934 3121 3985; x_wconf 88' lang='lat' dir='ltr'>ausus</span> <span class='ocrx_word' id='word_1_270' title='bbox 3173 3911 3588 4002; x_wconf 85' lang='lat' dir='ltr'>praedicere.</span> <span class='ocrx_word' id='word_1_271' title='bbox 3617 3913 3658 3953; x_wconf 88' lang='lat'><strong>*</strong></span> <span class='ocrx_word' id='word_1_272' title='bbox 3721 3910 3858 3983; x_wconf 90' lang='lat' dir='ltr'>Sed</span> <span class='ocrx_word' id='word_1_273' title='bbox 3910 3930 4016 3981; x_wconf 85' lang='lat' dir='ltr'>su-</span> 
     </span>
     <span class='ocr_line' id='line_1_27' title="bbox 942 4028 4018 4121; baseline -0.001 -20"><span class='ocrx_word' id='word_1_274' title='bbox 942 4029 1237 4120; x_wconf 87' lang='lat' dir='ltr'>perioris</span> <span class='ocrx_word' id='word_1_275' title='bbox 1294 4031 1459 4103; x_wconf 90' lang='lat' dir='ltr'>anni</span> <span class='ocrx_word' id='word_1_276' title='bbox 1514 4032 1792 4104; x_wconf 87' lang='lat' dir='ltr'>fortuna</span> <span class='ocrx_word' id='word_1_277' title='bbox 1828 4037 1899 4105; x_wconf 92' lang='lat' dir='ltr'>et</span> <span class='ocrx_word' id='word_1_278' title='bbox 1935 4032 2282 4105; x_wconf 89' lang='lat' dir='ltr'>certitudo</span> <span class='ocrx_word' id='word_1_279' title='bbox 2321 4032 2564 4107; x_wconf 89' lang='lat' dir='ltr'>habita</span> <span class='ocrx_word' id='word_1_280' title='bbox 2601 4033 2684 4105; x_wconf 93' lang='lat' dir='ltr'>de</span> <span class='ocrx_word' id='word_1_281' title='bbox 2721 4032 3073 4105; x_wconf 89' lang='lat' dir='ltr'>maritima</span> <span class='ocrx_word' id='word_1_282' title='bbox 3117 4032 3344 4104; x_wconf 89' lang='lat' dir='ltr'>classe</span> <span class='ocrx_word' id='word_1_283' title='bbox 3377 4029 3822 4121; x_wconf 86' lang='lat' dir='ltr'>prohibitura</span> <span class='ocrx_word' id='word_1_284' title='bbox 3855 4028 4018 4099; x_wconf 83' lang='lat' dir='ltr'>&#39;Iur-</span> 
     </span>
     <span class='ocr_line' id='line_1_28' title="bbox 944 4149 4018 4244; baseline -0.001 -24"><span class='ocrx_word' id='word_1_285' title='bbox 944 4169 1183 4220; x_wconf 90' lang='lat' dir='ltr'>corum</span> <span class='ocrx_word' id='word_1_286' title='bbox 1237 4149 1320 4221; x_wconf 95' lang='lat' dir='ltr'>de</span> <span class='ocrx_word' id='word_1_287' title='bbox 1372 4149 1659 4222; x_wconf 89' lang='lat' dir='ltr'>Natolia</span> <span class='ocrx_word' id='word_1_288' title='bbox 1712 4151 1786 4223; x_wconf 90' lang='lat' dir='ltr'>in</span> <span class='ocrx_word' id='word_1_289' title='bbox 1840 4152 2190 4244; x_wconf 88' lang='lat' dir='ltr'>Europam</span> <span class='ocrx_word' id='word_1_290' title='bbox 2247 4152 2656 4241; x_wconf 88' lang='lat' dir='ltr'>transitum,</span> <span class='ocrx_word' id='word_1_291' title='bbox 2714 4156 2784 4224; x_wconf 92' lang='lat' dir='ltr'>et</span> <span class='ocrx_word' id='word_1_292' title='bbox 2836 4152 3008 4223; x_wconf 89' lang='lat' dir='ltr'>haec</span> <span class='ocrx_word' id='word_1_293' title='bbox 3063 4155 3132 4223; x_wconf 91' lang='lat' dir='ltr'>et</span> <span class='ocrx_word' id='word_1_294' title='bbox 3183 4151 3390 4241; x_wconf 89' lang='lat' dir='ltr'>plura</span> <span class='ocrx_word' id='word_1_295' title='bbox 3451 4149 3594 4222; x_wconf 89' lang='lat' dir='ltr'>alia</span> <span class='ocrx_word' id='word_1_296' title='bbox 3649 4169 3820 4221; x_wconf 87' lang='lat' dir='ltr'>sana</span> <span class='ocrx_word' id='word_1_297' title='bbox 3869 4168 4018 4219; x_wconf 90' lang='lat' dir='ltr'>con-</span> 
     </span>
     <span class='ocr_line' id='line_1_29' title="bbox 946 4267 4014 4361; baseline 0 -23"><span class='ocrx_word' id='word_1_298' title='bbox 946 4267 1110 4339; x_wconf 90' lang='lat' dir='ltr'>silia</span> <span class='ocrx_word' id='word_1_299' title='bbox 1160 4268 1603 4360; x_wconf 88' lang='lat' dir='ltr'>repudiabat,</span> <span class='ocrx_word' id='word_1_300' title='bbox 1661 4271 1981 4361; x_wconf 84' lang='lat' dir='ltr'>quamvis</span> <span class='ocrx_word' id='word_1_301' title='bbox 2036 4273 2178 4345; x_wconf 87' lang='lat' dir='ltr'>fere</span> <span class='ocrx_word' id='word_1_302' title='bbox 2233 4272 2552 4344; x_wconf 90' lang='lat' dir='ltr'>omuibus</span> <span class='ocrx_word' id='word_1_303' title='bbox 2607 4270 3033 4345; x_wconf 89' lang='lat' dir='ltr'>consiliariis</span> <span class='ocrx_word' id='word_1_304' title='bbox 3088 4268 3496 4361; x_wconf 80' lang='lat' dir='ltr'>Hungariae’</span> <span class='ocrx_word' id='word_1_305' title='bbox 3541 4267 3864 4359; x_wconf 85' lang='lat' dir='ltr'>placebat</span> <span class='ocrx_word' id='word_1_306' title='bbox 3919 4286 4014 4338; x_wconf 87' lang='lat' dir='ltr'>re-</span> 
     </span>
     <span class='ocr_line' id='line_1_30' title="bbox 945 4386 4021 4482; baseline -0.002 -21"><span class='ocrx_word' id='word_1_307' title='bbox 945 4388 1150 4461; x_wconf 82' lang='lat' dir='ltr'>verti.</span> <span class='ocrx_word' id='word_1_308' title='bbox 1209 4388 1590 4479; x_wconf 89' lang='lat' dir='ltr'>Postquam</span> <span class='ocrx_word' id='word_1_309' title='bbox 1629 4390 1869 4482; x_wconf 88' lang='lat' dir='ltr'>itaque</span> <span class='ocrx_word' id='word_1_310' title='bbox 1912 4391 2119 4464; x_wconf 86' lang='lat' dir='ltr'>Wlad</span> <span class='ocrx_word' id='word_1_311' title='bbox 2150 4391 2212 4479; x_wconf 86' lang='grc'>5)</span> <span class='ocrx_word' id='word_1_312' title='bbox 2267 4391 2783 4482; x_wconf 90' lang='lat' dir='ltr'>multiplicibus</span> <span class='ocrx_word' id='word_1_313' title='bbox 2821 4389 3276 4462; x_wconf 82' lang='lat' dir='ltr'>avisamentis</span> <span class='ocrx_word' id='word_1_314' title='bbox 3313 4394 3382 4461; x_wconf 92' lang='lat' dir='ltr'>et</span> <span class='ocrx_word' id='word_1_315' title='bbox 3419 4386 3738 4460; x_wconf 89' lang='lat' dir='ltr'>consiliis</span> <span class='ocrx_word' id='word_1_316' title='bbox 3773 4386 4021 4477; x_wconf 89' lang='lat' dir='ltr'>Regem</span> 
     </span>
     <span class='ocr_line' id='line_1_31' title="bbox 948 4504 4015 4605; baseline -0.001 -26"><span class='ocrx_word' id='word_1_317' title='bbox 948 4530 989 4579; x_wconf 93' lang='lat' dir='ltr'>a</span> <span class='ocrx_word' id='word_1_318' title='bbox 1041 4508 1526 4599; x_wconf 89' lang='lat' dir='ltr'>prosecutione</span> <span class='ocrx_word' id='word_1_319' title='bbox 1554 4508 1617 4598; x_wconf 77' lang='lat'>⁶)</span> <span class='ocrx_word' id='word_1_320' title='bbox 1672 4514 1985 4584; x_wconf 82' lang='lat' dir='ltr'>avertere</span> <span class='ocrx_word' id='word_1_321' title='bbox 2040 4532 2476 4603; x_wconf 89' lang='lat' dir='ltr'>nequaquam</span> <span class='ocrx_word' id='word_1_322' title='bbox 2531 4510 2797 4601; x_wconf 92' lang='lat' dir='ltr'>potuit,</span> <span class='ocrx_word' id='word_1_323' title='bbox 2856 4510 2940 4584; x_wconf 94' lang='lat' dir='ltr'>de</span> <span class='ocrx_word' id='word_1_324' title='bbox 2994 4514 3295 4601; x_wconf 87' lang='lat' dir='ltr'>quatuor</span> <span class='ocrx_word' id='word_1_325' title='bbox 3331 4506 3650 4579; x_wconf 89' lang='lat' dir='ltr'>millibus</span> <span class='ocrx_word' id='word_1_326' title='bbox 3689 4504 4015 4605; x_wconf 76' lang='lat' dir='ltr'>Valaqho-</span> 
     </span>
     <span class='ocr_line' id='line_1_32' title="bbox 947 4624 4018 4721; baseline -0.001 -24"><span class='ocrx_word' id='word_1_327' title='bbox 947 4649 1135 4715; x_wconf 90' lang='lat' dir='ltr'>rum,</span> <span class='ocrx_word' id='word_1_328' title='bbox 1194 4627 1449 4720; x_wconf 89' lang='lat' dir='ltr'>quibus</span> <span class='ocrx_word' id='word_1_329' title='bbox 1506 4634 1575 4701; x_wconf 92' lang='lat' dir='ltr'>et</span> <span class='ocrx_word' id='word_1_330' title='bbox 1628 4630 1855 4701; x_wconf 88' lang='lat' dir='ltr'>filium</span> <span class='ocrx_word' id='word_1_331' title='bbox 1907 4652 2031 4721; x_wconf 90' lang='lat' dir='ltr'>pro</span> <span class='ocrx_word' id='word_1_332' title='bbox 2088 4632 2280 4703; x_wconf 92' lang='lat' dir='ltr'>Duce</span> <span class='ocrx_word' id='word_1_333' title='bbox 2337 4636 2405 4703; x_wconf 92' lang='lat' dir='ltr'>et</span> <span class='ocrx_word' id='word_1_334' title='bbox 2459 4630 2821 4721; x_wconf 88' lang='lat' dir='ltr'>capitaneo</span> <span class='ocrx_word' id='word_1_335' title='bbox 2878 4628 3325 4715; x_wconf 86' lang='lat' dir='ltr'>adiunxerat,</span> <span class='ocrx_word' id='word_1_336' title='bbox 3382 4624 3616 4719; x_wconf 88' lang='lat' dir='ltr'>pacati</span> <span class='ocrx_word' id='word_1_337' title='bbox 3671 4630 3744 4697; x_wconf 91' lang='lat' dir='ltr'>et</span> <span class='ocrx_word' id='word_1_338' title='bbox 3794 4644 4018 4697; x_wconf 89' lang='lat' dir='ltr'>recon-</span> 
     </span>
     <span class='ocr_line' id='line_1_33' title="bbox 950 4743 4020 4841; baseline -0.002 -22"><span class='ocrx_word' id='word_1_339' title='bbox 950 4746 1178 4819; x_wconf 89' lang='lat' dir='ltr'>ciliati</span> <span class='ocrx_word' id='word_1_340' title='bbox 1233 4747 1371 4820; x_wconf 88' lang='lat' dir='ltr'>sibi</span> <span class='ocrx_word' id='word_1_341' title='bbox 1424 4749 1637 4841; x_wconf 88' lang='lat' dir='ltr'>Regis</span> <span class='ocrx_word' id='word_1_342' title='bbox 1693 4749 1896 4821; x_wconf 90' lang='lat' dir='ltr'>auxit</span> <span class='ocrx_word' id='word_1_343' title='bbox 1950 4750 2368 4835; x_wconf 86' lang='lat' dir='ltr'>exercitum,</span> <span class='ocrx_word' id='word_1_344' title='bbox 2427 4748 2549 4841; x_wconf 87' lang='lat' dir='ltr'>qui</span> <span class='ocrx_word' id='word_1_345' title='bbox 2605 4748 2667 4821; x_wconf 92' lang='lat' dir='ltr'>si</span> <span class='ocrx_word' id='word_1_346' title='bbox 2704 4771 2944 4823; x_wconf 84' lang='lat' dir='ltr'>verum</span> <span class='ocrx_word' id='word_1_347' title='bbox 2982 4748 3187 4821; x_wconf 87' lang='lat' dir='ltr'>fateri</span> <span class='ocrx_word' id='word_1_348' title='bbox 3222 4748 3420 4837; x_wconf 87' lang='lat' dir='ltr'>lieet,</span> <span class='ocrx_word' id='word_1_349' title='bbox 3477 4744 3876 4837; x_wconf 89' lang='lat' dir='ltr'>quindecim</span> <span class='ocrx_word' id='word_1_350' title='bbox 3909 4743 4020 4814; x_wconf 80' lang='lat' dir='ltr'>vix</span> 
     </span>
     <span class='ocr_line' id='line_1_34' title="bbox 952 4863 4014 4959; baseline -0.002 -20"><span class='ocrx_word' id='word_1_351' title='bbox 952 4865 1269 4939; x_wconf 88' lang='lat' dir='ltr'>millibus</span> <span class='ocrx_word' id='word_1_352' title='bbox 1326 4868 1640 4959; x_wconf 88' lang='lat' dir='ltr'>equitum</span> <span class='ocrx_word' id='word_1_353' title='bbox 1694 4870 2009 4942; x_wconf 91' lang='lat' dir='ltr'>munitus</span> <span class='ocrx_word' id='word_1_354' title='bbox 2064 4875 2245 4959; x_wconf 90' lang='lat' dir='ltr'>erat,</span> <span class='ocrx_word' id='word_1_355' title='bbox 2302 4891 2547 4943; x_wconf 88' lang='lat' dir='ltr'>currus</span> <span class='ocrx_word' id='word_1_356' title='bbox 2603 4890 2768 4942; x_wconf 86' lang='lat' dir='ltr'>vero</span> <span class='ocrx_word' id='word_1_357' title='bbox 2824 4870 3115 4942; x_wconf 88' lang='lat' dir='ltr'>aderant</span> <span class='ocrx_word' id='word_1_358' title='bbox 3166 4868 3357 4941; x_wconf 89' lang='lat' dir='ltr'>ultra</span> <span class='ocrx_word' id='word_1_359' title='bbox 3411 4885 3619 4958; x_wconf 87' lang='lat' dir='ltr'>quam</span> <span class='ocrx_word' id='word_1_360' title='bbox 3663 4864 3776 4938; x_wconf 88' lang='lat' dir='ltr'>bis</span> <span class='ocrx_word' id='word_1_361' title='bbox 3813 4863 4014 4947; x_wconf 84' lang='lat' dir='ltr'>mille,</span> 
     </span>
    </p>
   </div>
   <div class='ocr_carea' id='block_1_4' title="bbox 953 5146 4022 5446">
    <p class='ocr_par' dir='ltr' id='par_1_4' title="bbox 953 5146 4022 5446">
     <span class='ocr_line' id='line_1_35' title="bbox 1168 5146 4022 5241; baseline -0.004 -19"><span class='ocrx_word' id='word_1_362' title='bbox 1168 5158 1219 5238; x_wconf 88' lang='lat'>¹)</span> <span class='ocrx_word' id='word_1_363' title='bbox 1264 5161 1627 5222; x_wconf 83' lang='lat' dir='ltr'>Wladislaus</span> <span class='ocrx_word' id='word_1_364' title='bbox 1676 5156 1829 5223; x_wconf 71' lang='lat' dir='ltr'>(lod.</span> <span class='ocrx_word' id='word_1_365' title='bbox 1879 5158 2011 5223; x_wconf 68' lang='lat' dir='ltr'>Lis.</span> <span class='ocrx_word' id='word_1_366' title='bbox 2060 5159 2109 5235; x_wconf 85' lang='lat'>²)</span> <span class='ocrx_word' id='word_1_367' title='bbox 2153 5161 2338 5236; x_wconf 88' lang='lat' dir='ltr'>Regis</span> <span class='ocrx_word' id='word_1_368' title='bbox 2382 5146 2510 5220; x_wconf 65' lang='lat' dir='ltr'>Ed.</span> <span class='ocrx_word' id='word_1_369' title='bbox 2556 5156 2738 5241; x_wconf 76' lang='lat' dir='ltr'>Lips.</span> <span class='ocrx_word' id='word_1_370' title='bbox 2772 5156 2824 5235; x_wconf 83' lang='lat'>³)</span> <span class='ocrx_word' id='word_1_371' title='bbox 2856 5162 3170 5234; x_wconf 87' lang='lat' dir='ltr'>perspecta</span> <span class='ocrx_word' id='word_1_372' title='bbox 3196 5152 3323 5218; x_wconf 77' lang='lat' dir='ltr'>Ed.</span> <span class='ocrx_word' id='word_1_373' title='bbox 3357 5152 3538 5236; x_wconf 69' lang='lat' dir='ltr'>Lipa.</span> <span class='ocrx_word' id='word_1_374' title='bbox 3573 5150 3634 5232; x_wconf 69' lang='grc'>4)</span> <span class='ocrx_word' id='word_1_375' title='bbox 3665 5150 3844 5214; x_wconf 77' lang='lat' dir='ltr'>Haec</span> <span class='ocrx_word' id='word_1_376' title='bbox 3875 5168 4022 5233; x_wconf 74' lang='lat' dir='ltr'>quae</span> 
     </span>
     <span class='ocr_line' id='line_1_36' title="bbox 953 5249 4022 5345; baseline -0.003 -22"><span class='ocrx_word' id='word_1_377' title='bbox 953 5270 1331 5345; x_wconf 78' lang='lat' dir='ltr'>sequuntur,</span> <span class='ocrx_word' id='word_1_378' title='bbox 1392 5261 1845 5326; x_wconf 75' lang='lat' dir='ltr'>desiderantur</span> <span class='ocrx_word' id='word_1_379' title='bbox 1900 5263 1975 5325; x_wconf 78' lang='lat' dir='ltr'>in</span> <span class='ocrx_word' id='word_1_380' title='bbox 2021 5258 2220 5325; x_wconf 79' lang='lat' dir='ltr'>Godd.</span> <span class='ocrx_word' id='word_1_381' title='bbox 2267 5259 2444 5324; x_wconf 79' lang='lat' dir='ltr'>Kost.</span> <span class='ocrx_word' id='word_1_382' title='bbox 2499 5258 2633 5323; x_wconf 72' lang='lat' dir='ltr'>Lis.</span> <span class='ocrx_word' id='word_1_383' title='bbox 2682 5267 2741 5322; x_wconf 78' lang='lat' dir='ltr'>et</span> <span class='ocrx_word' id='word_1_384' title='bbox 2783 5256 2908 5321; x_wconf 79' lang='lat' dir='ltr'>Ed.</span> <span class='ocrx_word' id='word_1_385' title='bbox 2969 5256 3187 5340; x_wconf 43' lang='grc' dir='ltr'>Πέρας</span> <span class='ocrx_word' id='word_1_386' title='bbox 3243 5255 3661 5340; x_wconf 74' lang='lat' dir='ltr'>reperiuntur</span> <span class='ocrx_word' id='word_1_387' title='bbox 3718 5264 3922 5315; x_wconf 75' lang='lat' dir='ltr'>tamen</span> <span class='ocrx_word' id='word_1_388' title='bbox 3959 5249 4022 5314; x_wconf 72' lang='lat' dir='ltr'>in</span> 
     </span>
     <span class='ocr_line' id='line_1_37' title="bbox 960 5354 3860 5446; baseline -0.004 -19"><span class='ocrx_word' id='word_1_389' title='bbox 960 5360 1158 5427; x_wconf 78' lang='lat' dir='ltr'>Codd.</span> <span class='ocrx_word' id='word_1_390' title='bbox 1196 5360 1371 5427; x_wconf 81' lang='lat' dir='ltr'>Calv.</span> <span class='ocrx_word' id='word_1_391' title='bbox 1420 5374 1477 5427; x_wconf 82' lang='lat' dir='ltr'>et</span> <span class='ocrx_word' id='word_1_392' title='bbox 1520 5363 1739 5429; x_wconf 81' lang='lat' dir='ltr'>Przez.</span> <span class='ocrx_word' id='word_1_393' title='bbox 1790 5365 1843 5446; x_wconf 75' lang='lat'>⁵)</span> <span class='ocrx_word' id='word_1_394' title='bbox 1886 5366 2254 5426; x_wconf 81' lang='lat' dir='ltr'>wladislaus</span> <span class='ocrx_word' id='word_1_395' title='bbox 2303 5360 2454 5427; x_wconf 77' lang='lat' dir='ltr'>Cod.</span> <span class='ocrx_word' id='word_1_396' title='bbox 2506 5361 2638 5425; x_wconf 79' lang='lat' dir='ltr'>Lis.</span> <span class='ocrx_word' id='word_1_397' title='bbox 2687 5360 2744 5441; x_wconf 74' lang='grc'>6)</span> <span class='ocrx_word' id='word_1_398' title='bbox 2787 5382 2824 5422; x_wconf 84' lang='lat' dir='ltr'>a</span> <span class='ocrx_word' id='word_1_399' title='bbox 2866 5362 3278 5438; x_wconf 87' lang='lat' dir='ltr'>prosecutione</span> <span class='ocrx_word' id='word_1_400' title='bbox 3323 5360 3466 5421; x_wconf 91' lang='lat' dir='ltr'>belli</span> <span class='ocrx_word' id='word_1_401' title='bbox 3522 5354 3636 5421; x_wconf 79' lang='lat' dir='ltr'>Ed.</span> <span class='ocrx_word' id='word_1_402' title='bbox 3682 5354 3860 5439; x_wconf 75' lang='lat' dir='ltr'>Lips.</span> 
     </span>
    </p>
   </div>
  </div>
 </body>
</html>
