4342 6384
789 456 938 538 378
1727 559 1730 562 q
1979 471 2206 530 mann
2258 471 2715 529 annuemus.
3317 446 3449 549 (Α.
3489 447 3579 524 D.
3622 444 3872 548 1429.)

790 671 1146 760 „ramento
1200 667 1638 754 confirmata;
1694 687 1870 758 quae
1927 662 2158 736 omnia
2214 662 2452 736 eadem
2491 661 2918 735 authoritate
2954 660 3391 735 decernimus
3428 659 3671 732 hocin
3708 679 3873 732 casu

788 789 1100 880 „nullius
1156 809 1308 861 esse
1361 787 1628 859 roboris
1683 787 1799 858 vel
1853 784 2220 872 momenti,
2278 805 2437 856 cum
2491 783 2565 855 in
2620 781 2733 854 hi‘s
2782 803 3053 872 semper
3092 781 3311 852 honor
3346 779 3509 868 Dei,
3551 780 3713 851 fidei
3761 799 3868 851 ca·

789 909 1132 1000 „tholicae
1187 907 1466 980 utilitas
1522 911 1592 978 et
1645 905 1902 978 bonum
1954 902 2317 995 publicum
2372 903 2866 992 intelligantur
2920 905 3247 992 excepta,
3305 904 3373 972 et
3426 900 3500 972 in
3556 921 3723 971 casu
3778 899 3872 970 si-

789 1029 1018 1119 „mili‚
1077 1049 1211 1119 quo
1267 1031 1498 1099 status
1563 1025 1726 1098 fidei
1791 1029 2279 1111 conservatur,
2348 1045 2486 1093 non
2543 1023 2769 1094 solum
2824 1026 3065 1094 contra
3116 1025 3324 1112 pacta
3380 1024 3450 1093 et
3502 1019 3869 1110 promissa,

788 1149 952 1238 „sed
1006 1147 1218 1220 etiam
1272 1151 1516 1219 contra
1568 1146 1754 1234 iura,
1829 1145 1915 1216 ab
1970 1144 2126 1234 ipsa
2190 1149 2443 1214 natura
2502 1142 2967 1234 praescripta,
3044 1140 3668 1233 consanguineum,
3738 1140 3871 1210 sra-

787 1274 1038 1358 „trem,
1093 1271 1364 1359 patrem
1421 1271 1490 1338 et
1542 1265 1767 1338 filium
1822 1263 2060 1336 venire
2116 1263 2213 1335 sit
2266 1263 2541 1335 licitum
2597 1283 2677 1334 ac
2731 1262 3076 1350 debitum,
3144 1282 3271 1334 nec
3331 1259 3558 1352 possit
3612 1258 3874 1332 crimen

789 1387 1188 1481 „patricidii
1260 1385 1636 1474 nominari,
1714 1385 1989 1476 quoties
2055 1383 2228 1455 fides
2294 1382 2641 1455 catholica
2706 1382 3107 1476 defensatur
3144 1382 3223 1470 ¹).
3298 1382 3558 1452 Datum
3613 1381 3875 1453 Romae

792 1508 1020 1599 „apud
1076 1508 1368 1579 Sanctos
1426 1506 1840 1596 Apostolos,
1899 1503 2222 1576 Calendis
2281 1503 2675 1575 Octobris“.

987 1625 1154 1698 Alia
1184 1627 1397 1697 Bulla
1437 1633 1706 1698 secreta
1727 1623 1789 1713 2)
1829 1623 2164 1696 Poloniae
2201 1623 2379 1715 Regi
2423 1622 2811 1695 Wladislao
2850 1621 2923 1694 in
2962 1624 3143 1694 facto
3180 1620 3609 1695 reductionis
3649 1620 3872 1692 Bobe—

782 1768 1050 1819 morum
1107 1746 1368 1836 scripta
1401 1743 1498 1832 ³):

923 1917 935 1926 -
999 1866 1388 1955 „Martinus
1442 1865 1874 1956 EpiscopuS,
1933 1885 2177 1936 servus
2236 1885 2593 1938 servorum
2647 1863 2811 1950 Dei,
2877 1863 3251 1936 Carissimo
3287 1864 3363 1937 in
3400 1857 3675 1936 Christo
3730 1861 3875 1936 filio

792 1983 1229 2078 „Wladislao
1284 1985 1619 2058 Poloniae
1691 1983 1870 2077 Regi
1943 1985 2245 2072 illustri,
2323 1986 2623 2056 salutem
2681 1991 2751 2058 et
2805 1984 3260 2075 apostolicam
3298 1982 3872 2056 benedictionem.

793 2105 1079 2198 „Nuper
1133 2106 1216 2177 de
1271 2104 1565 2176 consilio
1621 2104 2126 2177 venerabilium
2186 2105 2476 2176 fratrum
2533 2111 2928 2176 nostrorum
2987 2105 3283 2176 Sanctae
3336 2105 3689 2176 Romanae
3744 2101 3871 2173 Ec-

794 2226 1090 2316 „clesiae
1145 2225 1651 2312 cardinalium,
1709 2246 1834 2298 nec
1887 2246 2025 2296 non
2080 2225 2542 2315 plurimorum
2598 2226 3111 2313 Praelatorum,
3171 2225 3547 2296 Doctorum
3604 2228 3674 2294 et
3728 2223 3869 2292 Ma·

791 2347 1212 2440 „gistrorum
1268 2345 1701 2417 diversarum
1756 2344 2151 2432 nationum,
2223 2365 2503 2417 causam
2569 2345 2730 2418 fidei
2793 2345 3179 2418 catholicae
3234 2348 3476 2417 contra
3530 2343 3873 2415 Bohemos

792 2466 1218 2557 „haereticos
1292 2464 1505 2537 armis
1578 2469 1647 2537 et
1717 2465 2036 2556 potentia
2106 2465 2605 2537 defendendam
2682 2464 3065 2538 Serenitati-
3135 2470 3297 2536 tuae
3369 2463 3869 2551 commisimuS,

793 2592 1042 2679 „prout
1105 2587 1180 2658 in
1213 2585 1461 2688 ⁸literis
1527 2585 1788 2657 nostris
1854 2585 2227 2676 superinde
2290 2585 2624 2658 confectis
2700 2585 2982 2677 plenius
3056 2569 3483 2657 continetur:
3554 2605 3690 2655 non
3748 2584 3868 2654 du-

794 2707 1184 2797 „bitanteS,
1263 2705 1444 2798 quod
1518 2707 1648 2777 hoc
1720 2727 1974 2777 munus
2047 2711 2411 2796 acceptum
2483 2706 2628 2777 Deo
2702 2714 2771 2777 et
2840 2705 3221 2797 gloriosum
3297 2704 3473 2793 tibi,
3548 2705 3733 2776 laeto
3808 2707 3874 2774 et

796 2848 1085 2919 „magno
1142 2825 1344 2899 corde
1399 2825 1772 2917 suscipieS,
1832 2829 1901 2896 et
1955 2846 2177 2916 usque
2232 2825 2317 2896 ad
2374 2833 2691 2917 optatum
2738 2828 2944 2898 finem
2993 2826 3104 2898 vel
3151 2825 3579 2897 reductionis
3636 2825 3870 2896 haere-

796 2946 1166 3037 „ticorum,
1207 2947 1323 3017 vel
1359 2944 1962 3018 exterminationis
2002 2945 2407 3034 eorundem,
2447 2945 2649 3017 iuxta
2686 2945 3241 3017 commissionem
3270 2951 3615 3034 nostra-m,
3658 2966 3869 3036 quan-

798 3071 990 3156 „tum
1046 3064 1174 3137 tibi
1229 3064 1568 3156 possibile
1634 3063 1876 3152 fuerit,
1944 3065 2409 3156 prosequeris,
2477 3067 2681 3137 Hanc
2744 3065 3091 3156 siquidem
3154 3065 3355 3138 nobis
3422 3087 3615 3157 spem
3672 3065 3869 3137 indu-

797 3187 1024 3276 „biam
1079 3189 1438 3276 praestant
1494 3205 1702 3275 opera
1755 3188 1879 3256 tua
1933 3185 2333 3276 magnifica,
2391 3207 2567 3276 quae
2604 3208 2645 3258 a
2683 3186 2793 3258 die
2850 3185 3161 3276 suscepti
3215 3185 3696 3276 baptismatiS,
3754 3204 3873 3275 pro

799 3306 1270 3396 „exaltatione
1327 3310 1396 3376 et
1448 3304 1945 3396 propagatione
2001 3306 2316 3397 suscepti
2371 3305 2738 3378 christiani
2793 3305 3095 3378 nominis
3145 3305 3503 3396 peregisti.
3560 3304 3744 3376 Nam
3782 3303 3872 3374 si-

799 3431 960 3516 „cut
1011 3429 1256 3516 gentes
1313 3429 1512 3494 natas
1579 3429 1648 3495 et
1702 3423 2130 3496 inveteratas
2206 3425 2278 3496 in
2343 3445 2569 3497 errore
2633 3425 3091 3496 idolatrorum
3144 3425 3553 3516 gentilium,
3610 3424 3757 3497 zelo
3796 3424 3871 3495 fi-

797 3545 951 3634 „dei
1005 3543 1354 3617 reduxisti
1409 3543 1495 3614 ad
1549 3548 1814 3615 rectum
1871 3545 2139 3615 cultum
2194 3544 2356 3615 Dei:
2416 3548 2677 3636 quanto
2734 3544 3013 3616 facilius
3070 3545 3178 3616 vel
3236 3545 3525 3618 reduces
3564 3546 3677 3617 vel
3716 3565 3871 3617 con-

798 3665 1088 3754 „fundes
1143 3685 1292 3750 eos,
1353 3663 1472 3753 qui
1530 3662 1677 3734 nati
1734 3666 1804 3734 et
1859 3663 2134 3735 educati
2191 3663 2266 3734 in
2322 3686 2484 3736 vera
2536 3664 2875 3757 religione
2930 3665 3343 3754 christiana,
3415 3666 3567 3737 sola
3612 3664 3871 3738 carnali

799 3782 1132 3874 „lascivia
1189 3787 1258 3854 et
1312 3782 1698 3872 cupiditate
1751 3783 2163 3875 praedandi,
2222 3805 2263 3855 a
2308 3785 2571 3856 sanctis
2628 3785 2978 3857 institutis
3035 3785 3387 3858 Ecclesiae
3442 3787 3863 3868 defecerunt,

801 3908 913 3992 „et
967 3902 1041 3975 iu
1096 3901 1328 3975 omnia
1384 3902 1580 3972 foeda
1635 3907 1705 3973 et
1759 3903 2056 3974 nefanda
2111 3902 2420 3975 facinora
2472 3905 2829 3995 provoluti
2868 3910 3066 3993 sunt,
3126 3925 3301 3996 quae
3338 3905 3471 3978 tibi
3506 3905 3875 3977 notissima

801 4025 986 4112 „fore
1017 4023 1080 4109 ⁴)
1119 4043 1254 4092 non
1293 4022 1728 4092 dubitamus:
1786 4029 2028 4094 contra
2065 4044 2239 4113 quos
2288 4029 2386 4111 te,
2446 4024 2867 4096 catholicum
2923 4026 3217 4115 Regem,
3278 4047 3416 4097 non
3454 4027 3684 4098 solum
3722 4023 3867 4094 ani-

802 4162 1031 4232 „mare
1085 4141 1288 4213 debet
1334 4141 1596 4212 violata
1633 4142 1894 4213 Christi
1930 4143 2215 4234 religio,
2275 4145 2396 4216 sed
2436 4144 2660 4216 omnis
2697 4145 2875 4216 ratio
2913 4145 3187 4236 politiei
3228 4147 3509 4218 sublata
3546 4149 3615 4218 et
3654 4142 3873 4216 onmis

801 4262 1236 4354 „authoritas
1309 4261 1531 4352 regia,
1609 4282 1732 4332 suo
1787 4262 2122 4352 pestifero
2179 4263 2498 4354 dogmate
2554 4265 2931 4356 vilipensa:
2991 4285 3145 4337 cum
3199 4271 3476 4356 praeter
3514 4265 3772 4336 multos
3808 4267 3877 4335 et

802 4381 1074 4473 „varios
1131 4380 1659 4472 superstitiosos
1715 4388 1786 4453 et
1841 4383 2219 4455 sceleratos
2276 4405 2572 4473 erroreS,
2632 4385 2887 4475 quibus
2942 4385 3099 4476 ipsa
3154 4391 3394 4458 sancta
3449 4384 3619 4457 fides
3667 4383 3873 4456 offen—

801 4503 1068 4594 „ditur‚
1127 4502 1336 4573 etiam
1389 4502 1696 4573 humana
1732 4502 1886 4575 iura
1927 4503 2291 4576 turbantes
2332 4509 2688 4592 asserunt,
2730 4505 2914 4576 nulli
2952 4505 3311 4596 legitimae
3348 4503 3715 4597 potestati,
3755 4523 3877 4576 nec

800 4623 1021 4716 „ipsis
1077 4622 1393 4714 Regibus
1459 4642 1612 4693 esse
1675 4623 2090 4712 parendum,
2159 4644 2285 4696 nec
2348 4624 2772 4696 reddendum
2838 4625 3314 4716 superioribus
3380 4645 3701 4712 censum,
3758 4623 3877 4694 sed

800 4741 1234 4834 „communia
1290 4739 1522 4813 omnia
1577 4745 1646 4813 et
1702 4763 1938 4830 omnes
1995 4764 2201 4835 pares
2255 4765 2405 4816 esse
2462 4751 2801 4836 oportere.
2860 4745 2971 4815 Ad
3027 4745 3155 4817 hos
3208 4744 3596 4818 haereticos
3648 4743 3875 4836 oppri-

800 4864 1128 4952 „mendos
1167 4861 1375 4933 multi
1412 4860 1807 4952 PrincipeS,
1867 4883 2072 4953 saepe
2125 4864 2386 4936 nostris
2425 4870 2495 4937 et
2532 4865 2733 4936 Sedis
2772 4865 3220 4956 Apostolicae
3255 4866 3677 4956 Legatorum
3716 4884 3871 4934 sua-

801 4981 1160 5072 „sionibus
1233 4973 1627 5070 convocati,
1703 5002 1861 5053 cum
1935 4983 2248 5056 exercitu
2322 4984 2582 5056 frustra
2641 4984 2933 5076 profecti
2966 4983 3027 5072 5)
3084 4988 3280 5056 sunt:
3359 4986 3502 5056 Deo
3561 4983 3877 5068 forsitan,

1009 5251 1055 5330 ¹)
1103 5252 1434 5314 defenditur
1481 5250 1633 5317 Cod.
1679 5253 1872 5317 Rozr.
1923 5253 1972 5334 ²)
2017 5255 2257 5318 Alterae
2298 5259 2509 5319 literae
2554 5263 2816 5320 secretae
2864 5259 3085 5320 Summi
3130 5259 3431 5319 Pontificis
3482 5251 3633 5319 Cod.
3689 5253 3878 5316 Rozr.

801 5352 855 5440 ³)
903 5355 1156 5432 scriptae
1206 5350 1354 5417 Cod.
1401 5355 1593 5418 Rozr.
1643 5356 1695 5436 ⁴)
1742 5377 1873 5418 esse
1923 5354 2073 5420 Cod.
2115 5357 2306 5422 Rozr.
2355 5361 2404 5441 5)
2449 5363 2643 5422 vocati
2694 5358 2846 5424 God.
2892 5359 3083 5424 Rozr.
3130 5363 3370 5422 adducti
3414 5357 3540 5424 Ed.
3586 5357 3767 5441 Lips.
