4342 6384
401 591 534 701 (Α.
575 594 664 675 D.
705 596 959 696 1426.)
1595 614 1822 673 mena
1873 594 2333 673 1111666111116.
3343 590 3489 669 337

1303 1036 1728 1149 ANNUS
1799 1036 2259 1147 DOMINI
2330 1036 2614 1152 1426.

550 1280 904 1351 wladislao
945 1280 1104 1368 Regi
1147 1279 1216 1350 in
1262 1248 1615 1350 venatione
1660 1294 1778 1368 1166
1823 1278 2165 1367 frangitur.
2212 1278 2438 1367 Legati
2485 1278 2568 1349 ad
2611 1279 2988 1368 legisti-um
3032 1278 3333 1351 Prusiae

760 1400 1134 1486 mittuntur,
1177 1417 1263 1470 116
1307 1398 1737 1472 molendinum
1781 1398 2032 1484 Lubicz,
2079 1396 2358 1469 foederis
2400 1399 2519 1469 icti
2563 1415 2818 1485 memor,
2863 1401 3145 1487 repetat.

609 1646 1116 1719 Solennitatem
1171 1645 1442 1718 dierum
1495 1644 1778 1717 Natalis
1833 1644 2114 1717 Domini
2182 1650 2251 1717 61
2316 1648 2589 1735 1611111116
2638 1644 3034 1732 intervalli,
3094 1644 3258 1715 dum
3297 1643 3492 1715 Wla-

399 1767 668 1839 dislaus
723 1766 1058 1839 Poloniae
1111 1767 1266 1838 Rex
1321 1765 1505 1856 apud
1561 1764 1842 1835 Vilnam
1909 1784 2064 1835 cum
2129 1768 2449 1837 consorte
2504 1784 2633 1835 sua
2689 1763 2951 1855 Sophia
3006 1762 3279 1856 Regina
3334 1783 3491 1836 exe-

399 1888 652 1979 gisset,
729 1891 802 1958 et
871 1890 1032 1958 ante
1103 1882 1658 1977 Carnisprivium
1733 1904 1820 1955 ex
1876 1882 2258 1955 Lithuania
2329 1884 2553 1956 redire
2610 1883 2679 1955 in
2735 1882 3071 1955 Poloniae
3145 1884 3489 1975 Regnum,

397 2011 596 2099 peste
649 2006 1215 2098 conquiescente,
1281 2004 1650 2095 inciperet,
1719 2003 1791 2075 in
1846 2004 1998 2075 loco
2053 2003 2537 2092 venationum,
2597 2002 2718 2094 qui
2772 2004 3171 2095 appellatur
3236 2004 3491 2093 Byalo·

400 2146 664 2218 wyesze
701 2126 780 2215 ¹),
838 2124 1196 2197 venationi
1259 2124 1409 2195 ursi
1473 2122 1841 2211 insistenS,
1911 2123 2291 2196 casualiter
2352 2122 2595 2213 pedem
2662 2122 2902 2215 fregit,
2970 2126 3040 2194 et
3104 2121 3357 2194 exinde
3420 2121 3493 2193 111

402 2250 660 2318 terram
715 2245 1196 2318 Chelmensem
1249 2242 1645 2329 discedens,
1711 2241 1862 2315 dies
1929 2240 2389 2333 carnisprivii
2442 2247 2514 2315 et
2566 2246 2844 2333 tempus
2909 2238 3493 2333 quadragesimae

417 2365 491 2437 in
534 2365 926 2456 Lubomlya
954 2363 1018 2454 2)
1057 2368 1126 2437 61
1163 2361 1668 2449 Krasznistaw,
1709 2382 1868 2434 crus
1907 2361 2243 2434 offensum
2282 2360 2645 2449 medendo,
2704 2361 3116 2451 absumpsit.
3178 2362 3360 2434 Acta
3394 2365 3503 2434 est

401 2490 637 2557 autem
690 2504 814 2576 pro
871 2480 1452 2577 Quadragesimae
1507 2480 1732 2555 medio
1788 2482 1862 2553 in
1901 2482 2153 2573 oppido
2210 2480 2507 2553 Wartha
2542 2480 2916 2552 conventio
2950 2480 3325 2572 generalia.
3382 2480 3493 2551 Ad

401 2626 610 2697 quam
668 2604 836 2677 licet
893 2602 1328 2676 Wladislaus
1384 2602 1718 2675 Poloniae
1773 2602 1928 2675 Rex
1983 2605 2269 2693 propter
2302 2599 2501 2692 pedis
2538 2598 2941 2692 languorem
2979 2620 3117 2672 non
3155 2598 3491 2687 venisset,

399 2723 788 2797 consiliarii
842 2726 1079 2795 tamen
1115 2722 1542 2815 principales
1587 2721 1762 2794 illuc
1797 2720 2291 2794 convenientes
2336 2719 2762 2807 tractabant,
2822 2719 3125 2811 qualiter
3175 2719 3482 2792 Alexan-

397 2844 520 2916 dro
573 2843 971 2917 Withawdo
1026 2843 1207 2914 Duci
1261 2842 1510 2934 Magno
1565 2840 2020 2929 Lithuaniae,
2089 2839 2563 2912 molendinum
2627 2838 2887 2911 Lubicz
2952 2839 3195 2911 donari
3250 2837 3485 2911 Cruci·
3593 2880 3603 2887 -

399 2963 566 3035 feris
619 2962 921 3053 petenti,
978 2961 1499 3053 responderent.
1557 2962 1730 3032 Post
1781 2960 2011 3033 varios
2067 2964 2303 3031 autem
2358 2962 2699 3031 tractatus
2756 2959 2829 3031 in
2883 2980 2959 3031 re
2995 2958 3151 3049 ipsa
3186 2957 3490 3045 habitos,

398 3082 858 3155 deliberatum
913 3079 1081 3169 fuit,
1137 3080 1547 3172 petitionem
1603 3078 1992 3152 Alexandri
2030 3079 2110 3151 W
2128 3077 2419 3151 ithawdi
2458 3077 2874 3151 audiendam
2914 3083 2985 3151 et
3020 3076 3493 3150 molendinum

397 3200 662 3274 Lubicz
717 3199 1090 3273 Cruciferis
1143 3201 1538 3272 donandum
1591 3221 1729 3272 non
1785 3220 1970 3288 esse,
2026 3219 2181 3271 611111
2240 3218 2327 3271 ex
2383 3198 2754 3271 donatione
2810 3197 2965 3289 ipsa
3017 3196 3211 3288 pacis
3246 3216 3489 3288 perpe-

399 3326 563 3394 tuae
619 3319 1146 3411 inscriptiones,
1205 3319 1602 3393 conditione
1635 3320 1720 3393 de
1757 3318 2150 3391 molendino
2191 3316 2451 3389 Lubicz
2490 3318 2853 3409 abrogata,
2910 3318 3179 3389 laesum
3234 3320 3305 3388 et
3342 3315 3489 3387 vio-

404 3440 632 3511 latum
708 3438 796 3511 iri
862 3439 1318 3531 contingeret.
1383 3438 1630 3531 Neque
1693 3442 2053 3530 respectus
2122 3458 2248 3528 per
2302 3436 2783 3508 Alexandrum
2846 3433 3322 3509 Withawdum
3384 3434 3490 3506 in-

399 3560 660 3649 iectus,
717 3558 1158 3649 pendendae,
1215 3582 1350 3651 quo
1405 3580 1480 3633 se
1533 3558 1922 3646 asserebat,
1967 3556 2387 3643 ‚molendino
2452 3556 2713 3631 Lubicz
2770 3561 3051 3649 negato,
3109 3555 3491 3645 Polangam

399 3701 614 3771 supra
665 3699 853 3752 mare
907 3679 1446 3771 Samagitticum
1501 3680 1743 3767 sitam,
1811 3682 2088 3751 centum
2141 3677 2475 3770 gradibus
2533 3698 2739 3768 quam
2794 3676 3055 3748 Lubicz
3110 3674 3489 3761 utiliorem,

400 3820 487 3871 ex
542 3798 733 3891 pacti
787 3798 1302 3890 pollicitatione
1356 3798 1728 3872 cruciferis
1783 3798 2229 3889 largiturum.
2286 3795 2669 3869 Mittuntur
2722 3796 2971 3868 deinde
3008 3816 3096 3866 ex
3133 3794 3289 3885 ipsa
3324 3814 3485 3865 con·

399 3918 726 3992 ventione
779 3918 1216 3992 Wladislaus
1271 3919 1356 3991 de
1411 3918 1700 4009 Oporow
1763 3919 2213 3991 Decretorum
2277 3918 2535 3989 Doctor
2607 3920 2677 3988 et
2740 3914 3084 3988 Iarandus
3157 3914 3240 3985 de
3309 3914 3487 3984 Bru-

399 4038 627 4111 dzewo
683 4038 1139 4130 Cuyaviensis
1195 4038 1554 4111 vexillifer
1616 4038 1702 4109 ad
1757 4036 2172 4130 Magistrum
2229 4042 2301 4109 61
2354 4036 2680 4109 Ordinem
2726 4034 3089 4123 Prussiae,
3166 4032 3288 4127 qui
3354 4032 3491 4104 sibi

399 4158 846 4246 denuntient,
903 4157 1246 4249 illumque
1308 4154 1755 4246 admoneant,
1815 4176 1899 4229 ne
1953 4155 2026 4227 iu
2081 4155 2535 4228 violationem
2591 4155 2939 4228 foederum
2995 4154 3189 4244 pacis
3244 4172 3486 4244 perpe-

399 4281 562 4350 tuae
617 4278 1060 4351 donationem
1113 4275 1494 4349 molendini
1549 4275 1812 4348 Lubicz
1849 4275 2144 4361 ambiat,
2188 4276 2589 4366 Ducemqne
2626 4275 3109 4347 Alexandrum
3146 4273 3489 4345 Withaw-

399 4396 564 4468 dum
629 4397 984 4469 solicitare
1039 4400 1110 4470 et
1163 4395 1488 4469 inducere
1549 4416 1676 4487 pro
1741 4394 1894 4467 eius
1958 4394 2364 4486 largitione,
2432 4400 2501 4467 61
2556 4392 2760 4485 quasi
2824 4393 3169 4485 quandam
3235 4412 3489 4483 ponere

399 4514 586 4587 111161·
637 4516 890 4588 fratres
943 4492 1392 4609 divisionem·
1418 4514 1746 4603 desistat3
1805 4534 1997 4606 spem
2053 4514 2342 4605 insuper
2378 4514 2463 4587 de
2498 4514 2849 4604 Polangae
2905 4512 3309 4598 donatione,
3367 4530 3491 4601 per

397 4636 662 4708 Ducem
716 4635 1196 4717 Alexandrum
1252 4634 1726 4707 Withawdum
1752 4689 1768 4722 ,
1829 4654 2028 4721 casu,
2089 4654 2227 4724 quo
2281 4631 2563 4704 donatio
2620 4631 3000 4704 molendini
3054 4630 3313 4703 Lubicz
3351 4650 3489 4701 non

398 4754 828 4845 proveniret,
887 4753 1023 4827 sibi
1079 4752 1366 4843 factam,
1423 4755 1752 4847 deponat,
1813 4775 1973 4825 cnm
2026 4754 2191 4824 Dux
2248 4753 2651 4825 Alexander
2704 4750 3113 4824 donationes
3168 4750 3241 4822 in
3282 4748 3488 4822 terris

397 4874 874 4963 Lithuanicis,
931 4875 1122 4966 Rege
1175 4873 1568 4946 Wladislao
1623 4872 2111 4960 dissentiente,
2171 4874 2392 4945 facere
2430 4893 2565 4943 non
2605 4870 2933 4962 potuerit.
2992 4869 3325 4961 Quamvis
3364 4890 3485 4940 au-

397 4998 538 5066 tem
593 4994 924 5067 Prussiae
977 4992 1312 5086 Magister
1374 4993 1639 5065 Paulus
1694 4993 1779 5065 de
1833 4991 2230 5079 Russdorff,
2296 4990 2647 5084 legatione
2712 4989 3114 5062 huiusmodi
3178 4991 3485 5079 accepta,

398 5117 799 5185 constanter
851 5117 1176 5205 negasset
1231 5133 1304 5185 se
1358 5110 1748 5185 Alexandri
1802 5110 2020 5182 Ducis
2076 5109 2313 5202 Magni
2348 5131 2473 5201 pro
2512 5108 2887 5181 donatione
2925 5107 3308 5181 molendini
3344 5108 3487 5178 Lu-

396 5232 547 5306 bicz
606 5231 1038 5324 quaesivisse
1076 5230 1438 5324 suffragia:
1480 5251 1558 5305 eo
1599 5236 1830 5303 tamen
1868 5229 2199 5303 callidius
2238 5234 2307 5303 et
2346 5228 2831 5320 scrupulosius
2871 5233 2941 5301 et
2976 5248 3101 5321 per
3138 5248 3213 5299 66
3250 5226 3483 5317 ipsum

614 5485 664 5563 ι)
707 5488 1138 5564 Byalowyeszy
1186 5481 1338 5548 0001.
1389 5480 1565 5548 Calv.
1613 5488 1986 5565 Byalowicze
2027 5484 2157 5548 Ed.
2202 5482 2386 5569 Lips.
2436 5484 2491 5566 ²)
2533 5484 2863 5561 Lubowlya
2910 5476 3062 5543 cod.
3109 5477 3301 5543 Rozr.

452 5638 496 5685 J.
524 5638 712 5696 magon.
741 5637 914 5679 mator.
941 5638 1099 5679 Peion.
1126 5638 1176 5678 1⁸.
1205 5637 1285 5678 lv.
3074 5613 3143 5675 43
