4342 6384
318 544 451 644 (Α.
492 544 583 619 D.
625 543 877 643 1432.)
1484 566 1713 619 mann
1765 566 2226 621 annuemus.
3263 550 3412 621 473

317 751 621 842 primum
687 752 772 823 de
836 750 1095 823 iniuria
1134 752 1188 839 ¹)
1254 756 1324 823 et
1376 752 1703 843 ruptione
1768 752 2116 825 foederum
2183 773 2306 844 per
2369 752 2758 825 Cruciferos
2813 752 2898 825 116
2951 754 3275 842 Prussia,
3342 752 3416 825 in

320 870 793 943 Wladislaum
847 872 1111 963 Regem
1167 877 1237 943 et
1290 872 1611 962 Regnum
1650 871 1981 944 Poloniae
2020 874 2235 959 facta,
2295 874 2642 964 compassi
2681 878 2878 961 sunt3
2933 873 3287 966 propriam
3324 872 3411 945 il-

320 991 460 1062 lam
516 995 957 1082 reputanteS,
1016 996 1085 1063 et
1140 990 1539 1078 offerenteS,
1598 1012 1755 1064 cum
1810 992 1997 1063 omni
2047 1011 2282 1064 eorum
2319 994 2634 1084 potentia
2689 998 2760 1066 et
2806 993 3233 1067 exercitibus
3299 1015 3414 1067 ve-

320 1111 471 1183 nire
527 1112 706 1203 Regi
759 1111 833 1183 in
890 1110 1281 1183 subsidium
1312 1110 1400 1201 2),
1463 1132 1587 1204 pro
1643 1132 2079 1203 quocumque
2132 1117 2443 1204 tempore
2489 1114 2980 1189 constituisset
3017 1114 3168 1187 Rex
3209 1134 3415 1205 expe-

321 1231 659 1303 ditionem
696 1232 771 1303 in
808 1230 1197 1303 cruciferos
1236 1253 1533 1305 movere.
1591 1233 1807 1321 Item,
1864 1238 1946 1304 ut
1994 1234 2150 1307 Rex
2199 1234 2708 1326 indignationis
2763 1235 3119 1323 nubilum,
3177 1238 3420 1307 contra

322 1352 583 1423 Ducem
624 1350 1148 1443 sigismundum
1188 1352 1545 1424 Koributh
1582 1352 1843 1424 dudum
1884 1358 2326 1444 conceptum,
2383 1354 2804 1443 remitteret,
2851 1354 3221 1447 rogabant,
3259 1374 3415 1445 gra-

323 1472 425 1542 tia
478 1470 591 1542 illi
646 1470 863 1561 priori
916 1470 1271 1543 restituta.
1329 1470 1598 1542 Deinde
1654 1473 1957 1558 favoreS,
2018 1472 2139 1563 qui
2195 1472 2268 1543 in
2309 1473 2632 1545 -Concilio
2697 1472 3084 1546 Basiliensi
3149 1472 3424 1545 noviter

324 1596 772 1683 congregato,
836 1612 961 1681 per
1026 1590 1273 1661 Patres
1338 1590 1631 1663 Concilii
1688 1590 1837 1663 illis
1888 1592 2292 1664 humaniter
2357 1592 2904 1681 exhibebantur,
2973 1591 3417 1665 adiiciebant.

326 1710 543 1783 Grata
596 1710 733 1783 fnit
786 1710 1181 1783 Wladislao
1245 1710 1424 1803 Regi
1479 1715 1549 1784 et
1604 1710 2031 1783 consiliariis
2098 1712 2249 1783 suis
2313 1712 2717 1785 huiusmodi
2773 1713 3055 1805 legatio.
3131 1712 3422 1784 Para-nti

326 1830 511 1902 enim
566 1831 641 1901 in
695 1831 909 1902 aliam
973 1835 1307 1903 aestatem
1374 1830 1889 1921 expeditionem
1952 1831 2132 1923 Regi
2195 1836 2441 1904 contra
2498 1832 2893 1919 Prussiam,
2953 1838 3423 1924 opportunum

328 1948 721 2023 subsidium
774 1950 1193 2041 tempestive
1250 1951 1594 2040 oblatum,
1652 1951 1888 2023 cuncti
1942 1952 2419 2039 laetabantur,
2476 1972 2614 2023 non
2671 1953 2906 2023 minus
2941 1952 3153 2039 utile,
3214 1972 3422 2043 quam

328 2071 513 2142 fama
565 2070 751 2160 ipsa,
810 2090 985 2160 quae
1039 2070 1307 2142 vicinas
1361 2070 1681 2161 regiones
1738 2072 2242 2161 compleverat,
2308 2072 2625 2145 terribile
2678 2071 3003 2144 hostibus
3059 2078 3130 2141 et
3189 2070 3421 2143 formi-

329 2190 681 2277 dolosum,
739 2189 1150 2280 praesertim
1188 2210 1343 2262 cum
1384 2190 1597 2261 solita
1633 2190 1947 2263 subsidia
1982 2190 2529 2281 Lithuanorum‚
2588 2192 3059 2265 Valachorum
3097 2196 3167 2263 et
3206 2191 3423 2263 Thar-

328 2314 637 2381 tarorum
699 2314 983 2401 propter
1036 2309 1251 2382 Ducis
1292 2310 1747 2403 Switrigyelli
1793 2310 2245 2384 rebellionem
2308 2312 2723 2387 defecerant.
2799 2312 3108 2384 Tractati
3176 2311 3416 2402 itaque

330 2431 617 2502 fuerunt
668 2430 965 2521 praefati
1020 2429 1485 2501 Bohemorum
1541 2430 2038 2504 ambasiatores
2070 2429 2133 2521 3)
2189 2437 2259 2505 et
2312 2432 2545 2504 nuntii
2603 2431 2965 2524 splendide
3019 2438 3089 2504 et
3136 2432 3423 2523 opulen-

332 2554 470 2637 ter3
539 2554 611 2622 et
672 2569 807 2641 quo
874 2549 975 2622 eis
1032 2548 1256 2622 omnis
1322 2550 1543 2623 honos
1606 2551 2056 2624 exhiberetur
2120 2556 2332 2643 atque
2392 2552 2827 2640 humanitas,
2893 2552 2968 2624 in
3031 2550 3428 2643 praesentia

330 2670 543 2742 etiam
598 2669 883 2741 illorum
937 2668 1177 2741 divina
1241 2669 1471 2741 officia
1530 2670 1773 2742 habita
1829 2676 2025 2759 sunt,
2084 2676 2153 2745 et
2207 2671 2347 2763 ipsi
2401 2672 2488 2743 ad
2541 2670 3091 2744 communionem
3129 2669 3419 2742 Divino-

330 2810 485 2860 rum
524 2788 847 2875 admissi,
886 2789 1263 2880 praebente
1301 2789 1661 2862 audaciam
1701 2790 2023 2878 facinori,
2082 2792 2267 2883 quod
2306 2791 2692 2864 Concilium
2732 2790 3128 2864 Basiliense
3165 2811 3206 2862 a
3243 2810 3423 2863 com-

332 2907 661 2980 munione
714 2908 1026 2980 fidelium
1092 2928 1327 2981 eorum
1394 2910 1893 2983 ambasiatores
1926 2910 1989 3000 ⁴)
2044 2933 2184 2983 non
2239 2911 2664 2985 excluderet.
2729 2910 2878 2984 Nec
2930 2930 3043 2983 res
3097 2912 3269 2983 haec
3323 2915 3427 2981 te-

334 3048 521 3100 mere
576 3034 805 3100 ortum
858 3028 1138 3100 habuit:
1198 3029 1455 3121 quippe
1508 3034 1579 3102 et
1634 3030 1970 3102 Albertus
2006 3030 2564 3124 Iastrzambyecz
2601 3030 3168 3123 archiepiscopus
3207 3030 3426 3104 Gnes-

334 3148 608 3236 nensis,
649 3148 996 3220 Iohannes
1038 3147 1561 3241 Schaffranyecz
1600 3149 2256 3240 Wladislaviensi8‚
2309 3151 2708 3224 Stanislaus
2764 3150 3015 3223 Ozolek
3049 3150 3112 3239 ⁵)
3166 3152 3430 3224 Posna-

334 3268 637 3356 111611616,
706 3272 775 3340 et
828 3268 1179 3341 Iohannes
1244 3269 1675 3342 Chelmensis
1740 3269 2081 3361 episcopi,
2148 3274 2554 3361 praesentes
2619 3270 2802 3345 enim
2867 3275 3036 3343 tunc
3098 3270 3172 3343 in
3238 3272 3434 3344 curia

333 3388 529 3480 regia
558 3389 644 3476 ὓ),
700 3388 805 3459 ita
858 3389 1384 3475 consuluerant,
1445 3390 1895 3462 decreverant
1950 3394 2020 3462 et
2067 3390 2661 3482 subscripserant:
2720 3392 2955 3463 nescio
2994 3412 3132 3483 qua
3166 3391 3431 3481 pietate

336 3510 454 3580 vel
506 3507 843 3599 religione
898 3507 1093 3580 moti.
1150 3508 1460 3581 Remissi
1514 3508 1753 3600 itaque
1790 3508 2024 3581 nuntii
2060 3510 2527 3582 Bohemorum
2563 3510 2934 3601 praedicti,
2982 3530 3231 3582 versus
3270 3510 3431 3583 Cra-

336 3627 733 3701 coviensem
788 3628 1148 3701 civitatem
1186 3633 1257 3701 et
1294 3628 1657 3717 diocesim,
1712 3629 2139 3702 remunerati
2194 3629 2692 3721 procedebant:
2751 3629 3296 3704 conducentibus
3342 3629 3428 3702 il-

334 3750 447 3820 los
484 3748 754 3820 duobus
791 3746 1167 3820 baronibus
1204 3747 1449 3839 regiiS,
1488 3749 1798 3821 Iohanne
1836 3750 2155 3821 Manszik
2192 3749 2276 3823 de
2313 3749 2721 3824 Dambrowa
2750 3750 2838 3840 ⁷),
2903 3750 3217 3843 palatino
3256 3750 3428 3823 Leo-

336 3867 644 3961 poliensi
698 3872 767 3940 et
820 3869 1030 3940 Petro
1102 3868 1501 3957 Korczbok,
1576 3868 1661 3941 116
1715 3869 1917 3940 domo
1990 3874 2061 3941 et
2125 3869 2394 3942 familia
2465 3870 2833 3943 Korczbok
2871 3868 2970 3960 3),
3047 3890 3224 3962 quae
3305 3890 3432 3961 pro

336 3988 607 4081 insigni
660 3989 883 4061 defert
936 3993 1079 4061 tres
1114 3988 1344 4079 pisces
1384 3988 1744 4080 carpiones
1780 3989 1851 4061 in
1894 4010 2135 4082 campo
2199 3990 2444 4063 rubeo:
2511 3990 2713 4063 cuius
2767 3990 3062 4063 maiores
3118 4010 3206 4063 ex
3263 3990 3430 4063 Mis-

341 4107 584 4181 snensi
618 4108 899 4200 regione
934 4109 1253 4200 Regnum
1306 4108 1641 4181 Poloniae
1696 4109 2152 4182 intraverant.
2213 4109 2481 4201 Quibus
2519 4132 2559 4182 a
2595 4110 2989 4183 Wladislao
3025 4112 3248 4203 Rege,
3312 4110 3431 4202 qui

336 4228 555 4321 probe
608 4227 915 4299 animum
972 4228 1259 4320 Sbignei
1298 4227 1779 4301 cracoviensis
1818 4228 2127 4321 episcopi
2164 4233 2485 4318 noverat,
2543 4230 3023 4321 imperitatum
3053 4230 3140 4319 ⁹),
3199 4250 3283 4302 116
3321 4231 3429 4302 ul-

338 4350 623 4421 latenus
670 4346 1067 4420 Cracoviam
1104 4347 1663 4439 ingrederentur,
1722 4349 1844 4421 sed
1898 4348 2097 4420 illam
2134 4349 2591 4423 declinarent.
2647 4350 2997 4422 Futurum
3037 4350 3216 4427 enim
3257 4372 3432 4439 esse,

337 4474 427 4541 ut
480 4468 653 4540 illuc
706 4467 1035 4541 Bohemis
1091 4468 1657 4556 advenientibuS,
1717 4467 2077 4541 silentium
2115 4490 2278 4541 mox
2315 4471 2514 4543 fieret
2550 4492 2592 4541 a
2627 4469 2940 4557 Divinis,
3000 4489 3434 4560 quocumque

339 4590 620 4661 decreto
692 4594 1116 4661 caeterorum
1164 4588 1255 4677 ¹⁰)
1317 4588 1725 4680 pontificum
1796 4589 2196 4679 provinciae
2259 4610 2397 4661 non
2460 4589 2805 4662 obstante.
2879 4588 3136 4662 Nuntii
3201 4594 3434 4661 autem

342 4708 555 4800 regii,
630 4708 948 4781 Manszik
1020 4712 1089 4780 et
1142 4708 1541 4797 Korczbok,
1616 4714 2053 4801 transgresso
2128 4710 2452 4782 mandato
2514 4708 2738 4801 regio,
2804 4710 3102 4800 quadam
3156 4708 3434 4782 temeri-

340 4834 493 4901 tate
548 4828 712 4899 illos
769 4827 1137 4914 incitante,
1195 4850 1349 4901 cnm
1406 4830 1867 4901 Bohemorum
1918 4820 2196 4901 'nuntiis
2235 4829 2306 4901 in
2348 4828 2748 4901 cracoviam
2797 4828 3180 4901 divertunt.
3241 4828 3437 4919 Quod

562 5136 607 5216 ¹)
654 5138 726 5197 de
771 5138 985 5197 iniurIa
1031 5156 1139 5197 sua
1188 5132 1339 5198 Cod.
1388 5134 1579 5197 Rozr.
1644 5134 1699 5214 ²)
1753 5137 1813 5195 in
1874 5138 2065 5213 Regni
2126 5137 2452 5199 subsidium
2513 5134 2641 5198 Ed.
2707 5134 2890 5219 Lips.
2955 5136 3003 5216 ³)
3048 5138 3230 5213 legati
3281 5131 3434 5199 Cod.

340 5240 545 5302 Rozr.
596 5236 655 5317 ⁴)
702 5241 930 5315 legatos
980 5237 1131 5301 Cod.
1177 5238 1369 5299 Rozr.
1421 5238 1471 5315 ⁵)
1520 5240 1729 5299 Ciolek
1776 5236 1928 5299 Cod.
1976 5238 2150 5300 Kost.
2201 5237 2252 5317 ⁶)
2298 5242 2360 5299 in
2401 5242 2566 5317 regia
2595 5241 2759 5301 curia
2789 5240 3026 5300 fuerunt
3059 5234 3210 5301 Cod.
3243 5236 3436 5301 Rozr.

344 5342 403 5421 ⁷)
449 5344 663 5419 Mezyk
708 5344 781 5403 de
827 5344 1126 5419 Dabrowa
1174 5338 1323 5404 Cod.
1344 5378 1350 5383 -
1370 5340 1545 5403 Kost.
1610 5341 1664 5421 ⁸)
1708 5344 2057 5403 Korczbork
2118 5337 2271 5405 Cod.
2337 5337 2513 5405 Calv.
2576 5341 2628 5422 ⁹)
2675 5344 3071 5420 imperitatum
3130 5348 3222 5403 est
3283 5338 3439 5406 Cod.

340 5444 541 5509 Rozr.
597 5444 673 5517 ¹⁰)
722 5447 967 5506 aliorum
1017 5442 1167 5508 Cod.
1213 5444 1405 5507 Rozr.
3341 5448 3358 5465 ⁹

400 5598 447 5641 J.
474 5596 665 5649 munos.
688 5598 865 5639 Hister.
888 5598 1049 5640 Polou.
1077 5596 1126 5639 '1'-
1155 5596 1235 5639 IV.
3026 5576 3098 5635 60
