4342 6384
396 559 532 660 (Α.
571 560 662 634 D.
702 556 933 656 1416.)
1579 580 1806 634 mssa
1857 583 2313 635 uunscmus.
3336 563 3481 634 195

393 787 600 838 suum
650 787 776 859 pro
830 765 1038 850 terris
1093 765 1638 858 Samagittarum
1675 763 2131 856 (limitatione
2169 767 2225 854 ¹)
2280 787 2515 840 earum
2572 765 2859 838 vafricie
2912 766 3155 838 dolosa
3192 767 3331 841 sibi
3365 789 3476 841 re·

391 888 703 975 servata)
757 885 980 958 nullis
1034 906 1342 977 unquam
1396 884 1858 976 temporibus,
1916 906 2351 977 quacumque
2406 885 2679 958 actione
2728 884 2991 977 Regem
3031 889 3101 957 et
3139 886 3478 959 Withaw·

389 1005 558 1077 dum
612 1004 979 1097 impetere,
1037 1009 1106 1078 et
1159 1004 1331 1093 iuri,
1387 1003 1525 1077 sibi
1578 1003 1652 1076 in
1709 1003 1858 1076 illis
1913 1025 2001 1078 ex
2055 1004 2427 1078 donatione
2480 1009 2551 1078 et
2603 1004 3061 1096 inscriptione
3097 1005 3481 1079 Wladislai

390 1123 610 1218 Regis
667 1128 738 1198 et
789 1124 1179 1198 Alexandri
1235 1123 1450 1197 Ducis
1497 1122 1949 1214 competenti,
2007 1128 2078 1196 et
2119 1123 2684 1197 renuntiaturum
2724 1127 2795 1196 et
2830 1145 3223 1212 cessurum,
3280 1125 3477 1197 dum-

387 1243 592 1316 modo
645 1243 980 1316 Poloniae
1033 1245 1190 1316 Rex
1243 1241 1682 1315 Wladislaus
1727 1263 1852 1333 pro
1891 1242 2130 1330 terris,
2186 1242 2548 1330 dominiiS,
2606 1243 2889 1332 castris,
2946 1242 3297 1316 limitibus
3353 1266 3479 1336 per

389 1362 776 1436 cruciferos
831 1361 905 1434 in
959 1362 1200 1455 Regno
1254 1361 1588 1435 Poloniae
1644 1360 2033 1451 occupatis,
2091 1361 2263 1434 item
2297 1381 2423 1453 pro
2463 1361 2769 1450 damnis,
2828 1361 3109 1434 iniuriis
3157 1366 3229 1434 et
3266 1362 3476 1436 offen·

391 1481 708 1554 sionibus
762 1480 948 1553 inter
1003 1503 1158 1554 eum
1215 1486 1286 1554 et
1338 1480 1664 1554 Ordinem
1703 1479 2044 1571 superiori
2083 1485 2393 1572 tempore
2429 1480 2727 1568 exortiS,
2787 1480 2977 1553 omni
3030 1479 3170 1553 iuri
3208 1485 3278 1554 et
3314 1503 3475 1554 cau-

391 1621 508 1674 sae
563 1601 802 1674 cedere
856 1600 1348 1672 consensisset.
1404 1599 1562 1672 Rex
1617 1602 1850 1672 autem
1907 1619 2179 1671 summa
2232 1620 2397 1671 cura
2452 1603 2522 1672 et
2575 1598 2764 1671 omni
2818 1599 3051 1672 studio
3106 1621 3231 1692 pro
3269 1600 3475 1674 resti·

391 1719 666 1794 tutione
703 1723 1042 1792 terrarum
1081 1717 1540 1810 Samagittiae
1575 1717 1836 1788 dudum
1873 1717 2231 1806 laborans,
2290 1717 2534 1790 videns
2572 1715 2771 1788 illam
2810 1716 3013 1790 iuxta
3051 1715 3477 1792 desiderium

390 1861 598 1911 suum
651 1837 1088 1930 provenisse,
1145 1837 1467 1910 effectum
1523 1835 1808 1928 insuper
1860 1835 2054 1928 pacis
2109 1840 2435 1928 satagens
2490 1835 2641 1908 suis
2694 1835 3041 1910 Dominiis
3079 1857 3475 1928 procurare,

385 1962 680 2048 paratus
733 1957 870 2030 fuit
923 1955 1245 2049 Magistri
1299 1961 1369 2030 et
1423 1955 1704 2028 Ordinis
1759 1954 2181 2028 oblationem
2198 2009 2215 2043 ,
2274 1953 2595 2046 quamvis
2652 1959 2819 2027 tunc
2856 1954 2930 2026 in
2968 1959 3309 2028 terrarum
3348 1956 3472 2028 Sa-

387 2074 753 2168 magittiae
804 2077 1014 2168 plena
1066 2074 1506 2167 possessione
1561 2073 1802 2162 fuerit,
1859 2072 2169 2164 accipere
2224 2078 2295 2146 et
2348 2073 2587 2146 foedus
2642 2072 2837 2164 pacis
2892 2077 3265 2164 perpetuae
3318 2095 3477 2146 cum

389 2195 730 2288 Magistro
783 2198 856 2268 et
907 2194 1164 2268 Ordine
1217 2193 1520 2281 sancire,
1577 2193 1894 2286 singulas
1950 2213 2112 2266 vero
2167 2191 2647 2285 quaestiones,
2705 2190 3169 2280 differentias,
3226 2192 3479 2264 damna

387 2321 460 2388 et
513 2313 810 2387 iniurias
866 2313 1274 2388 iudiciariae
1329 2317 1454 2386 aut
1505 2311 1916 2385 arbitrariae
1959 2332 2319 2384 reservare
2356 2309 2724 2398 decisioni,
2782 2331 3007 2401 neque
3042 2310 3227 2382 enim
3265 2331 3382 2384 eos
3412 2311 3477 2400 2)

386 2432 472 2507 de
527 2436 798 2506 caetero
859 2454 986 2523 pro
1053 2432 1202 2505 illis
1263 2453 1387 2523 per
1447 2452 1736 2524 guerras
1791 2451 2077 2518 vexare,
2145 2430 2269 2502 sed
2322 2430 2453 2502 sub
2506 2449 2673 2520 pace
2726 2430 3001 2502 firmata
3053 2428 3477 2503 decisionem

385 2551 788 2638 iuridicam,
853 2556 977 2623 aut
1041 2551 1510 2638 arbitrariam,
1580 2552 1694 2623 vel
1757 2549 1968 2621 aliam
2041 2569 2333 2640 aequam
2403 2546 2820 2640 praestolari
2874 2547 3473 2638 compositionem,

387 2673 803 2762 futuraeque
865 2669 1240 2743 decisionis
1303 2673 1557 2742 sortem
1621 2689 1840 2760 aequo
1905 2667 2134 2741 animo
2188 2668 2511 2758 perferre.
2579 2664 2837 2738 Tenuis
2894 2664 3077 2738 enim
3132 2665 3313 2764 Regi
3364 2687 3471 2739 re-

385 2790 626 2863 stabat
678 2789 764 2862 de
815 2787 1122 2876 damniS‚
1179 2786 1724 2861 alienationibus
1779 2791 1850 2860 et
1901 2785 2185 2859 iniuriis
2241 2785 2468 2878 Regni
2512 2783 2877 2872 Poloniae,
2933 2782 3315 2858 Lithuania
3350 2807 3475 2876 per

383 2907 906 2981 restitutionem
960 2911 1302 2981 terrarum
1359 2905 1820 3000 Samagittiae
1872 2905 2329 2998 reintegrata,
2386 2925 2575 2978 cura.
2635 2904 2971 2996 Magister
3024 2923 3188 2976 vero
3246 2908 3317 2976 et
3362 2905 3477 2976 sui

383 3027 806 3116 consiliarii,
862 3026 1214 3100 oblatione
1267 3025 1462 3118 regia
1517 3026 1812 3117 superbe
1877 3029 1947 3098 et
1999 3027 2406 3116 arroganter
2469 3027 2897 3114 contempta,
2962 3041 3049 3096 ex
3105 3023 3257 3094 loco
3310 3043 3472 3095 con·

384 3145 774 3234 ventioniS,
829 3144 1156 3236 passione
1211 3150 1281 3218 et
1332 3145 1476 3219 bilo
1527 3143 1812 3237 repleti,
1868 3143 2263 3216 Wladislao
2318 3145 2511 3235 Rege
2564 3145 2634 3215 et
2668 3142 3071 3214 Alexandro
3109 3141 3299 3214 Duce
3335 3163 3475 3214 non

383 3264 792 3352 valedictiS,
831 3263 1283 3337 discedebant
1315 3263 1400 3354 ³).
1457 3265 1680 3336 Tanta
1715 3284 1990 3355 quoque
2035 3284 2290 3354 pompa
2343 3261 2679 3354 Magister
2731 3260 3062 3334 Prussiae
3106 3281 3261 3332 cum
3324 3260 3473 3333 suis

380 3383 708 3458 omnibus
763 3382 1078 3476 desipere
1133 3405 1206 3457 se
1260 3381 1708 3470 monstravit,
1766 3386 1848 3454 ut
1902 3381 2364 3455 serenitatem
2420 3399 2649 3460 suam,
2708 3377 3029 3470 quamvis
3075 3377 3151 3451 in
3188 3379 3469 3471 propin·

381 3525 521 3594 quo
578 3507 650 3576 et
702 3503 826 3575 vix
881 3525 922 3576 a
976 3525 1049 3578 se
1103 3502 1190 3574 ad
1244 3502 1505 3575 iactum
1560 3500 1768 3573 unius
1808 3502 2106 3593 sagittae
2142 3500 2552 3586 distantem,
2612 3497 2903 3571 visitare
2940 3497 3306 3590 indignum
3342 3498 3468 3569 du-

379 3622 609 3711 xerit,
675 3621 1113 3696 consiliarios
1167 3642 1443 3713 quoque
1472 3621 1535 3710 ⁴)
1591 3641 1789 3708 suos,
1845 3641 1932 3692 ne
1985 3621 2249 3711 Regem
2304 3617 2653 3710 personali
2710 3615 3118 3689 visitatione
3171 3617 3465 3688 honora·

379 3748 571 3829 rent,
645 3741 1036 3832 prohibuit,
1110 3740 1526 3832 dedignatus
1599 3738 1808 3811 etiam
1840 3737 1900 3824 5)
1965 3757 2052 3810 ex
2109 3737 2441 3826 navibus,
2516 3756 2694 3826 quae
2765 3735 2839 3807 in
2918 3735 3145 3808 medio
3218 3734 3467 3822 amnia,

381 3860 852 3934 retinentibus
907 3881 1024 3932 eas
1079 3858 1434 3945 anchoriS,
1493 3857 1670 3930 sitae
1725 3863 1956 3945 erant,
2013 3857 2424 3930 descensum
2480 3857 2703 3928 facere
2742 3855 3142 3940 interram,
3201 3852 3320 3925 ubi
3360 3859 3466 3925 ta-

379 3979 760 4053 bernacula
832 3999 959 4050 sua
1029 3977 1185 4050 Rex
1249 3981 1321 4049 et
1383 3977 1544 4048 Dux
1617 3980 1996 4068 posuerant
2025 3977 2112 4065 θ).
2187 3976 2353 4047 Ideo
2418 3979 2650 4046 autem
2724 3974 3078 4064 praefatus
3141 3972 3471 4045 Prussiae

379 4098 724 4190 Magister
777 4117 934 4170 cum
989 4097 1173 4184 suis,
1229 4101 1372 4168 tam
1429 4095 1763 4186 superbos
1819 4094 2114 4186 spiritus
2167 4095 2581 4180 hauserant,
2644 4092 2970 4184 quoniam
3008 4113 3132 4182 pro
3170 4112 3244 4163 re
3282 4096 3470 4164 certa

381 4238 459 4290 se
521 4216 855 4289 rebantur
918 4214 1284 4301 conflasse,
1360 4214 1854 4286 Thartarorum
1919 4214 2415 4306 Imperatorem
2481 4233 2637 4284 cum
2705 4211 3019 4283 exercitu
3086 4209 3469 4282 fortissimo

378 4334 836 4420 Lithuaniae,
902 4332 1206 4406 Russiae
1270 4335 1342 4404 et
1402 4330 1734 4405 Poloniae
1801 4337 2024 4404 terras
2089 4333 2176 4405 ab
2238 4353 2410 4419 nna,
2479 4350 2553 4403 se
2608 4351 2772 4402 vero
2829 4349 2985 4402 cum
3041 4328 3192 4401 suis
3247 4328 3470 4420 copiis

375 4476 418 4525 a
450 4457 653 4545 parte
689 4453 940 4540 altera,
999 4453 1320 4544 Regnum
1374 4451 1738 4540 Poloniae,
1797 4451 2376 4543 quemadmodum
2429 4449 2615 4521 inter
2668 4447 3087 4540 Magistrum
3139 4453 3209 4520 et
3247 4449 3461 4519 Thar-

377 4577 611 4644 tarum
664 4591 789 4661 per
843 4569 1313 4643 internuntios
1370 4575 1815 4659 convenerat,
1872 4569 2277 4656 invasuros,
2335 4589 2458 4642 nec
2513 4567 2740 4659 ptine,
2798 4566 2939 4638 nisi
2994 4572 3289 4656 utroque
3328 4567 3463 4638 Do-

379 4689 630 4776 minio,
688 4688 1022 4761 Poloniae
1079 4689 1406 4763 videlicet
1461 4693 1532 4762 et
1577 4688 2029 4776 Lithuaniae,
2087 4692 2363 4760 vastato
2402 4692 2473 4760 et
2510 4687 2825 4773 incenso,
2882 4684 3255 4758 redituros.
3313 4685 3463 4758 Cle-

379 4809 866 4882 mentissimus
920 4813 1152 4880 autem
1207 4809 1429 4894 DeuS,
1488 4807 1561 4880 in
1617 4829 1690 4880 se
1745 4808 2166 4880 confidentes
2205 4827 2341 4878 non
2382 4806 2737 4892 desereire,
2798 4803 3029 4876 omnia
3066 4801 3467 4875 huiusmodi

381 4926 704 5020 Magistri
759 4930 831 4998 et
883 4925 1162 4998 Ordinis
1218 4925 1290 4997 in
1343 4926 1617 4998 ruinam
1682 4924 1908 5018 Regni
1971 4925 2305 4997 Poloniae
2369 4927 2438 4997 et
2501 4924 2817 4996 Ducatns
2883 4920 3304 4994 Lithuaniae
3358 4943 3465 4993 or-

592 5197 640 5274 1)
685 5199 1036 5258 limitatione
1079 5204 1274 5258 tamen
1319 5193 1445 5257 Ed.
1491 5193 1672 5278 Lips.
1724 5193 1779 5270 ⁹)
1827 5197 1886 5254 in
1933 5214 2035 5255 eos
2091 5191 2243 5256 Cod.
2289 5191 2482 5255 Rozr.
2530 5193 2585 5271 3)
2634 5193 3050 5254 discesserunt.
3094 5185 3245 5254 Cod.
3276 5188 3467 5252 Rozr.

379 5295 438 5384 ⁴)
483 5301 660 5362 etiam
712 5294 862 5361 Cod.
908 5297 1102 5360 Rozr.
1152 5297 1204 5377 ⁵)
1249 5300 1491 5376 insuper
1539 5293 1690 5360 Cod.
1736 5294 1928 5357 Rozr.
1980 5293 2030 5374 ⁰)
2076 5303 2424 5375 posuerant,
2469 5296 2675 5356 noluit.
2727 5287 2877 5356 Cod.
2923 5290 3116 5357 Rozr.
