4342 6384
391 563 521 666 (Α.
562 563 653 640 Ι).
695 559 923 662 1414.)
1555 582 1781 637 aman
1833 581 2291 637 nunncnms.
3331 562 3475 636 175

388 771 739 864 reperiens
803 770 1311 863 supellectilem
1329 826 1346 859 ,
1420 769 1802 862 plurimum
1868 790 1942 843 se
2013 789 2102 841 ex
2177 767 2375 841 illius
2438 768 2695 859 praeda
2756 768 3261 859 locupletatum
3333 769 3475 843 lae·

390 891 692 964 tabatur.
752 892 1110 963 Statuerat
1165 894 1399 964 autem
1454 889 1756 961 diffinito
1813 888 2140 976 consili0,
2200 910 2287 961 ex
2344 886 2917 960 Bischoffwerder
2951 908 3199 961 versus
3236 888 3477 961 Chelm

389 1015 456 1084 et
510 1012 792 1084 Thorun
851 1010 1226 1102 producere
1281 1008 1700 1099 exercitum,
1758 1012 1830 1081 et
1884 1008 2215 1100 oppidum
2270 1012 2645 1099 utrumque
2682 1006 3071 1097 obsidione,
3128 1029 3252 1100 pro
3294 1030 3479 1083 com-

388 1137 588 1222 perto
641 1132 904 1203 habens
959 1130 1213 1221 oppida
1267 1129 1453 1221 ipsa,
1528 1130 1728 1201 nulla
1794 1127 2199 1201 resistentia
2253 1130 2670 1216 monstrata,
2729 1126 3150 1200 deditionem
3203 1133 3468 1202 extem-

384 1250 504 1341 plo
561 1251 946 1339 factura1),
1003 1250 1292 1322 vallare.
1349 1248 1608 1321 Verum
1662 1248 2028 1335 cruciferi,
2085 1246 2353 1339 quibus·
2398 1252 2468 1319 et
2502 1246 2915 1320 deliberatio
2953 1246 3147 1339 regia
3200 1249 3465 1337 (nescio

389 1391 527 1461 quo
593 1390 682 1442 ex
737 1368 1163 1441 consiliariis
1234 1368 1448 1461 regiis
1520 1368 1717 1440 illam
1789 1366 2153 1459 prodente)
2222 1371 2292 1439 et
2346 1366 2607 1439 civium
2684 1366 3195 1439 Chelmensium
3269 1373 3477 1460 atque

387 1488 946 1561 Therunensium
1004 1494 1278 1561 matura
1331 1488 1416 1559 ad
1471 1487 1840 1561 delendum
1895 1489 2102 1560 urbes
2159 1508 2323 1559 suas
2380 1486 2743 1576 voluntas,
2801 1487 3233 1577 innotuerat,
3293 1491 3476 1560 frau-

387 1608 594 1681 dibus
650 1615 720 1682 et
772 1608 956 1681 dolis
1011 1607 1346 1681 utendum
1399 1606 1570 1695 rati,
1629 1630 1670 1679 a
1721 1606 2078 1698 proposito
2135 1605 2593 1679 saluberrimo
2648 1610 2719 1679 et
2771 1607 3048 1683 utiliter
3100 1606 3474 1697 destinate,

390 1728 654 1819 Regem
715 1727 790 1799 in
854 1726 1279 1799 Brodniczae
1353 1726 1856 1821 expugnandae
1929 1747 2201 1814 curam,
2274 1726 2360 1797 ab
2426 1746 2538 1814 eo,
2597 1726 2779 1818 quod
2834 1727 2988 1800 Rex
3034 1728 3475 1818 moliebatur,

393 1846 718 1920 aversuri
746 1844 808 1934 ²)
858 1852 930 1919 et
964 1846 1040 1918 in
1076 1845 1508 1919 obsidionem
1545 1846 1784 1937 oppidi
1823 1844 2241 1934 Brodnicza‚
2282 1845 2635 1937 quaslibet
2674 1846 3055 1919 obsidionis
3092 1848 3475 1938 molestias,

391 1966 577 2059 quod
632 1970 702 2039 et
755 1966 898 2039 situ
954 1971 1164 2059 atque
1220 1965 1386 2038 forti
1439 1966 1746 2038 militum
1800 1964 2148 2057 praesidio
2186 1970 2256 2038 et
2293 1965 2805 2038 sufficientibus
2852 1965 3281 2039 victualibus
3317 1972 3477 2041 tuta

397 2092 468 2159 et
519 2085 805 2178 provisa
858 2087 1034 2158 foret
1064 2083 1149 2175 ³),
1207 2084 1282 2157 in
1336 2085 1487 2158 dies
1541 2087 1780 2177 plures
1851 2085 2150 2159 tolerare
2224 2084 2527 2157 valentis
2590 2085 3007 2175 pertracturi
3038 2087 3125 2175 ⁴),
3188 2088 3481 2161 tabella-

390 2204 576 2277 rium
607 2203 668 2293 5)
721 2225 1108 2296 pannosum
1166 2209 1234 2278 et
1271 2209 1616 2297 agrestem
1669 2226 1793 2296 per
1827 2204 2082 2277 itinera
2145 2226 2187 2275 a
2232 2204 2789 2295 speculatoribus
2834 2206 3048 2297 regiis
3114 2207 3481 2281 observata

389 2322 708 2396 incedere
763 2329 874 2414 (ut
927 2323 1082 2414 capi
1136 2328 1406 2414 posset)
1443 2323 1748 2412 iussum,
1809 2345 1966 2396 cum
2002 2323 2233 2395 literis
2271 2304 2977 2415 Magistro'Prussiae
3016 2326 3479 2399 Brodniczen·

391 2442 494 2513 sis
567 2441 1158 2515 commendatoris
1229 2442 1574 2529 titulatis,
1649 2442 2166 2515 transmittunt.
2243 2441 2787 2535 Significabatur
2856 2449 3089 2517 autem
3160 2444 3387 2518 literis
3417 2446 3481 2535 θ)

389 2582 433 2633 a
486 2561 1050 2635 Commendatore
1105 2560 1602 2635 Brodniczensi
1657 2561 1994 2654 Magistro
2033 2561 2106 2633 in
2144 2560 2335 2649 dole,
2396 2561 2727 2652 oppidum
2764 2563 3177 2653 Brodnicza‚
3236 2565 3324 2637 ad
3362 2586 3479 2639 cu·

388 2679 507 2752 ius
561 2680 988 2753 obsidionem
1044 2681 1304 2773 Regem
1360 2680 1844 2768 intellexerat,
1912 2680 2295 2768 militibus,
2365 2680 2486 2773 qui
2541 2681 2725 2771 apud
2779 2682 2993 2773 Ripin
3047 2683 3477 2774 praesidium

389 2798 724 2891 agebant,
783 2798 870 2870 ad
925 2820 1000 2871 se
1053 2820 1299 2871 versus
1338 2800 1724 2873 Brodnicza
1761 2800 2175 2873 descendere
2211 2799 2457 2888 iussiS,
2516 2804 2918 2889 venturum,
2972 2802 3197 2875 nullis
3252 2804 3476 2876 victu-

387 2918 658 3006 alibus,
717 2918 1147 3007 bombardis‚
1205 2919 1326 2991 sed
1380 2940 1603 3011 neque
1658 2918 2006 2992 militibus
2062 2919 2388 2992 fulcitum
2444 2940 2620 2991 esse.
2679 2920 2966 2993 curaret
2991 2921 3238 3015 itaque
3276 2930 3477 2997 nocte

385 3036 826 3128 insequenti,
883 3042 965 3109 ut
1016 3044 1259 3130 gentes
1315 3042 1385 3111 et
1437 3039 1880 3127 bombardae,
1937 3043 2148 3130 atque
2189 3038 2526 3112 victualia
2561 3038 2917 3113 celerrime
2953 3040 3193 3115 mittat
3225 3044 3311 3131 ⁷),
3370 3064 3475 3116 se-

387 3178 522 3229 cus
576 3158 840 3248 agendo
894 3165 1128 3231 certus
1193 3158 1402 3245 foret,
1469 3157 1830 3232 civitatem
1893 3159 2082 3232 ultro
2137 3158 2213 3233 in
2265 3163 2684 3251 potestatem
2736 3158 2955 3252 Regis
3008 3181 3133 3253 per
3184 3162 3477 3235 deditio-

385 3297 558 3348 nem
609 3282 1124 3368 perventuram.
1181 3278 1439 3369 Captus
1495 3277 1734 3369 itaque
1788 3276 2250 3351 Crucifericus
2304 3277 2628 3367 nuntius,
2685 3278 2917 3351 literis
2954 3281 3140 3372 apud
3176 3280 3381 3353 illum
3413 3281 3477 3371 ⁸)

381 3395 728 3487 repertiS,
785 3396 1378 3470 consultissimam
1435 3396 1651 3489 Regis
1689 3396 2260 3471 deliberationem
2298 3398 2677 3473 damnavit.
2736 3398 2867 3490 Qui
2906 3398 3324 3491 scripturam
3362 3401 3476 3473 de-

381 3516 841 3608 prehensam,
908 3537 1142 3588 veram
1207 3538 1344 3588 non
1398 3517 1709 3589 dolosam
1772 3522 2002 3604 ratus,
2068 3522 2272 3590 nocte
2337 3516 2735 3609 insequenti
2800 3518 3099 3591 sedecim
3152 3520 3482 3593 banderia

379 3634 713 3727 gentium
761 3656 1042 3707 suarum
1082 3635 1168 3707 ad
1208 3634 1662 3708 obsidendum
1718 3636 2229 3709 Brodniczense
2284 3635 2648 3727 oppidum,
2708 3642 2776 3709 et
2822 3638 2909 3710 ad
2952 3638 3481 3730 providendum,

381 3774 486 3825 ne
543 3753 912 3845 quicquam
965 3754 1054 3826 ad
1109 3753 1288 3825 illud
1344 3754 1705 3846 importari
1759 3762 2027 3847 posset,
2085 3754 2529 3828 transmittit.
2597 3756 2761 3848 Ipse
2826 3777 2982 3830 cum
3044 3757 3317 3851 agmine
3371 3778 3477 3831 re·
3573 3742 3582 3749 ’

381 3873 626 3965 liquo,
691 3873 892 3946 falsis
956 3873 1182 3947 literis
1247 3874 1682 3963 ludificatus,
1751 3874 1824 3947 in
1879 3874 1990 3947 die
2045 3874 2517 3947 Exaltationis
2585 3876 2881 3949 Sanctae
2942 3876 3185 3950 Crucis
3235 3897 3489 3969 petre-2

375 3991 628 4079 niens,
685 3992 842 4065 dedi
896 3992 1034 4065 sibi
1089 3994 1418 4085 oppidum
1483 3996 1704 4067 altero
1767 4000 1890 4067 aut
1953 3994 2162 4067 tertio
2217 3995 2329 4067 die
2361 3996 2819 4087 ¹expectabat.
2889 3995 3059 4069 Cum
3112 4001 3345 4069 autem
3400 3997 3475 4069 in

374 4110 584 4183 diem
635 4111 1006 4202 septimum
1062 4134 1280 4185 vanae
1335 4112 1483 4205 spei
1540 4115 1778 4187 nullus
1831 4113 2310 4206 respondisset
2364 4114 2687 4203 effectuS,
2740 4116 3143 4190 Alexander
3177 4117 3475 4210 Magnus

373 4228 820 4303 Lithuaniae
882 4232 1077 4320 Dux,
1144 4232 1404 4305 dudum
1467 4233 1554 4305 ad
1615 4233 2043 4307 redeundum
2106 4233 2495 4325 proclivu8‚
2554 4256 2595 4307 a
2647 4235 2837 4328 Rege
2902 4240 2973 4308 et
3045 4236 3475 4310 consiliariis

371 4349 930 4441 necquicquam,
985 4356 1068 4422 ut
1121 4372 1196 4424 se
1249 4352 1666 4442 contineret,
1725 4357 2010 4445 rogatus
2059 4358 2127 4425 et
2162 4375 2574 4444 persuasus,
2630 4374 2753 4446 per
2805 4354 3187 4428 Masoviam
3227 4356 3481 4430 itinere

370 4470 652 4556 altero,
709 4489 1066 4545 occurrere
1120 4470 1259 4543 sibi
1311 4472 1548 4545 hostes
1604 4472 1905 4560 veritus,
1963 4471 2038 4544 in
2091 4472 2544 4545 Lithuaniam
2600 4473 2919 4559 discedit.
2978 4472 3167 4565 Quae
3220 4475 3479 4551 disces·-

371 4589 506 4661 sio
561 4587 743 4661 inter
792 4589 1055 4681 Regem
1110 4595 1180 4663 et
1233 4611 1389 4663 eum
1445 4592 1533 4663 ad
1585 4590 2058 4664 clandestinas
2115 4592 2513 4665 simultates
2552 4597 2623 4665 et
2660 4593 2825 4665 odia·
2852 4598 3316 4686 processerat,
3358 4596 3473 4666 ‚of-

369 4705 760 4799 fensioque
812 4708 1066 4780 exhinc
1119 4708 1508 4783 animorum
1574 4710 1759 4783 inter
1819 4712 2081 4803 Regem
2136 4717 2206 4784 et
2260 4712 2519 4785 Ducem
2586 4717 3039 4802 mutabat,-
3083 4714 3305 4807 magis
3358 4716 3475 4787 be-

367 4826 833 4902 nevolentiae
888 4828 1191 4900 officium
1250 4829 1602 4919 minuens,
1670 4852 1877 4922 quam
1941 4836 2218 4922 apertas
2285 4831 2682 4905 simultates
2737 4832 3479 4925 introducens3-.q11am

365 4957 636 5022 tamen
687 4948 850 5019 Dux
909 4947 1348 5021 Withawdus
1387 4948 1460 5021 in
1498 4949 1650 5041 ipso
1689 4970 1850 5023 mox
1891 4955 2046 5023 ortu
2085 4951 2375 5024 moleste
2416 4952 2677 5041 ferens,
2734 4952 3007 5025 curavit
3044 4953 3485 5046 extinguere,-

618 5234 662 5314 ¹)
707 5255 839 5297 esse
891 5237 1121 5298 factura
1176 5232 1327 5300 eod.
1383 5235 1574 5299 Rozr.
1631 5236 1684 5315 ²)
1727 5241 2001 5301 avertunt
2071 5235 2225 5301 Cod.
2280 5238 2473 5302 Roma
2532 5239 2585 5320 ³)
2640 5246 2827 5302 tutum
2872 5246 2933 5303 et
2974 5244 3273 5319 provisum
3327 5251 3485 5305 esset

366 5335 556 5404 Cod.
605 5334 792 5401 Rozr.
841 5334 926 5416 ⁴)
940 5340 1288 5416 pertrahunt
1335 5334 1485 5401 Cod.
1531 5336 1724 5402 Rozr.
1775 5337 1824 5421 ⁵)
1873 5342 2027 5402 Nam
2069 5342 2439 5403 tabellarium
2490 5338 2640 5405 Cod.
2686 5340 2877 5405 Rozr.
2927 5341 2979 5423 ⁸)
3025 5346 3311 5407 eiusmodi
3356 5348 3483 5408 lite-

359 5446 474 5507 ris
529 5436 684 5501 Cod.
729 5437 920 5502 Rozr.
971 5438 1026 5523 ⁷)
1070 5442 1300 5503 mittere
1350 5436 1502 5504 Cod.
1547 5440 1738 5504 Rozr.
1789 5441 1843 5522 8)
1887 5446 2044 5523 apud
2090 5430 2156 5505 se
2204 5440 2356 5507 Cod.
2403 5442 2595 5515 Rezr,
