4342 6384
898 599 1050 678 402
2084 618 2313 677 LIBER
2362 617 2823 677 nuntiemus.
2928 591 2937 599 ’
3424 597 3557 702 (Α.
3598 600 3688 674 D.
3732 594 3987 699 1430.)

899 833 1056 905 gem
1110 809 1560 898 Lithuaniae‚
1617 828 1984 901 processus
2039 808 2265 880 omnis
2303 807 2769 881 coronationis
2807 813 2876 882 et
2911 808 3267 882 unctionis
3303 807 3686 882 Withawdi
3723 812 3795 881 et
3830 829 3983 882 eon-

900 931 1110 1004 sortis
1181 951 1348 1003 suae
1417 930 1739 1001 Iulianae
1811 929 1885 1000 in
1941 929 2204 1021 Regem
2271 933 2341 1001 et
2406 929 2783 1021 Reginam,
2841 932 2911 1002 et
2964 929 3112 1021 liga
3182 933 3521 1021 perpetua
3591 924 3985 1021 Regnorum

897 1048 1298 1139 Hungariae
1355 1055 1426 1121 et
1480 1048 1857 1122 Bohemiae
1919 1070 2076 1121 eum
2140 1048 2556 1137 Lithuania,
2626 1048 2998 1122 cruciferis
3064 1049 3149 1120 de
3213 1048 3506 1121 Prussia
3570 1053 3639 1122 et
3692 1047 3987 1120 Livonia

891 1169 970 1240 in
1023 1168 1430 1242 societatem
1484 1169 1888 1242 huiusmodi
1939 1168 2274 1260 receptis,
2333 1167 2901 1257 continebantur,
2967 1168 3053 1241 de
3106 1169 3299 1261 Rege
3354 1173 3424 1240 et
3476 1169 3718 1259 Regno
3784 1166 3983 1239 Polo-

893 1288 1052 1362 niae
1105 1289 1347 1361 crebra
1399 1288 1692 1377 mentio,
1752 1309 1930 1380 quae
1984 1289 2101 1362 vel
2154 1287 2527 1380 sugillaret
2581 1289 2697 1360 vel
2749 1290 3063 1378 carperet
3118 1292 3379 1360 statum
3437 1309 3707 1376 eorum,
3770 1287 3987 1358 multa

896 1429 1172 1500 quoque
1227 1408 1368 1480 alia
1421 1407 1859 1481 clandestina
1929 1409 2395 1496 avisamenta,
2470 1428 2647 1498 quae
2720 1407 3023 1498 speciem
3096 1407 3673 1480 tradimentorum
3738 1405 3987 1478 habere

893 1527 1315 1600 videbantur
1342 1528 1420 1617 ¹).
1460 1527 1732 1600 Hilaris
1769 1528 1901 1600 tali
1938 1548 2267 1600 successu
2304 1527 2742 1600 Wladislaus
2779 1527 3113 1599 Poloniae
3142 1527 3296 1601 Rex
3323 1528 3707 1600 Iohannem
3737 1525 3981 1598 Gzarn-

845 1725 850 1730 ,
895 1647 1204 1739 kowsky,
1262 1647 1346 1720 de
1400 1647 1534 1719 fide
1589 1653 1660 1720 et
1714 1647 2119 1720 sinceritate
2174 1647 2248 1718 in
2304 1669 2379 1720 se
2416 1651 2485 1718 et
2522 1648 2845 1738 Regnum
2911 1666 3117 1718 suum
3172 1647 3726 1719 commendatum
3751 1702 3768 1735 ‚
3828 1644 3989 1716 altis

898 1763 1394 1858 largitionibus
1450 1771 1662 1858 atque
1716 1766 1918 1838 donis
1971 1770 2393 1839 remunerat.
2449 1765 2669 1838 Laeta
2722 1765 3053 1838 universo
3109 1766 3347 1858 Regno
3403 1767 3577 1838 haec
3618 1765 3759 1837 fuit
3796 1763 3987 1835 novi-

897 1889 1041 1972 tas,
1099 1885 1365 1977 singuli
1420 1907 1692 1976 quoque
1747 1887 2128 1958 Iohannem
2184 1885 2688 1976 Czarnkowsky
2742 1905 2869 1977 pro
2924 1889 3125 1958 tanta
3187 1886 3323 1958 fide
3377 1889 3448 1958 et
3502 1905 3709 1976 opera
3763 1884 3839 1956 in
3873 1904 3989 1975 pa-

899 2004 1108 2077 triam
1161 2005 1360 2076 miris
1415 2005 1745 2076 laudibus
1801 2004 2180 2077 celebrant.

899 2358 1021 2432 Alii
1064 2353 1271 2447 legati
1315 2355 1702 2448 Sigismundi
1745 2357 2167 2429 Romanorum
2211 2356 2406 2447 Regis
2451 2375 2591 2429 cum
2638 2359 2893 2430 coronis
2933 2357 3018 2429 ad
3046 2355 3481 2430 Withavdum
3524 2356 3773 2443 missis,
3816 2358 3991 2426 metu

1205 2478 1579 2550 Polonorum
1624 2477 1960 2550 custodias
2005 2479 2339 2568 agentium
2384 2477 2661 2568 perculsi
2674 2534 2691 2565 ,
2745 2477 2829 2549 ad
2874 2477 3344 2567 sigismundum
3388 2475 3685 2547 redeunt.

1102 2725 1196 2797 Et
1251 2724 1576 2817 quoniam
1631 2745 1718 2798 ex
1772 2724 2002 2798 literis
2060 2723 2497 2816 Sigismundi
2531 2723 2751 2816 Regis
2787 2725 3259 2798 Romanorum
3306 2722 3552 2794 taliter
3587 2721 3991 2812 interceptis

897 2849 1165 2918 certum
1221 2849 1401 2932 erat,
1458 2843 1753 2916 nuntios
1808 2844 2158 2917 notabiles
2216 2847 2363 2915 tum
2420 2864 2507 2916 ex
2561 2847 2761 2934 parte
2817 2842 3134 2933 Imperii,
3194 2847 3343 2913 tum
3397 2861 3487 2914 ex
3540 2846 3741 2933 parte
3794 2841 3987 2913 Hun-

899 2961 1138 3056 gariae
1193 2968 1262 3036 et
1315 2962 1694 3035 Bohemiae
1748 2963 2181 3056 Regnorum,
2240 2983 2395 3035 cum
2450 2962 2723 3035 coronis
2769 2982 2895 3054 per
2932 2961 3309 3035 Saxoniam
3348 2983 3594 3034 versus
3632 2960 3989 3034 Prussiam

901 3082 1280 3154 transitum
1337 3083 1677 3169 facturos;
1733 3087 1803 3154 et
1857 3103 1946 3155 ex
1999 3087 2199 3174 parte
2263 3082 2542 3175 quidem
2607 3082 2897 3173 Imperii
2960 3082 3375 3155 mittebatur
3428 3081 3986 3172 archiepiscopus

902 3201 1554 3293 Maydeburgensis,
1614 3222 1701 3274 ex
1756 3206 1953 3293 parte
2006 3201 2236 3294 Regni
2264 3200 2329 3291 2)
2385 3201 2792 3294 Hungariae
2844 3202 3098 3274 Petrus
3154 3201 3365 3294 Iugo,
3432 3200 3625 3273 filius
3679 3201 3987 3288 Henrici‚

905 3320 1442 3394 Tavernicorum
1496 3320 1840 3412 regalium
1895 3321 2262 3414 Magister,
2318 3321 2745 3394 Laurentius
2800 3321 2884 3394 de
2922 3321 3298 3394 Hedrewar
3326 3319 3388 3411 3)
3442 3323 3853 3413 Agazonum
3889 3341 3989 3393 re·

901 3441 1168 3534 galium
1223 3441 1594 3534 Magister,
1651 3440 2026 3514 Ladislaus
2080 3441 2472 3513 Ianitorum
2526 3441 2869 3534 regalium
2934 3420 3301 3533 Magister,
3370 3462 3456 3513 ex
3508 3445 3709 3532 parte
3738 3441 3802 3530 ⁴)
3858 3441 3987 3514 Re-

905 3561 1030 3654 gni
1083 3561 1460 3634 Bohemiae
1513 3562 1676 3633 Dux
1723 3561 2060 3634 Przemko
2099 3561 2563 3653 Oppaviensis
2601 3564 2673 3634 et
2707 3559 2935 3633 Potha
2970 3560 3056 3632 de
3093 3562 3579 3634 Pothenschen
3617 3561 3987 3648 BohemuS,

906 3681 1333 3774 specialibus
1397 3680 1868 3774 legationibus
1931 3702 2056 3773 pro
2120 3681 2427 3772 Imperio
2493 3685 2563 3754 et
2617 3679 2887 3773 Regnis
2952 3681 3134 3772 apud
3201 3680 3676 3752 Withawdum
3738 3680 3991 3753 Ducem

906 3801 1139 3890 usuri,
1199 3800 1402 3893 quasi
1456 3799 1777 3874 concordi
1831 3805 1994 3873 voto
2050 3804 2122 3872 et
2175 3821 2517 3873 consensu
2571 3799 2863 3891 Imperii
2918 3804 2987 3872 et
3039 3800 3439 3892 Regnorum
3482 3798 4001 3891 praedictorum

911 3921 1264 3994 coronatio
1322 3920 1476 4012 ipsa
1529 3920 1887 3994 debuisset
1940 3919 2407 4012 privilegiari,
2466 3919 2716 3992 extolli
2754 3923 2823 3992 et
2859 3919 3215 4012 insigniri:
3271 3920 3507 4011 itaque
3561 3920 3993 3992 wladislaus

905 4039 1240 4112 Poloniae
1313 4040 1468 4111 Rex
1542 4041 1834 4113 eundem
1907 4040 2290 4112 Iohannem
2363 4039 2865 4131 Czarnkowsky
2928 4039 3287 4112 viceversa
3350 4038 3438 4112 ad
3492 4040 3993 4113 observandum

909 4159 1230 4231 strictius
1286 4163 1356 4230 et
1414 4158 1823 4251 diligentius
1879 4179 2116 4231 omnes
2168 4157 2357 4247 viaS,
2412 4179 2541 4250 per
2594 4180 2766 4250 quas
2821 4159 3057 4230 nuntii
3121 4179 3277 4232 cum
3342 4159 3613 4233 coronis
3669 4159 3845 4232 ituri
3898 4160 3991 4231 fo·

907 4281 1098 4366 rent,
1153 4277 1477 4350 remittit.
1536 4278 1676 4350 Sed
1713 4277 1775 4350 is
1813 4279 2107 4351 adversa
2141 4283 2213 4351 et
2250 4279 2451 4370 gravi
2498 4277 2939 4370 aegritudine
2978 4283 3371 4370 correptus,
3428 4278 3801 4351 commissa
3839 4300 3991 4352 exc-

910 4397 1031 4489 qui
1085 4419 1223 4469 non
1280 4397 1537 4488 potuit.
1595 4399 1905 4470 Barones
1959 4402 2193 4470 autem
2248 4403 2319 4471 et
2371 4398 2642 4471 nobiles
2696 4398 3004 4489 partium
3058 4397 3345 4470 Maioris
3382 4397 3749 4487 Poloniae,
3808 4399 3993 4471 vide·

907 4518 1077 4590 licet
1141 4516 1610 4609 Sandivogius
1675 4517 1760 4590 de
1823 4517 2158 4610 Ostrorog
2219 4518 2581 4608 palatinus
2644 4521 2715 4590 et
2778 4517 3185 4608 capitaneus
3258 4517 3795 4605 Posnaniensis,
3862 4519 3993 4590 Do-

907 4634 1308 4730 brogostius
1363 4635 1447 4708 de
1503 4636 1938 4709 Schamotuli
1992 4636 2491 4710 Posnaniensis
2558 4637 3017 4725 castellanus,
3083 4637 3427 4709 Iarandus
3482 4637 3566 4710 de
3619 4637 3994 4710 Brudzewo

904 4756 1264 4849 palatinus
1319 4756 1968 4844 wladislaviensiS‚
2043 4762 2114 4830 et
2165 4757 2357 4830 clara
2407 4757 2677 4848 patriae
2732 4756 2990 4844 sidera,
3050 4755 3336 4830 iuvenes
3385 4757 3750 4830 certificati
3789 4778 3874 4830 ex
3910 4756 3995 4828 li-

908 4877 1078 4950 teris
1131 4876 1542 4968 interceptis
1607 4876 1691 4950 de
1745 4877 2183 4966 nuntiorum,
2253 4876 2375 4968 qui
2436 4897 2723 4950 coronas
2804 4877 3148 4964 ferebant,
3225 4877 3563 4966 adventu,
3642 4877 3850 4969 quasi
3911 4896 3996 4950 ex

911 4998 1327 5088 composite,
1393 4998 1592 5069 nullo
1659 5001 1980 5070 monente
2035 5001 2157 5069 aut
2210 4997 2614 5085 mandante,
2682 5017 2873 5069 arma
2927 4998 3287 5070 celerrime
3343 5001 3660 5086 sumunt,
3720 5001 3793 5070 et
3846 5018 3997 5070 cum

911 5117 1226 5207 potentia
1277 5116 1576 5190 notabili
1631 5121 1701 5191 et
1755 5116 2070 5190 exercitu
2125 5115 2561 5189 validissimo
2618 5116 2957 5189 stationes
3012 5117 3085 5189 in
3124 5116 3536 5206 solitudine,
3575 5117 3650 5189 in
3689 5118 3842 5190 loco
3880 5116 3995 5209 qui

1131 5383 1180 5470 ¹)
1225 5387 1605 5467 videbantur,
1651 5389 1875 5449 eisdem
1919 5389 2200 5450 adiuncta
2242 5388 2492 5449 fuerant.
2542 5383 2696 5452 Cod.
2742 5387 2935 5452 Rorz.
3000 5389 3052 5469 ²)
3098 5392 3282 5468 Regis
3338 5387 3489 5454 eod.
3536 5387 3730 5455 Rozr.
3788 5389 3847 5472 ³)
3886 5391 3995 5450 He·

921 5489 1136 5552 dririaz
1186 5483 1338 5551 (lod.
1382 5487 1560 5552 Kost.
1605 5489 1706 5572 (de
1749 5490 2116 5569 Hederwar).
2164 5487 2218 5570 ⁴)
2265 5509 2338 5552 ex
2380 5496 2550 5568 parte
2592 5511 2735 5552 vero
2782 5486 2934 5554 Cod.
2980 5489 3173 5557 Rozr.
