4342 6384
794 526 941 604 184
1973 544 2200 603 mmm
2251 540 2709 603 annuemus.
3343 525 3477 626 (Α.
3519 518 3610 600 D.
3653 524 3864 636 1414..

788 741 1031 825 tatem,
1090 735 1213 808 sed
1266 735 1455 808 vitae
1510 733 1834 807 meritum
1890 736 2163 808 efficere
2217 735 2580 827 potiorem.
2637 735 2934 806 Animas
2991 755 3027 806 e
3083 734 3486 826 corporibus
3543 734 3872 808 exceden-

791 860 929 944 teS,
988 859 1111 926 aut
1164 855 1239 927 in
1294 858 1613 928 aeternas
1670 875 1707 926 e
1761 854 2064 946 vestigio
2118 876 2378 946 poenas
2432 854 2691 946 mergi,
2759 858 2884 925 aut
2937 858 3274 946 perpetua
3327 855 3661 946 consequi
3711 876 3874 948 gau-

788 975 939 1060 dia;
1004 974 1485 1067 purgatorium
1549 974 1780 1067 ignem
1844 974 2101 1047 nullibi
2166 973 2494 1047 inveniri.
2572 974 2848 1046 Vanum
2914 994 3067 1046 esse
3123 994 3316 1046 orare
3378 995 3504 1065 pro
3559 975 3873 1062 mortuiS,

789 1099 859 1166 et
912 1093 1253 1167 avaritiae
1308 1093 1763 1166 sacerdotalis
1821 1093 2186 1166 inventum
2229 1095 2308 1183 ¹).
2366 1093 2496 1165 Dei
2550 1098 2620 1166 et
2659 1095 3074 1166 Sanctorum
3129 1092 3472 1185 imagines
3526 1093 3874 1167 delendas.

786 1214 1182 1305 Aquarum,
1247 1213 1779 1305 palmarumque
1831 1212 2352 1286 benedictiones
2406 1212 2817 1285 irridendus,
2895 1213 3444 1285 Mendicantium
3505 1213 3875 1305 religiones

788 1334 1009 1406 malos
1064 1333 1431 1405 daemones
1488 1331 1866 1405 invenisse.
1928 1329 2335 1404 Sacerdotes
2387 1353 2730 1423 pauperes
2787 1353 2940 1404 esse
2979 1333 3254 1420 debere,
3313 1333 3464 1405 sola
3517 1336 3876 1406 contentos

788 1452 1249 1544 eleemosyna.
1305 1450 1627 1524 Liberam
1683 1451 1934 1543 cuique
1988 1451 2185 1523 verbi
2247 1450 2833 1542 praedicationem
2888 1456 3148 1542 patere.
3223 1451 3520 1524 Nullum
3578 1453 3874 1545 capitale

788 1576 1181 1663 peccatum,
1240 1569 1695 1662 quantumvis
1750 1569 2034 1642 maioris
2090 1570 2258 1641 mali
2323 1569 2596 1642 vitandi
2647 1570 2910 1662 gratia,
2969 1571 3430 1644 tolerandum.
3511 1571 3647 1664 Qui
3699 1595 3874 1644 mor-

790 1691 957 1762 talis
1022 1692 1270 1782 culpae
1342 1711 1505 1762 reus
1569 1689 1696 1776 sit,
1755 1710 1913 1762 eum
1976 1711 2202 1781 neque
2255 1689 2631 1778 saeculari,
2713 1711 2936 1782 neque
2991 1690 3466 1764 ecclesiastica
3536 1691 3876 1784 dignitate

788 1809 1035 1901 potiri,
1092 1831 1318 1901 neque
1370 1808 1751 1901 parendum
1809 1808 1895 1881 ei.
1952 1808 2591 1897 confirmationem,
2659 1829 2868 1900 quam
2924 1809 3300 1883 'chrismate
3353 1811 3721 1902 pontifices
3776 1810 3874 1883 iu-

790 1928 1088 2017 ducunt,
1146 1933 1215 2000 et
1268 1927 1668 2001 unctionem
1723 1931 2136 2016 extremam,
2195 1926 2379 2000 inter
2417 1926 2749 2000 ecclesiae
2777 1926 2841 2017 2)
2881 1928 3328 2001 Sacramenta
3379 1928 3669 2004 minime
3721 1950 3874 2002 cou-

791 2047 1025 2120 tiueri.
1080 2047 1567 2120 Auricularem
1622 2046 2122 2120 confessionem
2179 2068 2513 2138 nugacem
2569 2068 2753 2135 esse,
2813 2048 3130 2120 sufficere
3185 2069 3314 2119 sua
3367 2069 3682 2140 quaeque
3737 2049 3875 2122 Deo

796 2166 870 2237 in
925 2165 1144 2239 cubili
1198 2187 1323 2237 suo
1362 2166 1679 2238 confiteri
1732 2173 2037 2258 peccata.
2096 2166 2538 2258 Baptismum
2578 2166 2888 2239 fluvialis
2944 2164 3200 2255 undae,
3258 2168 3458 2239 nulla
3510 2167 3875 2266 interiecta

794 2285 974 2358 sacri
1012 2285 1146 2358 olei
1185 2284 1516 2371 mixtura,
1555 2285 2052 2377 recipiendum.
2093 2285 2530 2358 Cimiterium
2567 2286 2641 2359 in
2677 2287 2954 2358 inanem
2995 2308 3232 2373 usum,
3273 2291 3608 2378 quaestus
3647 2308 3874 2374 causa,

790 2409 1176 2496 repertum:
1236 2425 1669 2496 quacumque
1708 2410 2035 2497 tegantur
2090 2406 2346 2478 tellure
2399 2407 2704 2478 humana
2741 2426 3059 2497 corpora,
3117 2405 3300 2478 nihil
3334 2406 3620 2479 distare.
3681 2408 3872 2478 Tem·

790 2526 986 2617 plum
1042 2524 1170 2597 Dei
1226 2525 1367 2596 late
1418 2533 1667 2616 patens
1721 2523 1954 2615 ipsum
2008 2508 2343 2596 mundum
2384 2545 2567 2597 esse:
2627 2529 2978 2598 coarctare
3030 2525 3468 2597 maiestatem
3523 2525 3709 2610 eius,
3757 2525 3880 2617 qui

791 2643 1154 2732 ecclesias,
1231 2643 1655 2716 monasteria
1717 2646 1789 2715 et
1852 2642 2153 2715 oratoria
2219 2647 2637 2715 construunt
2667 2643 2753 2732 3),
2829 2648 3160 2734 tanquam
3225 2644 3571 2736 propitior
3640 2644 3714 2716 in
3777 2644 3878 2718 eis

791 2762 1033 2835 divina
1084 2762 1363 2836 bonitas
1417 2762 1841 2835 inveniatur.
1902 2762 2382 2836 Sacerdotales
2439 2767 2704 2849 vestes),
2763 2763 3092 2834 altarium
3132 2769 3568 2850 ornamenta,
3625 2764 3874 2855 pallas,

791 2881 1209 2973 corporalia,
1277 2881 1564 2970 calices,
1628 2889 1953 2974 patenas,
2030 2903 2334 2973 vasaque
2399 2881 2911 2970 huiuscemodi,
2981 2881 3164 2953 nihil
3215 2882 3468 2956 habere
3523 2883 3876 2956 momenti.

795 3000 1234 3073 Sacerdotem
1300 3021 1735 3092 quocumque
1796 3002 1979 3088 loco,
2055 3021 2490 3091 quocumque
2556 3005 2894 3092 tempore,
2962 3023 3236 3073 sacrum
3300 3003 3564 3094 Corpus
3619 3002 3878 3076 Christi

792 3121 1124 3192 conficere
1177 3140 1415 3210 posse,
1475 3119 2019 3210 petentibusque
2056 3118 2485 3208 ministrare,
2545 3121 2895 3207 sufficere,
2954 3119 3017 3192 si
3054 3122 3267 3193 verba
3323 3125 3598 3193 tantum
3653 3143 3876 3195 sacra·

792 3239 1127 3310 mentalia
1179 3237 1462 3311 dixerit.
1538 3237 1883 3332 Suffragia
1948 3239 2362 3311 Sanctorum
2425 3239 2565 3312 iam
2608 3238 2703 3311 in
2757 3239 2970 3312 coelis
3037 3260 3192 3312 cum
3248 3240 3524 3313 Christo
3585 3263 3875 3334 regnan-

792 3357 969 3430 tium
1026 3359 1288 3430 frustra
1340 3356 1730 3448 impetrari,
1800 3379 1975 3450 quae
2029 3357 2273 3430 iuvare
2335 3380 2472 3430 non
2526 3363 2848 3450 possunt.
2925 3359 3011 3431 In
3066 3359 3418 3432 canonicis
3470 3361 3663 3433 horis
3717 3381 3877 3434 cau-

786 3477 1053 3566 tandiS,
1111 3475 1562 3568 dicendisque
1618 3479 1877 3550 frustra
1916 3483 2192 3568 tempus
2231 3477 2385 3549 teri.
2439 3477 2660 3549 Nulla
2699 3477 2811 3550 die
2865 3478 2953 3550 ab
2991 3479 3390 3568 operatione
3443 3481 3877 3568 cessandum,

788 3597 931 3670 nisi
984 3617 1161 3689 quae
1215 3595 1581 3668 Dominica
1641 3616 1827 3668 nuuc
1881 3597 2315 3687 appellatum
2389 3595 2831 3668 celebritates
2887 3597 3298 3669 Sanctorum
3349 3620 3660 3690 prorsus
3713 3600 3877 3672 reii-

790 3716 1094 3790 ciendaS.
1151 3715 1451 3788 Ieiuniis
1506 3736 1780 3806 quoque
1833 3715 1918 3786 ab
1958 3714 2255 3787 ecclesia
2309 3713 2664 3786 institutis
2701 3714 2884 3787 nihil
2938 3714 3168 3789 inesse
3204 3717 3461 3790 meriti.
3519 3718 3785 3790 Sbinko
3815 3719 3880 3806 ⁴)

792 3835 1199 3928 cognomine
1251 3835 1511 3926 Lepus,
1568 3833 1887 3921 consilio,
1946 3833 2178 3906 animo
2233 3839 2302 3906 et
2337 3832 2709 3906 nobilitate
2744 3834 3082 3921 illustriS,
3139 3835 3559 3927 Prageusem
3597 3839 3884 3930 regebat

791 3954 1225 4040 cathedram3
1297 3953 1635 4026 orientem
1668 3952 1729 4042 5)
1786 3974 2087 4025 errorem
2142 3951 2619 4040 extincturuS,
2686 3953 2984 4025 ducenta
3037 3957 3108 4024 et
3161 3955 3465 4046 amplius
3520 3957 3884 4028 volumina

790 4072 1128 4146 Iohannis
1184 4071 1480 4163 Vicleph
1532 4072 1999 4163 pulcherrime
2052 4071 2448 4162 conscript-a
2501 4069 2662 4162 igne
2715 4071 3061 4144 comburit
3115 4078 3186 4145 et
3237 4075 3537 4146 Iohanni
3591 4076 3788 4147 Huss
3817 4077 3882 4166 6)

789 4191 1373 4283 praedicationem
1427 4190 1817 4264 interdicit:
1892 4189 2013 4282 qui
2068 4191 2297 4282 Praga
2351 4189 2720 4277 excedens,
2787 4192 2972 4282 apud
3035 4190 3281 4263 villam
3347 4214 3514 4266 suae
3588 4194 3886 4287 originis

796 4312 1022 4383 multa
1092 4310 1166 4382 in
1230 4311 1699 4383 Romanorum
1762 4310 2171 4383 Praesulem
2198 4365 2214 4397 ,
2289 4313 2734 4400 caeterosque
2785 4311 3183 4401 pontifices,
3257 4314 3489 4384 relatu
3565 4313 3882 4406 indigna,

789 4429 1094 4504 docendo
1148 4428 1468 4520 populos,
1526 4430 1905 4520 expuebat,
1962 4433 2318 4516 astruens,
2363 4429 2666 4501 decimas
2721 4450 2858 4501 non
2899 4450 3098 4503 secus
3139 4453 3346 4522 quam
3401 4433 3887 4524 eleemosynas

791 4549 1268 4624 sacerdotibus
1323 4547 1585 4619 dandas
1641 4569 1816 4621 esse.
1873 4547 2199 4619 Nondum
2255 4569 2442 4620 error
2473 4549 2532 4636 ⁷)
2587 4547 2956 4640 utriusque
3011 4551 3266 4640 speciei
3319 4559 3600 4642 pectora
3653 4553 3886 4625 homi-

787 4689 955 4741 num
1008 4672 1446 4760 pervaserat,
1522 4668 1644 4740 sed
1708 4667 1955 4739 attulit
2018 4688 2268 4739 novam
2333 4673 2602 4758 pestem
2668 4669 2920 4740 Petrus
2988 4669 3394 4757 DrasensiS,
3461 4671 3586 4762 qui
3647 4671 3890 4763 patria

790 4789 1059 4861 Missua
1110 4788 1396 4879 pulsuS,
1454 4787 1753 4879 Pragam
1789 4788 1989 4859 velut
2041 4785 2545 4858 haereticorum
2601 4788 2905 4878 asylum,
2954 4810 2995 4860 a
3031 4810 3170 4879 qua
3221 4789 3420 4880 prius
3475 4790 3786 4863 deiectus
3813 4791 3890 4881 Β)

790 4909 1049 4995 fuerat,
1106 4906 1417 4999 repetiit.
1493 4907 1601 4978 Ex
1658 4905 1860 4978 cuius
1916 4905 2364 4998 suggestione
2430 4910 2502 4977 et
2553 4907 2856 4995 monitu,
2924 4907 3320 4980 Iacobellus
3373 4909 3587 4981 etiam
3651 4911 3892 5001 patria

1008 5193 1053 5270 ¹)
1100 5196 1516 5256 incrementum
1563 5203 1623 5256 et
1664 5199 1985 5258 inventum.
2036 5191 2189 5257 Cod.
2239 5193 2430 5256 Rozr.
2488 5194 2540 5272 Ω)
2585 5197 2988 5256 ecclesiastica
3035 5191 3186 5257 Cod.
3232 5193 3424 5256 Rozr.
3495 5194 3547 5278 ³)
3595 5203 3895 5262 construit

797 5292 949 5358 Cod.
996 5293 1185 5356 Rozr.
1234 5293 1291 5376 ⁴)
1338 5299 1629 5374 Sbigneus
1674 5301 1824 5358 alias
1858 5298 2123 5357 Zbienko
2168 5294 2294 5358 Ed.
2329 5295 2506 5379 Lips.
2558 5295 2609 5374 ⁵)
2657 5299 2757 5372 qui
2805 5300 3088 5358 orientem
3145 5295 3294 5362 Cod.
3327 5295 3517 5359 Roma
3568 5297 3620 5378 ⁶)
3671 5301 3892 5362 Iohan-

793 5401 886 5458 nis
930 5399 1092 5457 Husz
1141 5393 1291 5462 Cod.
1341 5394 1515 5460 C'alv.
1566 5399 1616 5478 ⁷)
1662 5402 1839 5459 ardor
1885 5395 2037 5461 Cod.
2067 5396 2259 5460 Rozr.
2309 5399 2360 5478 ⁸)
2403 5401 2654 5460 reiectus
2697 5397 2823 5460 Ed.
2871 5397 3052 5481 Lips.
