4342 6384
434 465 568 566 (Α.
607 467 698 547 D.
737 466 968 567 ³⁴4⁸.)
1589 494 1816 547 mam
1865 492 2378 547 Duonmnms,
3374 476 3523 545 665

1342 908 1768 1022 ANNUS
1840 908 2301 1087 DOMINI
2372 908 2631 1021 1441.

733 1150 1125 1223 wladislau
1169 1149 1310 1222 llex
1351 1150 1595 1223 nultos
1639 1149 1764 1221 sibi
1809 1150 2122 1223 civitates
2163 1152 2233 1223 in
2278 1149 2505 1241 Regno
2548 1151 2910 1242 lungun-iao
2954 1153 3237 1225 subiicit.

620 1396 1083 1471 ‘wladislaus
1147 1397 1300 1469 Rex
1323 1452 1340 1485 ‚
1409 1399 1690 1489 accepto
1746 1401 1817 1471 et
1870 1397 2110 1470 habito
2149 1418 2239 1471 ex
2275 1398 2518 1491 Regno
2571 1398 2906 1472 Poloniae
2962 1398 3275 1473 subsidio
3331 1421 3527 1472 exer-

432 1518 709 1608 cituali‚
768 1520 1143 1591 convocato
1199 1517 1411 1591 etiam
1467 1516 1778 1590 fidelium
1835 1517 1972 1591 sibi
2027 1518 2521 1611 Hungarorum
2569 1519 2916 1607 exercitu,
2974 1540 3063 1592 ex
3102 1520 3304 1592 Buda
3340 1520 3524 1593 circa

434 1640 690 1711 festum
742 1636 1266 1710 Purificationis
1323 1637 1619 1711 Sanctae
1674 1637 1936 1711 Mariae
1991 1637 2066 1709 in
2122 1658 2443 1729 campum
2498 1638 2870 1730 processit,
2929 1639 3255 1713 civitates
3302 1644 3374 1713 et
3411 1661 3521 1713 ca-

433 1764 610 1847 stra,
666 1778 844 1851 quae
897 1758 1271 1830 Australes
1325 1756 1401 1829 in
1455 1756 1776 1831 confiniis
1831 1758 2060 1849 Regni
2115 1758 2523 1851 Hungariae
2578 1763 3085 1850 occupaverant
3141 1765 3209 1833 et
3248 1760 3333 1831 de
3372 1760 3527 1833 illis

432 1878 713 1969 spoliis,
767 1877 1048 1971 praedis
1103 1879 1174 1950 et
1227 1876 1573 1950 incendiis
1626 1878 1950 1969 Regnum
2005 1878 2413 1971 Hungariae
2468 1883 2537 1952 et
2592 1878 2835 1952 fideles
2889 1879 3269 1952 Wladislai
3308 1880 3525 1971 Regis

435 1998 906 2087 offendebant,
972 1996 1286 2071 dimissis
1325 1997 1380 2087 ¹)
1445 1996 1522 2070 in
1577 1998 1779 2070 Buda
1831 1997 2124 2071 Nicolao
2180 1999 2438 2072 decano
2494 1998 2971 2087 cracoviensi,
3026 1999 3405 2071 Laurentio
3444 2000 3527 2071 de

444 2118 868 2192 Hedrewara
903 2115 1230 2190 Palatino
1287 2116 1516 2209 Regni
1577 2117 1984 2209 Hungariae
2037 2123 2108 2191 et
2160 2119 2384 2191 Paulo
2441 2118 2905 2211 Woyniczky,
2961 2140 3086 2210 pro
3142 2120 3527 2211 capitaneis

430 2241 502 2310 et
559 2238 1175 2332 gubernatoribus,
1241 2240 1797 2329 expugnaturus.
1863 2237 2012 2311 Nec
2073 2239 2338 2329 Regem
2404 2242 2477 2311 et
2530 2259 2736 2311 suum
2805 2238 3192 2311 exercitum
3246 2260 3287 2311 a
3340 2239 3527 2312 bello

428 2358 831 2431 huiusmodi
892 2356 1148 2432 hiemis
1209 2356 1584 2449 asperitas,
1654 2356 1927 2431 nivium
1988 2356 2358 2431 inundatio
2422 2362 2493 2431 et
2567 2357 2981 2432 victualium
3043 2358 3347 2433 retraxit
3410 2358 3525 2431 de-

285 2540 292 2547 .
429 2480 684 2568 fectus,
743 2477 1058 2571 quinimo
1112 2482 1182 2550 et
1235 2477 1490 2551 hiemis
1545 2482 1617 2551 et
1669 2476 2251 2571 quadragesimae
2304 2482 2581 2569 tempus
2636 2477 2711 2551 in
2767 2478 3287 2571 expugnatione
3346 2478 3519 2551 civi-

428 2602 654 2672 tatum
677 2598 782 2671 'et
834 2602 1222 2671 castrorum
1275 2596 1680 2669 huiusmodi
1733 2596 2001 2691 exegit,
2058 2618 2187 2672 nec
2239 2596 2438 2689 prius
2485 2618 2573 2671 ex
2609 2618 2853 2689 campo
2891 2597 3253 2687 discessit,
3311 2598 3525 2672 donec

430 2738 666 2793 omnes
731 2718 1058 2793 civitates
1113 2722 1184 2791 et
1239 2720 1470 2789 castra
1533 2720 1872 2807 occupata
1924 2717 2000 2789 in
2055 2738 2254 2791 suam
2318 2721 2738 2810 potestatem
2804 2722 2875 2790 et
2929 2718 3394 2791 obedientiam
3451 2717 3523 2788 vi

428 2840 542 2912 vel
595 2838 948 2912 deditione
999 2836 1292 2929 redegit.
1353 2836 1809 2911 Successibus
1863 2840 2097 2909 autem
2155 2836 2305 2909 suis
2362 2836 2686 2910 felicibus
2734 2836 3137 2911 Fridericus
3175 2838 3518 2909 Romano·

427 2980 581 3031 rum
635 2960 790 3032 Rex
846 2957 1143 3046 auditis,
1198 2956 1582 3048 plurimum
1639 2956 1777 3029 sibi
1832 2962 1902 3029 et
1956 2959 2181 3030 terrae
2246 2956 2581 3030 Austriae
2644 2956 3035 3045 metuebat,
3100 2977 3187 3029 ne
3241 2961 3526 3048 propter

427 3099 748 3151 coronam
813 3076 1244 3151 materialem
1308 3075 1536 3169 Regni
1598 3075 2036 3169 Hungariae,
2105 3076 2269 3148 fidei
2334 3096 2501 3148 suae
2564 3097 2688 3168 per
2750 3075 3118 3149 Elisabeth
3182 3075 3524 3169 Reginam

427 3197 1006 3285 commendatam,
1064 3196 1542 3289 repetendam,
1603 3200 1825 3268 terras
1881 3199 1951 3269 et
2004 3195 2331 3268 Dominia
2386 3216 2515 3268 sua
2567 3196 2959 3269 invaderet:
3016 3200 3301 3287 propter
3339 3196 3523 3286 quod

427 3321 691 3394 secreto
745 3317 1286 3405 deliberaverat,
1344 3335 1665 3388 coronam
1718 3314 2036 3403 reddere,
2095 3334 2265 3387 casu
2302 3334 2437 3406 quo
2478 3315 2731 3388 fuisset
2767 3314 3134 3407 impetitus
3165 3313 3251 3405 2),
3311 3336 3518 3406 quam

427 3437 908 3512 Dominiorum
973 3457 1258 3509 suorum
1322 3434 1692 3508 admittere
1756 3432 2281 3507 desolationem.
2349 3434 2721 3507 Abstinuit
2784 3438 3016 3507 autem
3084 3434 3523 3507 Wladislaus

425 3560 580 3634 Rex
635 3559 721 3632 ab
777 3556 1088 3632 eiusdem
1141 3556 1614 3629 Romanorum
1669 3554 1888 3647 Regis
1925 3557 1996 3627 et
2033 3558 2379 3627 terrarum
2435 3572 2720 3627 suarum
2775 3554 3068 3642 offensa,
3127 3559 3199 3627 et
3250 3559 3520 3626 utrum-

426 3701 561 3773 que
615 3678 1002 3752 exercitum
1055 3682 1298 3749 contra
1340 3674 1668 3749 civitates
1703 3674 2004 3748 rebelles
2040 3674 2433 3747 Koschicze
2463 3672 2550 3764 3),
2609 3674 2997 3766 Barduyow
3028 3674 3115 3763 4),
3174 3674 3519 3761 Lubocza,

421 3798 888 3891 Krempnicza
918 3796 1003 3887 ⁵),
1071 3795 1460 3887 Aperiasch
1497 3795 1560 3885 θ)
1625 3797 1695 3868 et
1759 3799 1990 3867 castra
2059 3816 2184 3886 per
2260 3794 2646 3867 Iohannem
2721 3793 2977 3868 Griskra
3016 3794 3079 3884 7)
3160 3798 3518 3884 occupata,

423 3919 786 3993 traducere
847 3916 1170 4009 parabat,
1235 3920 1318 3989 ut
1379 3916 1588 4007 plaga
1649 3914 1778 3987 illa
1842 3915 1929 3987 ad
1985 3914 2450 3988 obedientiam
2514 3918 2586 3988 et
2640 3913 3145 3989 subiectionem
3209 3913 3519 4001 reducta,

421 4038 781 4112 residuum
834 4035 1243 4110 rebellionis
1296 4040 1714 4127 purgasset,
1772 4039 1843 4107 et
1896 4055 2066 4125 pace
2118 4035 2361 4127 Regno
2426 4034 2833 4128 Hungariae
2888 4035 2973 4107 ad
3027 4035 3313 4126 plenum
3366 4033 3519 4142 red-

423 4158 604 4246 dita,
660 4155 954 4231 liberius
1010 4155 1289 4229 tandem
1345 4154 1776 4247 expeditioni
1830 4159 2072 4228 contra
2126 4156 2387 4229 Turcos
2444 4176 2691 4229 vacare
2745 4154 3119 4247 potuisset.
3177 4153 3351 4226 Fuit
3397 4174 3519 4224 au-

424 4282 566 4350 tem
621 4275 1033 4350 deliberatio
1086 4274 1492 4347 huiusmodi
1542 4275 1848 4366 prudens
1913 4280 1984 4349 et
2036 4275 2179 4367 ipsi
2234 4276 2623 4349 Wladislao
2679 4276 2863 4369 Regi
2910 4274 3294 4367 plurimum
3332 4275 3516 4345 fruc-

423 4403 649 4470 tuosa.
707 4394 1018 4470 Praelati
1072 4400 1306 4468 tamen
1361 4398 1431 4468 et
1466 4395 1759 4468 barones
1799 4396 2207 4489 Hungariae
2243 4396 2651 4469 nullatenus
2687 4400 3071 4487 potuerunt
3106 4392 3381 4479 induci,
3438 4399 3518 4464 ut

420 4516 598 4588 illuc
633 4514 1160 4589 exercitualiter
1193 4514 1732 4605 processissent,
1774 4514 1924 4587 sive
1965 4516 2145 4606 quod
2185 4515 2549 4588 molestias
2586 4515 2761 4589 belli
2798 4514 3290 4602 fastidiebant,
3329 4512 3514 4604 prio-

419 4635 618 4708 ribus
671 4634 1072 4728 defatigati,
1131 4633 1282 4707 sive
1337 4634 1522 4725 quod
1575 4633 1810 4708 verius
1867 4635 2320 4722 verebantur,
2387 4656 2476 4707 ne
2531 4634 2969 4707 Wladislaus
3023 4635 3180 4708 Rex
3233 4638 3519 4725 propter

425 4754 568 4828 loci
605 4754 1201 4846 propinquitatem
1244 4752 1317 4825 in
1354 4754 1676 4847 Regnum
1711 4752 2049 4828 Poloniae
2083 4753 2501 4844 discederet,
2560 4760 2632 4827 et
2678 4755 2919 4847 Regno
2958 4753 3364 4846 Hungariae
3400 4753 3517 4825 de—

419 4873 702 4964 relicto,
759 4874 849 4947 ad
903 4873 1086 4945 illud
1138 4872 1364 4947 redire
1418 4894 1556 4947 non
1611 4878 1914 4947 curaret:
1974 4876 2258 4966 propter
2311 4874 2496 4966 quod
2549 4874 2988 4947 Wladislaus
3052 4874 3241 4962 Rex,
3300 4874 3514 4947 licen-

637 5165 679 5244 ¹)
725 5166 949 5227 relictis
997 5160 1150 5228 God.
1195 5160 1374 5227 Kost.
1438 5162 1494 5243 ²)
1537 5163 1852 5241 impeditus
1896 5160 2026 5226 Ed.
2077 5162 2257 5247 Leps.
2322 5162 2375 5240 ³)
2418 5164 2658 5242 Koryce
2701 5160 2829 5225 Ed.
2875 5161 3058 5247 Lips.
3107 5160 3165 5244 ⁴)
3207 5162 3518 5225 Bardeiow

421 5264 576 5332 cod.
621 5264 798 5331 Kost.
848 5265 904 5347 ⁵)
947 5268 1300 5329 Kremnicza
1341 5263 1470 5327 Ed.
1515 5262 1696 5350 Ia‘ps.
1744 5264 1799 5348 ⁶)
1841 5267 2126 5344 Operiasz
2161 5262 2313 5329 cod.
2348 5263 2481 5327 Lis.
2511 5268 2801 5344 Epperies
2830 5264 2959 5333 Ed.
2992 5264 3174 5349 Lips.
3210 5264 3262 5343 ⁷)
3294 5266 3517 5326 Giszka

421 5367 577 5435 Cod.
627 5365 763 5432 Lis.
807 5370 982 5431 Iskra
1023 5367 1151 5431 Ed.
1205 5366 1387 5452 Lips.
3532 5366 3541 5375 '

469 5522 520 5565 s.
545 5520 740 5572 muno..
765 5518 891 5562 mut.
915 5519 1079 5562 nolon.
1103 5518 1156 5565 τ.
1180 5518 1261 5569 tv.
1526 5568 1532 5573 ,
3102 5498 3172 5553 84
