4342 6384
372 559 507 659 (Α.
547 560 637 635 D.
732 561 985 662 1443.)
1510 590 1736 643 mauu
1787 589 2300 643 Duonncnms.
3318 574 3462 645 687

374 789 608 842 secum
664 770 1022 843 Iulianum
1077 770 1513 845 Cardinalem
1569 776 1641 844 et
1694 773 2037 866 Legatum
2100 772 2174 845 in
2240 773 2606 863 comitiva,
2674 796 2880 865 quem
2942 796 3143 850 cruce
3205 776 3469 869 signati

374 908 461 960 ex
527 888 826 963 diversis
890 890 1295 964 nationibus
1362 896 1432 965 et
1486 892 1753 985 Regnis
1822 893 2322 985 sequebantur,
2389 915 2546 967 cum
2608 915 2972 985 procerum
3035 899 3106 967 et
3159 895 3468 969 militum

373 1029 657 1081 suorum
713 1014 991 1083 caterva
1045 1011 1249 1084 Buda
1302 1012 1689 1105 egreditur,
1748 1017 1817 1087 et
1869 1013 2174 1105 primum
2232 1012 2491 1085 faciens
2545 1013 2620 1085 in
2675 1014 2975 1105 Pyeczki
3027 1020 3468 1105 nocturnum,

373 1128 492 1200 via
544 1130 826 1203 rectiori
881 1131 967 1202 ad
1020 1132 1277 1204 undam
1316 1133 1371 1221 1)
1427 1133 1735 1209 Danubii
1798 1154 2045 1206 versus
2112 1137 2420 1206 castrum
2483 1134 2938 1206 Albanandor
2966 1132 3028 1224 2)
3083 1135 3464 1223 contendit,

374 1252 443 1321 et
498 1248 683 1321 circa
738 1250 1017 1321 Salsum
1073 1251 1380 1343 lapidem
1435 1251 1741 1325 Danubii
1778 1253 1976 1325 alveo
2016 1256 2376 1343 superate,
2436 1252 2696 1325 ostium
2743 1255 3288 1346 transgreditur,
3347 1276 3466 1348 op-

370 1368 615 1459 pidum
672 1369 935 1461 Sophia
988 1377 1345 1463 oppugnat
1382 1375 1452 1444 et
1489 1372 1873 1462 conquirit,
1934 1376 2003 1445 et
2056 1372 2239 1444 illud
2294 1372 2643 1445 militibus
2699 1374 2819 1445 dat
2874 1374 2948 1445 in
2982 1374 3342 1466 praedam,
3401 1380 3472 1447 et

374 1488 627 1561 ultimo
682 1489 941 1582 redigit
1001 1490 1189 1583 ignis
1257 1491 1586 1583 voragine
1639 1492 1715 1565 in
1770 1492 2111 1565 favillam.
2178 1492 2374 1565 Idem
2437 1492 2608 1565 facit
2672 1493 2757 1566 de
2809 1494 3134 1585 pluribus
3189 1494 3467 1583 castriS,

375 1608 739 1681 fortalitiis
797 1614 877 1707 et⁴
919 1610 1361 1699 civitatibuS,
1431 1633 1607 1705 quae
1671 1612 1880 1685 Turci
1944 1613 2017 1685 in
2082 1611 2423 1705 Bulgaria
2485 1616 2557 1685 et
2612 1613 2868 1687 Rascia
2932 1618 3466 1706 occupaverant.

374 1729 683 1820 Cumque
719 1730 806 1801 ad
842 1731 1099 1803 flumen
1136 1730 1475 1821 venisset,
1519 1732 1701 1823 quod
1740 1728 2109 1804 Morawam
2146 1731 2418 1805 incolae
2453 1736 2707 1803 vocant
2737 1730 2822 1821 ³),
2862 1733 3234 1805 nuntiatur
3268 1733 3466 1805 Wla-

375 1849 600 1920 dislao
671 1850 855 1942 Regi
924 1871 1051 1942 per
1112 1852 1623 1942 exploratoreS,
1683 1851 2070 1925 exercitum
2125 1853 2507 1925 Turcorum
2561 1850 2636 1924 in
2691 1856 2877 1926 certo
2933 1852 3085 1925 loco
3123 1853 3466 1926 coaduna-

376 1973 529 2040 tum
595 1988 747 2042 esse
811 1974 881 2043 et
933 1971 1153 2045 latere
1217 1971 1290 2043 in
1354 1971 1667 2059 iusidiiS‚
1736 1976 2083 2063 quatenus
2114 1972 2177 2061 4)
2244 1971 2630 2044 exercitum
2691 1971 2912 2064 Regis
2975 1972 3139 2044 dum
3205 1971 3471 2047 virtute

374 2110 515 2161 non
566 2092 839 2180 posset,
897 2090 1275 2181 iniquitate
1318 2092 1457 2165 loci
1496 2097 1567 2165 et
1605 2092 2129 2184 opportunitate
2166 2090 2500 2183 temporis
2539 2091 2920 2164 invaderet.
2979 2092 3128 2182 Quo
3165 2091 3466 2184 cognito,

376 2208 569 2281 illico
624 2208 897 2300 aliquot
950 2216 1417 2303 pugnatorum
1471 2212 1699 2284 millia
1753 2216 1953 2285 nocte
1990 2212 2077 2284 ad
2114 2211 2587 2284 dimicandum
2625 2232 2781 2284 cum
2819 2209 3003 2300 illis,
3058 2210 3470 2303 praeficiens

376 2328 760 2403 Iohannem
816 2331 899 2403 de
953 2331 1241 2403 Huniad
1294 2332 1367 2403 in
1424 2331 1899 2423 capitaneum,
1956 2331 2405 2405 transmittit.
2463 2330 2897 2404 Ducentibus
2953 2334 3189 2405 autem
3227 2332 3467 2423 explo-

376 2448 726 2522 ratoribus
780 2456 967 2523 recto
1024 2452 1275 2525 itinere
1328 2452 1739 2543 pervenitur
1790 2453 1879 2525 ad
1925 2454 2306 2525 Turcorum
2344 2451 2729 2525 exercitum
2767 2450 3009 2524 taliter
3043 2451 3468 2539 latitantem,

380 2573 449 2641 et
504 2569 833 2657 continuo
889 2571 1241 2644 exercitus
1296 2572 1533 2665 regius
1588 2574 1846 2644 Turcos
1902 2570 2364 2644 nihilominus
2421 2591 2628 2662 quam
2668 2569 3102 2643 invasionem
3139 2570 3469 2645 hostilem

380 2688 773 2779 suspicatos
840 2711 926 2763 ex
988 2691 1367 2783 improviso
1436 2692 1741 2780 invadit,
1806 2713 2113 2785 pugnam
2175 2690 2512 2779 conserit,
2579 2694 2650 2761 et
2713 2688 3144 2781 trepidantes
3207 2690 3470 2763 Turcos

379 2808 604 2899 magis
660 2808 742 2881 de
799 2810 965 2902 fuga
1018 2832 1226 2901 quam
1281 2810 1635 2903 triumpho
1674 2811 2065 2884 solicitatos
2110 2808 2497 2902 prosternit
2533 2812 2603 2881 et
2639 2808 2714 2881 in
2751 2829 2868 2881 ore
2905 2808 3283 2883 saevientis
3318 2810 3468 2901 gla-

379 2926 481 2998 dii
534 2928 862 3001 trucidat.
930 2930 1203 3002 Cadunt
1266 2930 1791 3003 interfectorum
1854 2931 2226 3018 cadavera,
2293 2928 2770 3022 sanguineque
2833 2934 3089 3002 terram
3141 2929 3472 3020 polluunt

379 3054 451 3120 et
505 3048 773 3121 truncis
832 3050 1151 3123 funerum
1204 3052 1479 3142 replent
1534 3072 1845 3142 campos;
1901 3056 2254 3141 postremo
2309 3054 2506 3141 terga
2551 3047 2990 3121 vertentibus
3029 3054 3099 3121 et
3133 3048 3472 3139 impetum

378 3169 732 3241 exercitus
787 3170 997 3262 Regii
1053 3172 1227 3243 ferre
1282 3182 1419 3243 non
1456 3170 1889 3258 valentibus,
1947 3170 2167 3244 maior
2203 3168 2578 3243 trucidatio
2619 3167 3039 3261 congeritur.
3097 3167 3472 3242 Exercitus

382 3290 627 3381 itaque
688 3290 923 3383 regius
990 3290 1311 3363 omnibus
1375 3291 1597 3363 caesis
1654 3300 1777 3363 aut
1824 3290 2049 3380 captis
2115 3287 2352 3381 (pauci
2417 3288 2602 3361 enim
2667 3290 2833 3381 fuga
2886 3290 3306 3377 evaserant),
3363 3308 3472 3361 ca-

380 3410 551 3481 stris
608 3409 819 3481 etiam
874 3431 1110 3482 eorum
1165 3416 1235 3482 et
1287 3412 1495 3484 rebus
1549 3410 1819 3501 potitur
1848 3408 1934 3497 5),
1992 3414 2061 3481 et
2116 3409 2204 3479 ad
2261 3408 2732 3481 Wladislaum
2767 3408 3031 3499 Regem
3068 3407 3326 3499 praeda
3359 3406 3467 3479 in·

380 3528 576 3623 genti
632 3535 959 3618 onustus,
1018 3532 1318 3603 alacrem
1372 3532 1584 3603 refert
1620 3528 2011 3603 victoriam.
2069 3528 2169 3599 Eo
2207 3526 2474 3619 praelio
2523 3526 2818 3618 triginta
2854 3525 3080 3598 millia
3116 3525 3474 3597 hominum

380 3670 585 3721 caesa
639 3654 837 3737 sunt,
898 3654 1197 3740 quatuor
1250 3649 1477 3722 millia
1531 3655 1769 3740 capta,
1825 3648 2028 3741 signa
2080 3645 2418 3720 militaria
2453 3666 2728 3717 novem.
2786 3647 2963 3718 Tum
3001 3665 3277 3737 quoque
3313 3666 3474 3737 ergo

382 3768 655 3861 aliquot
707 3768 915 3841 urbes
970 3769 1467 3860 Bulgarorum‚
1524 3770 1865 3841 nonnulla
1919 3787 2194 3860 quoque
2247 3772 2478 3839 castra
2515 3770 2583 3838 et
2620 3764 2946 3838 civitates
2983 3764 3328 3853 hostium,
3386 3783 3475 3836 ex

384 3888 641 3981 quibus
703 3887 1055 3981 praesidia
1116 3887 1428 3961 hostium
1491 3888 1941 3981 diffugerant,
2016 3886 2091 3959 in
2162 3885 2589 3959 deditionem
2661 3889 3007 3976 acceptae.
3082 3886 3476 3957 Transeunt

382 4009 717 4101 posthaec
768 4008 919 4081 dies
974 4006 1297 4099 plurimi,
1356 4008 1486 4081 sub
1542 4008 1798 4099 quibus
1855 4006 2294 4079 Wladislaus
2347 4006 2504 4077 Rex
2559 4004 2646 4077 ad
2702 4004 3174 4077 dimicandum
3224 4024 3471 4095 provo·

383 4132 617 4217 catuS,
684 4128 995 4201 hostium
1060 4126 1243 4201 acies
1308 4132 1432 4199 aut
1495 4127 1829 4200 contrivit
1891 4130 2012 4198 aut
2077 4124 2382 4217 fugavit,
2450 4129 2520 4196 et
2573 4123 2987 4196 Romaniam
3043 4128 3261 4196 totam
3314 4142 3471 4213 per·

384 4248 769 4334 transiens,
826 4248 915 4320 ad
942 4247 1005 4337 ὓ)
1060 4246 1363 4319 confinia
1414 4246 1855 4320 Macedoniae
1908 4248 2350 4336 pervenerat,
2409 4243 2570 4335 igne
2625 4246 2696 4315 et
2747 4243 2983 4337 gladio
3037 4242 3270 4315 omnia
3315 4262 3474 4314 con-

387 4388 693 4439 sumens.
762 4367 853 4438 Et
915 4366 1055 4439 iam
1120 4366 1504 4439 exercitum
1572 4386 1775 4437 suum
1837 4364 2254 4437 victualium
2319 4364 2634 4436 defectus
2699 4363 3086 4454 premebat,
3155 4366 3225 4435 et
3277 4361 3475 4452 equis

384 4490 608 4559 morte
662 4485 1179 4572 deficientibus,
1248 4486 1458 4557 multi
1502 4486 1849 4557 notabiles
1896 4484 2161 4557 milites
2225 4504 2312 4557 ex
2369 4482 2678 4574 equestri
2709 4483 2770 4571 ⁷)
2827 4481 3065 4553 ordine
3129 4480 3204 4552 in
3268 4479 3473 4571 pede·

388 4606 639 4679 strium
696 4626 1061 4677 numerum
1114 4605 1379 4678 redacti
1432 4608 1659 4692 erant,
1727 4624 1853 4677 nec
1916 4608 2147 4675 tamen
2204 4603 2290 4676 ab
2343 4602 2623 4695 incepto
2677 4601 2928 4674 itinere
2989 4600 3474 4686 reducebatur,

384 4726 656 4799 dicens:
716 4725 931 4798 Credo
968 4725 1041 4796 in
1079 4725 1300 4797 Deum
1356 4746 1573 4797 unum
1600 4724 1689 4813 8),
1749 4724 1933 4816 quod
1970 4725 2287 4815 Europae
2321 4724 2620 4815 populos
2649 4722 2712 4810 ⁰)
2766 4742 2890 4812 per
2925 4740 3207 4791 manum
3251 4739 3476 4793 meam

384 4834 717 4919 liberabit
753 4846 866 4935 ¹⁰).
926 4846 1305 4919 Turcorum
1358 4844 1625 4918 interea
1687 4843 1939 4917 Caesar
2000 4848 2353 4934 comperta
2419 4863 2702 4915 suorum
2759 4839 3028 4913 infelici
3078 4859 3316 4931 pugna
3368 4842 3474 4910 at·

608 5154 656 5232 ¹)
700 5156 777 5215 ad
821 5154 977 5215 vada
1019 5150 1145 5215 Ed.
1191 5150 1373 5235 Lips.
1424 5150 1475 5232 ²)
1520 5126 1903 5213 N⁵andcralba
1950 5146 2102 5213 Cod.
2148 5147 2325 5211 Kost.
2381 5148 2436 5228 ³)
2481 5148 2743 5209 vocitant
2797 5144 2950 5209 aod.
2995 5144 3171 5209 Kost.
3233 5142 3290 5227 ⁴)
3337 5163 3479 5221 qua-

384 5265 563 5319 tenus
606 5258 838 5318 facilius
882 5254 1009 5318 Ed.
1056 5254 1239 5338 Lips.
1289 5254 1343 5335 ⁵)
1385 5257 1607 5332 potitus
1657 5250 1810 5318 Cod.
1861 5253 2037 5317 Kost.
2087 5249 2143 5335 ⁶)
2190 5270 2379 5329 usque
2422 5252 2500 5311 ad
2549 5247 2701 5313 Cod.
2748 5248 2924 5313 Kost.
2961 5248 3010 5330 ⁷)
3043 5249 3260 5309 milites
3291 5253 3351 5309 ct
3379 5266 3481 5308 no-

386 5364 541 5423 biles
586 5358 714 5422 Ed.
759 5358 941 5444 Lips.
992 5358 1044 5438 ⁸)
1092 5378 1281 5420 mcum
1332 5354 1484 5421 Ood.
1528 5356 1707 5421 Kost.
1752 5376 1957 5419 verum
2005 5349 2156 5418 Cod.
2203 5352 2423 5419 Przez.
2471 5353 2523 5434 ⁹)
2568 5355 2822 5432 populus
2871 5349 3025 5418 cod.
3069 5349 3248 5413 Kost.
3304 5348 3382 5431 ¹⁰)
3413 5351 3480 5409 li-

386 5466 710 5526 berabitur.
760 5459 912 5527 Cod.
958 5460 1137 5524 Kost.
2781 5482 2786 5487 “
