4342 6384
1194 550 1344 621 444
2386 577 2613 631 mann
2664 578 3120 631 numenius.
3746 550 3887 652 (Α.
3930 548 4037 623 D.
4082 543 4315 643 1431.)

1193 760 1264 827 et
1318 756 1578 849 quietis
1632 759 1947 833 consiliis
2002 760 2329 851 abiectis,
2389 764 2473 835 de
2527 762 2983 836 instaurando
3037 763 3223 835 bello
3286 766 3523 833 contra
3576 761 3841 832 Ducem
3901 754 4308 846 SwitrigaL

1192 878 1389 950 velut
1441 878 1788 952 hominem
1848 880 2191 957 furiosum
2248 887 2318 955 et
2372 883 2794 972 dementem,
2852 883 2936 957 de
2980 886 3249 955 caetero
3306 878 3686 953 ferventius
3744 877 4100 969 cogitare.

1228 1230 1620 1303 wladislaus
1662 1232 1801 1305 Rex
1845 1234 2165 1307 Luezkam
2210 1239 2442 1307 eontra
2488 1236 2943 1326 switrigollnm
2986 1235 3236 1307 invitus
3280 1232 3461 1305 ducit
3492 1232 3853 1303 exercit-n
3900 1230 3981 1299 ot
4026 1228 4273 1297 literas

2299 1354 2733 1428 diffidatorias
2778 1354 3195 1427 transmittit.

1395 1598 1506 1670 Ex
1561 1599 1788 1687 Byecz
1843 1599 2281 1673 Wladislaus
2336 1602 2490 1673 Rex
2533 1604 2587 1691 ¹)
2642 1599 2982 1693 processit
3037 1600 3110 1672 in
3169 1604 3389 1671 terras
3442 1596 3775 1683 Russiae,
3834 1598 3913 1665 et
3970 1592 4059 1663 in
4106 1592 4318 1663 Prae·

1187 1718 1374 1809 mysl
1402 1717 1464 1805 2)
1517 1738 1643 1808 pro
1699 1719 1876 1790 festo
1934 1719 2177 1791 Sanc-ti
2232 1721 2569 1794 Iohannis
2610 1721 2975 1812 Baptistae
3013 1718 3455 1811 pervenienS‚
3496 1715 3734 1788 missis
3774 1714 3850 1785 in
3891 1710 4321 1784 cracoviam

1190 1837 1606 1924 factoribus,
1649 1838 1772 1929 qui
1808 1838 2255 1926 bombardae,
2298 1840 2595 1931 sagittas
2634 1845 2705 1913 et
2742 1860 2852 1913 res
2890 1840 3182 1911 bellicas
3220 1841 3541 1929 aptarent
3579 1840 3648 1908 et
3684 1854 3942 1907 versus
3984 1830 4321 1903 anzsko

1187 1958 1548 2045 ducerent,
1607 1957 1778 2029 feria
1833 1959 2136 2030 secunda
2172 1959 2247 2031 in
2286 1960 2591 2031 crastino
2646 1959 2886 2031 Sancti
2924 1958 3259 2031 Iohannis
3307 1956 3705 2048 Baptistae,
3746 1953 3833 2025 de
3874 1948 4321 2024 Praemislia

1189 2097 1544 2168 egressuS,
1603 2097 1727 2167 por
1779 2076 2156 2165 Medikam,
2215 2080 2687 2171 Hrubyeszow
2724 2084 2793 2151 et
2829 2079 2971 2151 alia
3026 2077 3238 2151 solita
3282 2079 3467 2165 loca,
3526 2075 3929 2148 confluente
3968 2072 4071 2143 ad
4112 2070 4321 2141 illum

1191 2216 1279 2268 ex
1335 2195 1524 2267 omni
1561 2200 1758 2287 part-e
1795 2196 2038 2287 populi
2078 2198 2568 2287 multitudine,
2626 2198 2799 2271 feria
2838 2198 3139 2271 secunda
3176 2203 3338 2268 ante
3376 2197 3673 2269 Sanctae
3710 2192 4239 2285 Margarethae
4266 2186 4324 2275 ³)

1191 2316 1264 2387 in
1322 2316 1590 2388 Hrodlo
1643 2316 1996 2407 pervenit,
2055 2322 2124 2390 et
2180 2322 2412 2389 castra
2466 2318 2817 2390 exercitus
2857 2318 2966 2389 sui
3007 2339 3226 2408 supra
3262 2316 3553 2388 fluvium
3594 2316 3753 2406 Bug
3789 2311 4093 2403 posuit,
4156 2310 4323 2381 duo-

1189 2436 1422 2508 decem
1489 2456 1764 2527 quoque
1827 2436 2074 2507 diebus
2139 2435 2291 2507 illic
2360 2438 2623 2509 stativa
2687 2438 2966 2525 habuit,
3044 2436 3477 2509 exercituum
3544 2454 3832 2505 suorum
3903 2428 4326 2522 plenarium

1187 2555 1678 2647 praestolando
1733 2554 2136 2628 adventum.
2196 2556 2389 2628 Infra
2446 2557 2608 2628 illos
2664 2563 2896 2629 autem
2962 2555 3323 2628 duodecim
3389 2554 3537 2626 dies
3612 2550 4111 2643 particularia
4186 2570 4325 2620 cer·

1187 2674 1452 2747 tamina
1489 2694 1645 2746 cnm
1683 2673 2008 2747 hostibus
2045 2674 2287 2749 haberi
2324 2682 2568 2767 coepta
2596 2676 2691 2765 ⁴):
2750 2675 3052 2748 Hriczko
3094 2675 3277 2748 enim
3316 2672 3863 2765 Kyerdeyowicz
3909 2691 4091 2743 cum
4132 2670 4325 2739 Duce

1187 2795 1508 2867 Senkone
1563 2792 1709 2865 filio
1765 2794 1983 2865 Ducis
2039 2795 2341 2867 Romani
2394 2816 2744 2887 pugnans,
2803 2816 3039 2868 omnes
3078 2816 3241 2867 suas
3274 2794 3335 2884 ⁵)
3389 2798 3633 2885 gentes
3671 2790 4150 2883 profligavit,
4212 2787 4328 2859 sed

1189 2918 1258 2987 et
1295 2914 1529 3004 ipsum
1568 2913 1831 2984 Ducem
1872 2913 2261 2986 Senkonem
2300 2914 2673 2988 interfecit.
2734 2916 2975 2988 Castra
3015 2915 3489 3005 Wladimyerz
3530 2919 3602 2985 et
3639 2911 3955 2982 Zbarasz
3988 2910 4093 2997 ⁶),
4138 2912 4331 2980 metu

1187 3032 1406 3124 Regis
1463 3036 1534 3105 et
1587 3031 1738 3103 eins
1813 3032 2164 3105 exercitus
2220 3056 2261 3105 a
2314 3034 2754 3125 praesidibus
2818 3036 3185 3122 derelicta,
3256 3037 3507 3107 exusta
3572 3030 3861 3117 sunt'1),
3938 3034 4019 3101 et
4084 3048 4331 3099 omnes

1187 3172 1365 3243 pene
1420 3150 1810 3243 terrigenae
1863 3151 2256 3225 Luczenses
2318 3174 2575 3244 pavore
2639 3153 2855 3226 nimio
2912 3154 3173 3243 territi,
3250 3174 3411 3226 cum
3447 3150 3767 3236 rusticiS,
3820 3147 4231 3239 pecoribus
4268 3150 4333 3217 et

1194 3270 1494 3343 fortunis
1553 3270 1702 3342 suis
1760 3270 1832 3341 in
1887 3270 2042 3343 loca
2105 3271 2376 3359 abdita,
2442 3279 2650 3364 prout
2704 3294 3046 3365 quemque
3114 3294 3265 3344 sors
3321 3272 3617 3355 ferebat,
3686 3266 3963 3359 dilapsi
3994 3265 4111 3355 Β);
4172 3264 4331 3337 uni-

1189 3410 1528 3481 versaque
1601 3394 1786 3461 terra
1860 3390 2241 3462 Luczensis
2307 3391 2392 3463 ad
2459 3392 2760 3482 primum
2824 3392 3201 3465 adventum
3264 3390 3533 3483 regium
3609 3387 4172 3461 habitatoribus
4228 3388 4333 3456 est

1187 3510 1453 3581 nudata
1507 3513 1578 3581 et
1633 3509 1718 3581 ab
1775 3508 1923 3581 illis
1978 3530 2267 3600 prorsus
2323 3510 2618 3583 deserta.
2688 3512 2795 3583 Ex
2852 3511 3113 3583 eisdem
3170 3511 3379 3583 etiam
3445 3508 3735 3580 stativis
3803 3506 3978 3578 Rex
4040 3504 4330 3577 diffida-

1187 3628 1404 3701 torias
1459 3627 1705 3699 literas
1759 3648 1884 3718 pro
1941 3628 2267 3719 ampliori
2321 3631 2595 3701 cautela
2650 3637 2720 3702 et
2774 3631 3172 3717 honestate,
3228 3629 3399 3701 licet
3435 3650 3573 3700 non
3613 3626 3930 3698 fuissent
3987 3644 4329 3698 necessa·

1186 3748 1364 3835 riae,
1441 3746 1624 3818 Duci
1697 3746 2121 3837 Switrigello
2152 3746 2216 3835 9)
2280 3770 2402 3838 per
2459 3750 2929 3821 Holeskonem
2970 3750 3057 3835 10)
3114 3750 3550 3834 Ruthennm,
3618 3767 3756 3837 quo
3816 3744 3987 3817 Rex
4028 3766 4172 3836 pro
4210 3744 4327 3815 de-

1189 3866 1323 3938 liro
1363 3868 1451 3954 ¹¹)
1507 3865 1872 3951 utebatur,
1933 3866 2388 3954 transmittit,
2447 3888 2693 3939 causas
2748 3868 2917 3939 belli
2958 3868 3028 3939 in
3068 3867 3327 3939 eisdem
3368 3866 3804 3957 exprimens:
3866 3864 4090 3955 Quod
4130 3863 4327 3934 vide-

1185 3984 1356 4057 licet
1390 3989 1646 4056 terram
1685 3983 2017 4056 Podoliae
2057 3982 2144 4071 ¹²)
2201 3990 2270 4057 et
2326 3988 2669 4058 Ducatum
2708 3987 3035 4078 Magnum
3074 3986 3498 4058 Lithuaniae
3560 3984 3713 4056 sine
3770 4004 3903 4054 suo
3962 3988 4039 4055 et
4082 3982 4325 4074 Regni

1189 4104 1526 4175 Poloniae
1564 4124 1904 4175 consensu
1943 4111 2350 4195 occupasset
2393 4104 2503 4192 ¹3),
2563 4111 2632 4177 et
2691 4106 2893 4177 illum
2949 4126 3084 4176 non
3140 4107 3665 4196 recognosceret
3720 4123 3797 4174 se
3848 4123 3896 4174 a
3932 4104 4203 4194 Regno
4260 4106 4329 4172 et

1192 4223 1384 4315 Rege
1439 4221 1830 4312 possidere,
1888 4244 2013 4294 nec
2050 4222 2357 4313 aliquam
2395 4224 2919 4315 inscriptionem
2960 4232 3029 4295 et
3066 4224 3536 4295 iuramentum
3572 4222 3947 4313 corporale
3986 4222 4081 4293 de
4121 4240 4326 4312 prae·

1187 4341 1440 4413 standa
1493 4340 1834 4412 fidelitate
1890 4348 1960 4413 et
2016 4342 2407 4414 obedientia
2462 4343 2639 4435 Regi
2676 4349 2745 4415 et
2782 4346 3022 4435 Regno
3059 4343 3567 4433 praestitisset3
3626 4342 3815 4433 quod
3856 4344 4138 4413 terram
4180 4340 4317 4411 Po·

1189 4461 1418 4533 doliae
1472 4458 1832 4531 hostiliter
1887 4459 2273 4533 invasisset
2327 4466 2397 4533 et
2452 4463 2788 4552 quaedam
2844 4467 3073 4535 castra
3112 4462 3351 4533 inilia
3387 4464 3837 4552 occupasset;
3898 4460 4105 4551 qnod
4146 4480 4325 4529 nnn·

1188 4581 1328 4652 tios
1383 4576 1604 4669 Regis
1660 4577 1855 4648 foede
1894 4583 1963 4649 et
2000 4580 2303 4668 turpiter
2357 4584 2750 4653 tractasset.
2809 4582 2893 4652 In
2934 4582 3172 4653 eodem
3212 4581 3423 4653 etiam
3464 4582 3614 4653 loco
3657 4580 4032 4652 exercitus
4096 4577 4327 4651 omnis

1189 4698 1426 4789 regius
1482 4703 1828 4769 terrarum
1884 4695 2393 4784 CracoviensiS,
2462 4699 3079 4781 Sandomiriensis,
3147 4699 3605 4771 Lublinensis
3664 4704 3733 4771 et
3790 4700 4159 4783 Russiae‚
4220 4720 4327 4769 or-

1189 4816 1476 4887 dinatus
1534 4818 1674 4902 est:
1732 4814 2086 4887 exercitus
2143 4838 2305 4889 vero
2370 4822 2710 4889 terrarum
2774 4819 3058 4891 Maioris
3125 4818 3459 4890 Poloniae
3524 4818 3837 4889 nondum
3898 4819 4325 4902 advenerat,

1410 5016 1454 5095 ¹)
1500 5019 1786 5079 Poloniae
1829 5016 1958 5077 Rex
2007 5013 2158 5079 Cod.
2210 5015 2402 5079 Rozr.
2454 5014 2509 5099 Ω)
2558 5024 2617 5079 et
2657 5020 3058 5079 Przemisliam
3108 5016 3259 5082 Cod.
3300 5018 3494 5081 Rozr.
3545 5018 3597 5097 ³)
3632 5024 3775 5079 ante
3806 5020 4040 5081 festum
4076 5020 4145 5081 S.
4178 5021 4329 5079 Mar-

1187 5120 1474 5194 garethae
1531 5116 1683 5184 cod.
1730 5117 1923 5179 Rozr.
1973 5116 2026 5196 4)
2073 5125 2284 5195 coepta
2327 5125 2467 5180 sunt
2520 5118 2669 5183 cod.
2724 5118 2915 5181 Rozr.
2966 5120 3017 5198 ὖ)
3065 5123 3191 5182 eius
3240 5118 3393 5183 Cod.
3440 5120 3637 5183 Rozr.
3696 5120 3751 5199 ⁸)
3804 5123 4125 5183 Sbcrasch
4178 5118 4329 5185 cod.

1195 5216 1372 5281 Calv.
1439 5218 1492 5297 ⁷)
1555 5227 1768 5281 exusta
1825 5220 1990 5281 fuere
2047 5215 2199 5281 Cod.
2248 5218 2442 5282 Rozr.
2506 5218 2561 5301 8)
2608 5222 2824 5297 dilapsi
2870 5230 3007 5282 sunt
3054 5219 3207 5284 Cod.
3260 5221 3449 5285 Rozr.
3518 5222 3571 5302 ⁰)
3621 5225 4119 5302 Switrigyelloni
4178 5222 4330 5287 cod.

1189 5320 1383 5383 Rozr.
1440 5320 1520 5400 ¹⁰)
1567 5322 2006 5383 Olcschkonem
2053 5318 2207 5383 Cod.
2256 5320 2447 5383 Rozr.
2506 5320 2582 5397 ¹¹)
2630 5343 2735 5399 pro
2781 5324 3065 5385 histrione
3112 5321 3265 5386 Cod.
3312 5323 3506 5386 Rozr.
3564 5322 3645 5409 12)
3692 5332 3926 5388 terram
3960 5328 4335 5389 Lithuaniae

1193 5419 1346 5486 Cod.
1399 5418 1576 5485 Calv.
1634 5422 1712 5500 ¹³)
1759 5442 1891 5484 cnm
1937 5441 2045 5483 sua
2090 5427 2150 5483 et
2192 5424 2383 5499 Regni
2429 5426 2643 5484 iniuria
2688 5432 3036 5501 occupasset
3077 5424 3202 5488 Ed.
3248 5424 3432 5509 Lips.
