4342 6384
470 546 605 648 (Α.
645 547 734 622 D.
773 545 1006 645 1431.)
1625 487 1852 620 menn
1903 567 2365 621 unnncums.
3412 551 3555 621 451

468 755 686 844 datiS,
743 775 1078 845 muroque
1133 753 1206 826 in
1262 752 1745 845 frequentibus
1799 752 1976 826 locis
2031 752 2385 844 disrupto,
2444 753 2505 826 si
2560 753 2745 826 iuste
2800 753 3032 826 omnia
3088 753 3389 828 fuissent
3442 777 3568 847 per

467 877 727 966 Regem
785 874 1104 946 ordinata
1158 878 1228 945 et
1279 873 1586 965 provisa.
1644 873 1902 945 Verum
1959 871 2147 943 omni
2203 873 2514 946 exercitu
2572 872 2657 944 ad
2698 873 3285 966 oppugnationem
3324 895 3559 948 accur-

467 1000 693 1081 rente,
751 1015 891 1066 non
946 992 1225 1084 ingenio
1271 996 1393 1062 aut
1429 997 1610 1079 arte,
1680 991 1799 1064 sod
1855 991 2126 1064 viribus
2182 1013 2292 1063 ros
2350 991 2572 1064 omnis
2634 993 3025 1084 gerebatur.
3094 993 3342 1064 Multis
3396 1015 3554 1084 par-

465 1135 712 1186 canum
755 1113 807 1203 ¹)
865 1111 1524 1199 conscendentibus,
1583 1112 1826 1184 multis
1883 1133 2117 1183 muros
2174 1111 2760 1203 irrumpentibuS,
2817 1135 2956 1184 non
3011 1112 3271 1204 aliquis
3327 1117 3561 1184 tamen

465 1233 884 1324 sequebatur
938 1234 1322 1322 profectus:
1383 1251 1540 1303 cum
1595 1231 1940 1302 duntaxat
1993 1232 2253 1318 hastiS,
2310 1231 2569 1324 gladiis
2626 1235 2695 1303 et
2751 1230 3037 1322 sagittis
3086 1231 3557 1304 dimicaretur.

463 1353 554 1424 Et
609 1353 769 1423 dum
828 1373 1028 1423 nemo
1085 1351 1390 1422 militum
1447 1372 1721 1423 murum
1779 1351 2183 1438 suffoderet,
2254 1357 2377 1422 aut
2430 1371 2806 1442 parcanum
2837 1348 2898 1438 2)
2957 1349 3317 1422 securibus
3377 1353 3556 1423 fran-

460 1477 684 1563 geret,
741 1472 1123 1562 nullusque
1179 1471 1612 1557 cohortator,
1680 1469 2030 1561 provisor,
2097 1475 2221 1542 aut
2284 1469 2637 1561 inspector
2690 1469 3001 1555 adesset,
3074 1469 3195 1561 qui
3249 1469 3558 1561 integros

460 1613 582 1683 pro
639 1591 900 1663 sauciis
955 1590 1432 1676 submitteret,
1493 1587 1615 1678 qui
1648 1588 1710 1677 3)
1765 1611 1892 1660 sua
1947 1589 2434 1661 adhortatione
2488 1591 2727 1661 hostes
2784 1592 3109 1675 terreret,
3176 1592 3245 1659 et
3298 1589 3463 1660 dum
3494 1589 3556 1677 ⁴)

460 1710 948 1801 unusquisque
1001 1731 1125 1801 pro
1184 1731 1308 1780 suo
1364 1708 1567 1780 libito
1607 1713 1729 1778 aut
1765 1713 2142 1799 pugnaret,
2200 1713 2323 1779 aut
2363 1708 2951 1800 oppugnationem
2998 1708 3375 1780 desereret:
3434 1708 3555 1778 ho-

461 1834 604 1902 stes
661 1829 930 1901 animos
985 1833 1299 1900 extrema
1355 1827 1722 1899 formidine
1762 1833 2134 1918 occupatos
2172 1833 2571 1914 resumunt,
2631 1831 2701 1900 et
2738 1833 2888 1898 tum
2923 1826 3354 1916 bombardiS,
3406 1833 3555 1898 tum

461 1949 738 2035 fundiS,¹
794 1948 1090 2036 fistuliS,
1160 1947 1477 2038 sagittiS,
1543 1946 1934 2038 lapidibuS,
2001 1947 2303 2019 Polonos
2372 1967 2458 2018 ex
2514 1947 2735 2018 muris
2791 1951 2861 2020 et
2917 1946 3129 2018 scalis
3188 1945 3553 2035 deiiciunt,

459 2069 719 2141 multos
753 2067 812 2157 5)
869 2067 1230 2153 occidunt,
1286 2070 1771 2157 prosternunt,
1830 2067 2205 2138 vulnerant
2260 2072 2331 2138 et
2386 2067 2470 2138 ab
2528 2067 3045 2158 oppugnatione
3101 2066 3401 2158 turpiter
3446 2087 3553 2138 ce-

459 2189 618 2260 dere
673 2191 954 2280 cogunt.
1010 2187 1203 2260 Haec
1257 2192 1490 2258 autom
1546 2185 1908 2276 turpitudo
1957 2190 2028 2257 et
2065 2207 2105 2256 a
2142 2196 2371 2257 castro
2426 2186 2781 2276 praedicto
2836 2186 3183 2277 repulsio,
3242 2185 3553 2258 creditur

457 2307 744 2379 Polonis
807 2307 960 2378 ideo
1023 2305 1392 2391 accidisse,
1460 2305 1784 2395 quoniam
1815 2305 1879 2392 θ)
1936 2305 2266 2377 ecclesias
2331 2303 2492 2390 Dei,
2564 2327 2699 2376 non
2765 2326 2965 2378 secus
3022 2325 3229 2397 quam
3285 2305 3553 2378 ethnici

459 2432 528 2500 et
580 2425 890 2512 barbari,
947 2427 1319 2496 vastabant
1373 2429 1441 2496 et
1497 2424 1913 2510 exurebant,
1983 2446 2152 2496 vasa
2215 2423 2500 2495 Domini
2570 2429 2639 2496 et
2701 2447 2813 2496 res
2878 2425 3022 2496 Deo
3076 2423 3346 2496 dicatas
3404 2425 3552 2496 suis

455 2544 870 2636 applicando
933 2543 1210 2632 usibuS,
1278 2543 1635 2616 ministros
1701 2564 1974 2635 quoque
2006 2545 2067 2632 ⁷)
2134 2543 2294 2632 Dei,
2364 2544 2755 2616 sacerdotes
2820 2543 3069 2634 spoliis
3143 2548 3213 2616 et
3275 2543 3549 2634 probris

457 2664 884 2737 afficiebant:
959 2683 1183 2755 neque
1255 2663 1674 2754 reputabant
1740 2668 1934 2734 tanta
1995 2665 2181 2735 mala
2244 2663 2547 2736 alicuius
2613 2665 2755 2735 fore
2784 2662 2848 2751 8)
2906 2662 3191 2735 sceleris
3259 2663 3373 2737 vel
3428 2664 3546 2735 de-

455 2783 634 2857 licti.
691 2783 950 2856 Eadem
1005 2782 1118 2855 die
1172 2787 1331 2873 post
1394 2783 1566 2854 solis
1633 2803 1983 2869 occasum,
2053 2784 2299 2854 Iursza
2365 2783 2771 2874 capitaneus
2826 2782 3207 2856 Luczensis
3263 2782 3549 2856 nuntios

453 2903 710 2989 mittit,
765 2905 1011 2993 petens
1069 2901 1282 2973 trium
1345 2902 1612 2974 dierum
1678 2900 2028 2976 inducias:
2097 2901 2283 2975 infra
2336 2923 2543 2993 quoe,
2611 2901 2671 2974 si
2726 2901 3020 2992 petitam
3075 2901 3545 2976 defensionem

452 3045 494 3094 a
546 3022 738 3094 Duce
793 3021 1152 3112 Switrigal
1206 3042 1345 3093 non
1401 3021 1772 3112 acciperet,
1831 3027 2137 3094 castrum
2202 3023 2383 3114 Regi
2438 3043 2512 3094 se
2570 3021 2992 3093 traditurum
3056 3021 3543 3113 pollicebatur.

451 3142 670 3214 Nemo
739 3140 1109 3213 dubitabat
1173 3140 1580 3232 petitionem
1647 3142 1960 3214 dolosam
2026 3163 2207 3215 esse:
2286 3145 2477 3234 Rege
2540 3147 2805 3229 tamen,
2874 3140 2986 3213 cui
3050 3141 3339 3214 difficile
3396 3146 3547 3215 erat

449 3261 812 3350 resistere,
867 3261 1178 3348 volente,
1235 3264 1520 3353 treugae
1574 3281 1939 3333 concessae
1995 3265 2183 3333 sunt.
2242 3261 2501 3334 Verum
2557 3261 3071 3352 quamprimum
3130 3261 3353 3335 altera
3405 3260 3541 3349 die,

449 3403 630 3474 aqua
685 3385 754 3455 et
806 3380 1387 3473 propugnaculis,
1446 3381 1660 3473 lignis
1717 3380 2046 3453 videlicet
2085 3385 2155 3452 et
2192 3381 2585 3472 lapidibuS,
2643 3381 2983 3452 lateribus
3023 3385 3092 3454 et
3129 3381 3388 3470 contis„
3430 3403 3540 3454 ca-

449 3507 674 3574 strum
725 3502 1061 3573 refectum
1115 3504 1252 3588 est,
1310 3500 1678 3573 denuntiat
1723 3500 1931 3592 Regi:
1992 3500 2259 3592 treugis
2300 3500 2438 3572 sibi
2476 3522 2649 3591 opus
2687 3522 2825 3572 non
2864 3521 3047 3588 esse,
3088 3504 3326 3593 ageret
3365 3523 3541 3592 quae

447 3622 696 3709 vellet,
755 3641 828 3694 se
881 3619 1288 3692 nullatenus
1319 3620 1382 3708 ⁰)
1437 3621 1522 3693 de
1557 3624 1784 3692 castro
1823 3639 2205 3692 cessurum.
2264 3620 2723 3693 Advenerunt
2760 3619 2871 3692 die
2911 3619 3149 3692 eadem
3184 3620 3320 3692 duo
3360 3642 3538 3692 nun-

446 3741 534 3814 tii
588 3738 958 3826 Lithuani,
1016 3743 1333 3829 petentes
1389 3739 1668 3812 nomine
1723 3739 1938 3811 Ducis
1995 3738 2384 3832 Switrigal,
2443 3744 2522 3810 ut
2570 3744 2815 3831 treuga
2879 3741 3185 3827 firmata,
3245 3739 3535 3830 deputa-

445 3865 690 3934 rentur
743 3859 829 3932 ab
883 3862 1180 3949 utraque
1235 3863 1432 3949 parte
1485 3858 1858 3932 duodecem
1913 3859 2239 3947 baroneS,
2299 3859 2421 3950 qui
2477 3859 2560 3931 de
2614 3879 2781 3950 pace
2838 3862 3147 3950 agerent.
3206 3858 3539 3930 Admissa

445 4001 682 4053 eorum
745 3978 1114 4070 petitione,
1183 3977 1620 4050 Wladislaus
1685 3978 1840 4050 Rex
1907 3984 2187 4070 treugas
2262 3979 2347 4050 ad
2404 3979 2645 4050 feriam
2710 3983 2981 4050 sextam
3054 3983 3213 4068 post
3282 3979 3537 4050 festum

445 4097 976 4189 Assumptionis
1034 4097 1329 4170 Sanctae
1385 4096 1646 4170 Mariae
1685 4097 1774 4184 ¹⁰)
1830 4097 2236 4186 duraturae,
2297 4097 2509 4170 dedit.
2578 4097 2817 4170 Omnis
2874 4101 3105 4169 tamen
3161 4098 3358 4170 labor
3412 4118 3536 4188 pro

444 4240 616 4309 pace
679 4224 846 4290 tunc
899 4237 1142 4290 cassus
1198 4216 1357 4288 fuit.
1415 4219 1578 4288 Dux
1617 4216 1802 4288 enim
1843 4215 2200 4308 Switrigal
2262 4222 2423 4307 post
2487 4218 2815 4308 adeptum
2877 4216 3297 4288 Lithuaniae
3334 4217 3535 4289 Prin-

443 4338 750 4429 cipatum
806 4336 1230 4410 insolentius
1287 4357 1359 4409 se
1413 4356 1660 4426 gerens
1717 4341 1787 4408 et
1825 4335 2166 4407 salutaria
2206 4335 2466 4407 monita
2504 4357 2874 4427 respuenS,
2932 4336 3020 4406 ad
3057 4337 3307 4408 bonam
3347 4359 3535 4410 men-

445 4463 584 4530 tem
639 4478 778 4528 non
833 4456 1042 4528 facile
1073 4460 1347 4546 poterat
1393 4454 1661 4527 induci:
1720 4475 1798 4526 eo
1857 4455 2066 4527 etiam
2123 4455 2382 4528 scelere
2437 4455 2901 4546 inquinatior,
2963 4455 3145 4546 quod
3184 4476 3376 4527 arma
3414 4477 3530 4528 ne-

444 4577 618 4650 faria
671 4583 911 4648 contra
965 4575 1322 4666 proprium
1379 4581 1448 4644 et
1503 4576 1764 4666 Regem
1820 4580 1890 4646 et
1943 4594 2349 4666 germanum
2403 4574 2758 4661 induerat,
2816 4575 2900 4647 de
2956 4596 3093 4666 quo
3148 4574 3529 4665 plurimum

445 4697 830 4783 confidenS,
889 4695 974 4766 ab
1032 4694 1354 4767 omnibus
1407 4694 1722 4766 honestis
1779 4699 1848 4766 et
1887 4692 2146 4784 quictis
2202 4693 2518 4766 consiliis
2572 4694 3018 4782 abhorrebat,
3078 4677 3320 4766 foedus
3365 4716 3531 4786 quo-

443 4837 578 4909 que
632 4837 789 4889 cum
845 4813 1165 4886 hostibus
1221 4813 1703 4886 communibus
1759 4812 2131 4885 Cruciferis
2190 4813 2703 4886 clandestinum
2758 4813 3109 4886 iunxerat.

653 5121 698 5200 ¹)
747 5127 976 5199 septum
1031 5122 1297 5182 trabibus
1352 5125 1684 5182 contextum
1745 5099 1895 5182 Cod.
1941 5117 2134 5182 Rozr.
2203 5119 2253 5198 ςΒ)
2302 5126 2533 5197 septum
2580 5115 2733 5181 cod.
2786 5117 2973 5181 Rozr.
3038 5118 3089 5200 ³)
3136 5121 3356 5196 quique
3400 5119 3508 5182 Ed
3519 5151 3535 5167 ·

437 5223 618 5308 Lips.
667 5221 724 5304 ⁴)
772 5226 910 5284 dum
955 5222 1124 5286 deest
1167 5223 1240 5286 in
1289 5219 1440 5285 Cod.
1492 5219 1667 5286 Calv.
1719 5223 1772 5303 ⁵)
1813 5244 1883 5285 ac
1913 5226 2128 5284 multos
2164 5219 2314 5285 Cod.
2345 5221 2539 5285 Rozr.
2576 5221 2627 5300 ⁶)
2659 5224 2819 5298 quod
2853 5219 3005 5284 Cod.
3037 5221 3232 5284 Rozr.
3271 5222 3321 5300 7)
3357 5225 3533 5284 etiam

438 5325 589 5391 Cod.
635 5327 826 5388 Rozr.
893 5326 945 5405 ⁸)
993 5345 1126 5388 esse
1175 5323 1326 5390 Cod.
1373 5325 1565 5388 Rozr.
1630 5325 1682 5405 ⁹)
1735 5327 2076 5388 nullomodo
2126 5321 2278 5387 Cod.
2328 5323 2519 5387 Rozr.
2595 5321 2673 5408 ¹⁰)
2720 5326 2942 5386 Beatae
2996 5327 3220 5386 Mariae
3272 5327 3534 5404 Virginis

437 5427 590 5496 Cod.
636 5428 828 5491 Rozr.
