4342 6384
810 575 961 654 320
1994 599 2223 658 nmnn
2271 597 2728 656 uunncmus.
3333 575 3468 680 (Α.
3509 579 3599 654 D.
3637 576 3888 680 1424.)

804 905 1232 978 manatione
1274 905 1558 994 noginto
1616 908 1911 994 peracta,
1955 906 2165 995 noges
2210 909 2409 996 atquc
2451 906 2777 996 Principes
2837 906 3177 994 magnifico
3223 923 3263 977 a
3303 906 3656 980 wladislao
3699 907 3890 996 loge,

803 1026 1037 1113 postca
1082 1023 1280 1098 etim
1336 1025 1479 1113 ipse
1522 1022 1913 1096 wladislaus
1970 1041 2112 1096 cum
2172 1025 2415 1096 eisdem
2475 1023 2756 1112 legibus
2814 1041 2854 1095 a
2899 1023 3212 1096 lavinio
3269 1025 3456 1114 nigro
3499 1025 3582 1098 dc
3627 1023 3894 1098 autor

2148 1145 2539 1216 tractantur.

1008 1380 1139 1452 Die
1190 1377 1552 1452 Dominico
1616 1379 1786 1451 Esto
1851 1379 2059 1468 mihi,
2136 1399 2313 1471 quae
2375 1379 2512 1452 fuit
2575 1379 2980 1452 duodecima
3041 1380 3300 1452 mensis
3355 1378 3756 1467 Februarii,
3812 1379 3888 1451 in

806 1498 1049 1572 Sancti
1103 1499 1443 1572 Stanislai
1496 1496 1972 1572 cracoviensis
2010 1499 2306 1571 ecclesia
2360 1498 2607 1570 maiori
2661 1503 2731 1571 et
2783 1499 2858 1569 in
2898 1498 3206 1571 eiusdem
3261 1499 3598 1571 ecclesiae
3635 1499 3889 1585 medio,

803 1618 892 1690 ad
946 1616 1188 1690 Sancti
1242 1617 1584 1690 stanislai
1638 1617 2115 1708 sepulchrum,
2177 1617 2531 1689 coronatio
2585 1616 2888 1707 Sophiae
2937 1616 3248 1708 Reginae
3301 1617 3417 1708 agi
3463 1621 3706 1708 coepta
3759 1620 3890 1689 est.

802 1737 897 1808 Et
949 1735 1175 1808 tribus
1230 1736 1543 1827 Regibus
1595 1734 1930 1826 praefatis
1984 1734 2059 1806 in
2112 1734 2394 1826 copiosa
2445 1735 2900 1808 multitudine
2961 1734 3368 1826 Principum
3431 1739 3502 1808 et
3552 1736 3894 1807 baronum

804 1854 1383 1944 nobilissimoque
1436 1858 1506 1926 et
1558 1852 1862 1945 fulgenti
1914 1857 2254 1945 apparatu
2309 1852 2878 1941 consedentibuS,
2933 1853 3248 1944 praefata
3288 1853 3550 1943 Sophia
3601 1873 3728 1944 per
3761 1854 3890 1925 Al-

802 1974 1079 2046 bertum
1133 1971 1683 2061 Iastrzambyecz
1748 1970 2218 2045 Gnesnensem
2281 1970 2909 2062 archiepiscopum,
2984 1991 3152 2044 voce
3206 1991 3456 2044 sonora
3515 1971 3894 2044 missarum

806 2091 1121 2164 solennia
1172 2090 1667 2178 celebrantem,
1732 2089 1809 2161 in
1869 2089 2206 2162 Poloniae
2267 2090 2609 2181 Reginam
2673 2094 2999 2162 coronata
3062 2094 3132 2162 et
3184 2096 3397 2164 uncta
3449 2093 3587 2178 est,
3655 2090 3890 2181 inspe-

806 2209 1163 2283 ctantibus
1217 2212 1287 2281 et
1338 2207 1856 2300 praesentibus:
1923 2208 2204 2282 Branda
2266 2207 2616 2281 cardinali
2680 2208 3090 2280 Placentino
3108 2263 3126 2296 ,
3183 2208 3632 2300 Apostolicae
3687 2209 3893 2282 Sedis

805 2329 991 2421 apud
1043 2329 1363 2420 Regnum
1413 2325 1746 2400 Poloniae
1782 2327 2069 2419 Legat0,
2125 2327 2439 2399 Iohanne
2475 2325 2994 2417 archiepiscopo
3049 2326 3528 2417 Leopoliensi,
3587 2326 3892 2418 Sbigneo

804 2446 1276 2534 cracoviensi,
1334 2445 1614 2518 Andrea
1648 2445 2140 2534 Posnaniensi,
2180 2446 2491 2519 Iohanne
2527 2446 2612 2519 de
2647 2445 2964 2518 Waldow
2999 2445 3469 2533 Lubuczensi,
3507 2444 3892 2537 episcopis;

804 2564 1083 2638 Iuliano
1147 2565 1233 2638 de
1294 2553 1684 2638 Caesarinis
1756 2564 2081 2637 Gamerae
2156 2562 2576 2656 apostolicae
2645 2563 2984 2636 auditore.
3065 2563 3518 2636 coronatione
3581 2563 3890 2654 expleta,

804 2705 1041 2757 omnes
1095 2688 1238 2758 tres
1291 2683 1519 2776 Reges
1573 2683 1649 2754 in
1704 2682 1911 2755 stuba
1964 2682 2152 2775 apud
2203 2683 2660 2774 Laskowyeez
2700 2683 2780 2772 ¹),
2855 2683 3039 2773 apud
3091 2703 3302 2754 unam
3355 2682 3667 2754 tabulam
3721 2703 3889 2772 epu-

802 2802 965 2875 lati:
1023 2806 1094 2875 et
1149 2802 1599 2894 Sigismundo
1655 2802 2123 2874 Romanorum
2191 2807 2262 2874 et
2313 2801 2716 2894 Hungariae
2781 2801 2972 2892 Rege
3033 2800 3448 2874 consedente
3506 2799 3583 2873 in
3634 2799 3886 2886 medi0‚

802 2921 1238 2994 Wladislaus
1312 2920 1644 2992 Poloniae
1725 2921 1881 2992 Rex
1954 2919 2276 2994 dextrum
2295 2975 2312 3008 ‚
2386 2919 2636 2992 Ericus
2706 2918 2962 2991 Daciae
2991 2917 3054 3007 2)
3118 2920 3274 2991 Rex
3345 2920 3626 2992 laevum
3694 2919 3886 2990 latus

804 3039 1230 3113 ambiebant.
1288 3038 1662 3111 Proximus
1691 3037 2080 3111 Wladislao
2118 3038 2298 3130 Regi
2343 3038 2678 3110 Poloniae
2716 3037 2852 3108 fuit
2905 3037 3186 3109 Branda
3235 3037 3688 3110 Placentinus
3727 3037 3884 3110 car-

804 3157 1096 3246 dinalis,
1154 3156 1404 3230 deinde
1464 3156 1721 3229 caeteri
1782 3155 2181 3247 pontificae,
2246 3156 2450 3229 iuxta
2512 3155 2789 3229 ordines
2855 3175 3018 3227 suos
3081 3155 3170 3228 ad
3223 3157 3578 3230 dexteram
3633 3154 3884 3242 locati;

805 3278 1009 3350 laeva
1059 3274 1507 3366 Principibus
1546 3274 2020 3348 saecularibus
2059 3279 2385 3348 cesserat.
2441 3273 2743 3346 Prandio
2780 3273 3064 3365 opipare
3117 3276 3190 3346 et
3225 3274 3586 3366 splendide
3621 3275 3883 3347 instru-

804 3401 947 3483 cto,
985 3394 1218 3481 finito,
1276 3394 1563 3466 choreae
1615 3393 1692 3466 in
1728 3394 1953 3466 noctis
1988 3398 2257 3485 partem
2295 3392 2624 3466 maiorem
2668 3397 3034 3484 protensae
3071 3398 3258 3465 sunt.
3307 3393 3522 3467 Feria
3557 3394 3883 3482 secunda,

802 3513 1045 3602 tertia,
1103 3517 1384 3605 quarta,
1442 3512 1721 3604 quinta,
1761 3517 1995 3600 sexta,
2051 3512 2548 3585 certaminibus
2603 3510 3144 3583 hastiludiorum
3180 3511 3355 3601 dies,
3413 3512 3685 3584 choreis
3719 3533 3886 3585 vero

800 3638 1040 3706 noctes
1078 3632 1641 3705 absumebantur.
1679 3631 1889 3704 Feria
1926 3636 2127 3703 sexta
2162 3637 2325 3703 ante
2363 3629 2796 3702 Dominicam
2833 3629 3231 3719 Invocavit,
3274 3630 3651 3704 Zawissius
3685 3630 3888 3723 niger

801 3754 887 3826 de
941 3750 1254 3839 Garbow,
1311 3750 1515 3824 miles
1571 3771 1739 3823 suae
1792 3749 2045 3823 aetatis
2099 3749 2530 3840 temporibus
2585 3747 2660 3820 in
2689 3747 3220 3821 christianitate
3271 3750 3458 3822 nulli
3511 3750 3884 3836 secundm,

802 3890 1039 3944 omnes
1094 3874 1236 3944 tres
1273 3870 1533 3962 Reges,
1590 3869 2061 3942 Romanorum
2114 3868 2476 3956 videlicet,
2532 3866 2866 3938 Poloniae
2921 3870 2991 3939 et
3027 3866 3282 3940 Daciae
3314 3866 3398 3956 ³),
3455 3868 3624 3941 item
3659 3869 3882 3940 Bran-

801 3990 960 4062 dam
1014 3989 1449 4062 cardinalem
1500 3987 1987 4060 Placentinum
2026 3991 2095 4058 et
2133 4006 2369 4059 omnes
2405 3985 2768 4077 Principes
2807 3983 3316 4058 ecclesiasticos
3357 3992 3428 4060 et
3463 3987 3882 4076 saeculares,

802 4107 890 4179 ad
942 4106 1312 4198 prandium
1364 4106 1655 4192 invitat,
1712 4109 1782 4178 et
1834 4105 1908 4177 in
1946 4105 2145 4177 domo
2182 4104 2449 4177 Divitis
2503 4102 2828 4191 Bohemi‚
2885 4103 2958 4176 in
2996 4104 3232 4194 platea
3269 4103 3509 4176 Sancti
3545 4105 3884 4177 Iohannis

802 4225 973 4311 sita,
1030 4224 1369 4297 invitatos
1422 4224 1639 4312 locat,
1708 4244 1967 4315 eosque
2020 4223 2374 4296 deliciosis
2429 4227 2686 4296 tractat
2747 4223 3001 4312 epuliS.
3075 4222 3390 4295 Aderant
3451 4222 3886 4295 coronationi

801 4344 1157 4436 praefatae
1207 4341 1391 4413 varii
1442 4342 1839 4433 PrincipeS,
1897 4341 2227 4414 videlicet
2262 4341 2660 4414 Ludovicus
2714 4340 3058 4413 Bavariae
3095 4341 3290 4428 Dux,
3347 4341 3562 4413 frater
3611 4361 3882 4432 germa-

800 4483 933 4534 nus
987 4459 1299 4553 Reginae
1360 4459 1726 4548 Franciae‚
1792 4460 1915 4551 qui
1978 4461 2112 4534 etsi
2176 4481 2314 4533 non
2379 4460 2591 4532 fuerit
2644 4458 3023 4546 invitatus,
3099 4460 3248 4532 sola
3316 4463 3548 4532 tamen
3603 4461 3883 4533 futurae

802 4578 1249 4654 solennitatis
1304 4579 1487 4650 fama
1522 4578 1898 4669 pellectus,
1957 4579 2246 4651 audiens
2282 4578 2704 4650 Polonorum
2759 4577 3100 4649 celebrem
3136 4581 3207 4649 et
3245 4597 3560 4650 sonorem
3601 4579 3880 4667 famam,

801 4700 1209 4787 advenerat3
1265 4699 1654 4789 ferturque,
1712 4697 1868 4770 visa
1902 4697 2304 4770 huiusmodi
2357 4695 2796 4769 coronatione
2849 4695 3108 4768 eteius
3161 4695 3614 4786 apparatibus
3669 4701 3884 4788 atque

774 4839 1081 4912 pompa,
1140 4817 1611 4909 multiplicato
1668 4836 1977 4890 sermone
2012 4815 2313 4888 dixisse:
2371 4815 2632 4888 maiora
2667 4815 2888 4886 multo
2941 4813 3262 4886 hausisse
3291 4815 3354 4903 4)
3410 4814 3632 4887 oculis
3670 4836 3886 4906 quam

802 4938 1111 5010 auribus.
1168 4937 1351 5010 Item
1406 4935 1837 5024 Semovitus,
1891 4935 2363 5023 wladislaus,
2420 4934 2854 5021 Kazimiru8‚
2895 4933 3327 5022 Troydenus,
3381 4932 3695 5024 germani
3731 4933 3881 5006 Ma-

802 5057 1037 5130 soviae
1072 5057 1334 5143 Duces;
1390 5055 1561 5128 item
1600 5055 1997 5128 Bernardus
2044 5053 2476 5146 opoliensis,
2518 5052 2888 5125 Boleslaus
2923 5050 3467 5140 Theschnensis,
3507 5051 3886 5124 Ianussius

1018 5322 1067 5409 ¹)
1111 5325 1469 5390 Iaskowiecz
1516 5321 1668 5388 cod.
1714 5322 1890 5386 Kost.
1952 5322 2002 5404 ²)
2048 5323 2280 5384 Daniae
2323 5319 2448 5384 Ed.
2499 5319 2679 5404 Lips.
2742 5319 2797 5400 ³)
2839 5321 3072 5380 Daniae
3113 5317 3240 5380 Ed.
3287 5317 3466 5401 Lips.
3524 5316 3580 5398 ⁴)
3623 5337 3690 5381 sc
3733 5320 3886 5381 hau—

804 5427 957 5490 sisse
998 5425 1123 5489 Ed.
1166 5425 1345 5509 Lipa.
