4342 6384
364 562 498 664 (Α.
537 563 628 637 D.
669 561 922 662 1430.)
1537 590 1764 641 mnan
1815 588 2275 643 11111111οΜ8.
3309 572 3461 644 403

365 772 756 864 Turzagora
809 776 1100 844 vocatur
1135 772 1216 862 ¹),
1271 777 1572 863 ponunt,
1630 772 2070 865 progressuri
2108 773 2195 845 ad
2234 773 2955 865 comprehendendum
2994 774 3281 847 nuntios
3316 775 3458 847 Ro·
3550 804 3593 821 ·

361 912 719 963 manorum
773 892 1024 984 Regis,
1082 912 1516 983 quocumque
1567 913 1680 965 res
1733 892 2154 983 postularet,
2214 892 2649 983 penetraturi
2704 892 2917 965 etiam
2956 914 3179 986 usque
3218 894 3306 966 ad
3344 895 3453 966 ul-

359 1011 534 1085 tima
589 1010 834 1099 maris,
893 1016 964 1084 61
1013 1010 1442 1103 prohibituri
1494 1011 1725 1104 Regni
1780 1011 2114 1085 Poloniae
2159 1011 2865 1085 dismembrationem.
2923 1014 3182 1086 Nuntii
3220 1013 3460 1107 itaque

358 1130 655 1223 praefati
711 1149 868 1202 cum
927 1130 1234 1219 00101118,
1293 1130 1590 1219 auditiS,
1647 1152 1823 1223 quae
1875 1131 2335 1224 gerebantur,
2377 1136 2447 1204 et
2484 1133 2910 1205 consternati
2948 1134 3211 1218 animo,
3270 1134 3455 1227 quod

359 1272 596 1325 omnes
652 1270 887 1322 eorum
943 1250 1208 1339 nuntii,
1268 1250 1434 1323 licet
1485 1271 1610 1343 per
1663 1252 1860 1323 varia
1913 1251 2168 1324 itinera
2221 1249 2453 1339 missi,
2512 1271 2634 1343 per
2688 1253 3113 1324 Polonorum
3152 1252 3450 1325 excuba-

359 1376 544 1445 tores
599 1372 1084 1465 capiebantur,
1141 1370 1641 1443 deliberatione
1679 1375 1990 1461 sumpta,
2050 1369 2216 1443 licet
2255 1371 2393 1443 iam
2432 1392 2519 1443 ex
2556 1370 2625 1442 N
2628 1372 3037 1463 uremberga
3073 1371 3147 1443 in
3184 1372 3453 1445 Frank-

359 1490 654 1563 fordiam
719 1512 936 1583 supra
997 1490 1251 1563 Odram
1307 1494 1376 1563 et
1439 1512 1664 1582 usque
1717 1490 1790 1562 in
1853 1490 2152 1563 Kossem
2185 1488 2247 1579 2)
2304 1489 2665 1563 venissent
2730 1495 2803 1563 et
2864 1489 3017 1563 illic
3080 1491 3455 1581 plusquam

359 1612 626 1683 duobus
685 1611 1046 1683 mensibus
1102 1610 1404 1682 fuissent
1457 1609 1840 1697 immorati,
1901 1631 2157 1701 pavore
2211 1609 2429 1682 nimio
2466 1610 2807 1701 perculsi,
2855 1630 2942 1682 ne
2980 1630 3137 1683 cum
3176 1610 3453 1702 dispen-

359 1730 474 1803 dio
527 1751 758 1803 rerum
815 1729 1022 1803 etiam
1081 1729 1566 1821 captivitatem
1623 1730 1890 1803 foedam
1945 1729 2410 1816 incurrerent,
2468 1730 2659 1801 ultra
2703 1730 3029 1822 progredi
3066 1752 3205 1802 non
3243 1730 3451 1803 aude-

357 1851 560 1937 bant3
619 1849 739 1923 sed
793 1848 1008 1921 citato
1065 1870 1306 1937 cursu,
1365 1871 1504 1921 non
1558 1850 1710 1921 sine
1765 1828 2063 1922 notabili
2121 1847 2519 1937 formidine,
2586 1850 2674 1922 ad
2728 1849 3255 1942 Sigismundum
3312 1850 3451 1922 Ro-

359 1991 720 2043 manorum
774 1970 1067 2061 Regem,
1123 1990 1248 2061 per
1301 1970 1520 2058 viam,
1581 1990 1718 2061 qua
1773 1974 2138 2058 venerant,
2194 1969 2717 2062 regrediuntur,
2768 1990 3055 2042 coronas
3094 1969 3347 2041 missas
3384 1973 3455 2043 et

357 2109 645 2163 munera
701 2110 935 2162 secum
973 2090 1379 2163 referentes,
1438 2088 1908 2163 continuabat
1944 2094 2181 2162 autem
2220 2088 2573 2163 exercitus
2611 2088 2896 2162 Maioris
2934 2088 3272 2161 Poloniae
3310 2092 3450 2161 sta·

355 2209 508 2281 tiva
561 2230 690 2281 sua
743 2208 818 2279 in
870 2210 1022 2281 1000
1076 2210 1390 2301 praefato
1447 2209 1804 2283 mensibus
1859 2210 2130 2283 duobus
2186 2215 2257 2281 et
2310 2208 2557 2281 diebus
2613 2212 2798 2297 octo,
2856 2228 2983 2281 nec
3028 2207 3189 2279 inde
3226 2206 3451 2281 disce·

355 2330 516 2403 dere
571 2328 846 2401 animus
903 2332 1084 2415 erat,
1143 2330 1359 2401 donec
1412 2328 1647 2401 nuntii
1701 2350 1858 2401 cum
1912 2328 2187 2401 coronis
2243 2329 2359 2401 vel
2412 2327 2601 2419 capti
2654 2328 2770 2399 101
2814 2326 3085 2419 repulsi
3123 2326 3446 2401 fuissent.

355 2450 608 2539 Itaque
663 2448 993 2521 Prussiae
1047 2448 1385 2541 Magister
1455 2450 1722 2521 Paulus
1788 2449 1872 2521 de
1924 2446 2301 2521 Russdorff
2371 2446 2737 2520 formidine
2790 2446 3198 2520 huiusmodi
3252 2467 3448 2519 exer-

353 2568 541 2641 citus
595 2572 830 2657 actua,
887 2589 974 2641 ne
1028 2567 1254 2641 omnis
1309 2570 1528 2641 moles
1581 2568 1984 2641 huiusmodi
2039 2573 2271 2640 motus
2308 2567 2382 2639 in
2420 2588 2609 2654 eum,
2668 2553 2995 2659 quoniam
3036 2569 3301 2639 faveret
3336 2588 3447 2639 00-

349 2686 702 2759 ronationi
755 2686 1172 2771 Withawdi‚
1231 2692 1301 2761 et
1355 2688 1732 2760 transitum
1787 2688 2060 2761 nuntiis
2113 2708 2273 2761 cum
2327 2686 2600 2760 coronis
2636 2707 2761 2778 per
2800 2691 3019 2760 terras
3078 2706 3242 2759 suas
3293 2708 3447 2777 per-

351 2806 712 2894 mittebat,
770 2811 1190 2895 verteretur,
1249 2807 1474 2881 mittit
1527 2808 1848 2897 nuntios,
1905 2807 2030 2901 qui
2083 2810 2496 2899 quaererent
2549 2827 2591 2878 a
2642 2806 3021 2879 baronibus
3067 2809 3139 2879 et
3176 2805 3441 2898 capita-

351 2926 506 3002 neis
549 2925 934 2999 exercitus:
975 2947 1064 2997 an
1101 2946 1218 2999 608
1256 2926 1502 3002 debeat
1539 2927 1908 3000 aestimare
1941 2926 2203 2999 amicos
2239 2928 2355 3000 161
2388 2926 2661 3014 1108168,
2710 2930 2783 2999 61
2818 2926 2881 2999 si
2921 2925 3091 3017 quid
3127 2925 3449 2998 molituri

353 3051 523 3118 sunt
576 3050 818 3119 contra
873 3066 1062 3135 611111,
1129 3050 1254 3118 aut
1314 3051 1538 3120 terras
1593 3068 1792 3135 suas,
1857 3046 2158 3119 adversi.
2225 3046 2359 3119 His
2413 3066 2827 3137 responsum
2880 3049 3017 3117 est:
3077 3045 3239 3117 Non
3294 3065 3447 3119 esse

349 3164 492 3238 sibi
545 3164 1075 3257 praeiudiciale,
1133 3165 1196 3238 si
1249 3166 1600 3240 exercitus
1655 3166 1988 3241 Poloniae
2041 3167 2224 3239 infra
2268 3167 2442 3239 fines
2497 3165 2727 3259 Regni
2764 3186 2839 3239 se
2877 3164 3277 3254 continens,
3336 3186 3443 3238 se-

351 3286 546 3373 deat,
603 3285 810 3359 rebus
865 3284 1017 3357 suis
1070 3286 1540 3377 provisionem
1595 3286 2058 3360 necessariam
2122 3305 2511 3377 opponens,
2578 3286 2641 3358 si
2694 3286 2967 3358 hostem
3022 3307 3179 3359 enm
3236 3306 3445 3377 expe-

346 3404 481 3477 riri
543 3405 882 3497 Magister
943 3405 1274 3479 Prussiae
1337 3406 1618 3494 debeat,
1683 3406 1759 3477 in
1821 3409 2130 3496 tempore
2196 3426 2272 3478 86
2324 3404 2924 3478 denuntiaturum.
2990 3404 3139 3479 Nec
3194 3404 3317 3477 abs
3372 3426 3447 3479 re
3508 3462 3535 3477 .

347 3524 692 3617 Magister
763 3524 1222 3598 Crucifericus
1293 3526 1562 3597 Paulus
1634 3526 1717 3599 de
1781 3525 2154 3598 Russdorff
2219 3524 2639 3617 legationem
2710 3524 2938 3617 ipsam
3000 3524 3089 3597 ad
3141 3525 3445 3597 Polonos

347 3644 867 3732 transmiserat,
923 3644 1331 3737 intelligens
1385 3666 1460 3719 se
1515 3645 1774 3718 iustam
1830 3646 2111 3718 illorum
2164 3644 2635 3717 hostilitatem
2688 3644 3146 3717 demeruisse:
3214 3665 3441 3735 neque

348 3764 538 3837 enim
603 3765 1081 3837 tantummodo
1145 3764 1629 3837 Alexandrum
1697 3764 2170 3838 Withawdum
2236 3765 2497 3836 Ducem
2554 3764 2642 3837 ad
2695 3765 3195 3855 acceptandum
3249 3784 3439 3836 0010-

345 3905 511 3971 nae,
571 3884 684 3957 161
737 3884 973 3976 potius
1028 3884 1116 3956 ad
1171 3884 1625 3957 scindendum
1690 3886 2008 3978 Regnum
2063 3884 2505 3971 Polonieum,
2576 3882 2725 3956 suis
2780 3883 3133 3957 animabat
3188 3904 3437 3976 sugge-

345 4002 732 4089 stionibuS,
791 4004 912 4076 sed
966 4008 1038 4076 et
1091 4024 1250 4076 cum
1303 4004 1552 4076 multis
1605 4009 2030 4077 armatorum
2085 4003 2437 4076 militibus
2492 4002 2727 4076 stabat
2770 4007 3093 4093 paratuS,
3151 4002 3439 4074 nuntios

343 4144 508 4195 cum
563 4122 834 4197 coronis
899 4126 1263 4211 venturos,
1329 4123 1391 4196 si
1445 4124 1768 4217 progredi
1831 4126 2428 4216 perseverassent,
2492 4142 2620 4214 per
2670 4127 2914 4214 gentes
2971 4144 3134 4193 suas
3192 4122 3437 4193 11111118-

341 4242 536 4313 modi
591 4245 661 4315 et
713 4242 1114 4333 capitaneos
1171 4242 1272 4315 eis
1326 4244 1744 4335 praefectos,
1815 4242 2136 4335 quamvis
2194 4247 2363 4314 tunc
2417 4242 2610 4314 solus
2663 4242 2741 4314 in
2794 4241 3036 4314 Wilno
3068 4240 3131 4331 ²¹)
3188 4241 3262 4312 in
3317 4238 3437 4312 Li-

339 4360 641 4433 thuania
693 4365 962 4454 ageret,
1021 4361 1516 4435 conducturus.

563 4634 609 4713 ¹)
654 4636 868 4695 dicitur
909 4632 1037 4696 Ed.
1084 4632 1265 4718 Lips.
1329 4634 1381 4714 ²)
1423 4636 1685 4696 Koszein
1747 4629 1900 4697 cod.
1954 4631 2146 4696 Rozr.
2208 4634 2617 4695 Kossemunds
2680 4628 2833 4696 (lod.
2877 4628 3063 4695 Kost.
3122 4630 3173 4711 ³)
3229 4632 3443 4693 Vilnae

339 4732 504 4801 Cod.
547 4734 742 4799 Rozr.
