4342 6384
886 496 1036 570 580
1510 606 1518 614 .
1836 476 1849 485 ’
2040 521 2280 573 amna
2333 518 2844 574 nuonncnms.
3413 496 3552 597 (Α.
3594 495 3693 570 D.
3739 491 4014 593 1437.)

1809 820 2145 893 Beloslaus
2189 819 2549 909 opoliensis
2592 819 2736 891 Dux
2780 819 3072 898 meritur.

1095 1070 1313 1142 Sexta
1365 1068 1537 1141 Maii
1591 1067 1704 1141 die
1759 1069 2131 1142 Boleslaus
2169 1067 2570 1160 opoliensis
2609 1070 2902 1160 quartus
2939 1069 3104 1140 Dux
3141 1066 3327 1159 apud
3364 1065 3690 1158 Opoliam
3740 1067 3799 1155 ¹)
3861 1089 4009 1138 mo-

895 1189 1113 1277 ritur,
1183 1194 1253 1263 et
1324 1189 1399 1262 in
1464 1189 1886 1263 monasterio
1950 1190 2244 1262 fratrum
2307 1188 2655 1264 Minorum
2718 1189 2793 1262 in
2855 1188 3032 1280 Opol
3097 1187 3468 1280 sepelitur,
3535 1188 3718 1259 dnos
3788 1186 4009 1275 filios»,

892 1333 1111 1383 unum
1168 1309 1281 1382 sui
1334 1308 1640 1382 nominis
1695 1310 2134 1399 Boleslaum,
2191 1309 2630 1402 relinquens,
2688 1310 2869 1383 alter
2908 1309 3094 1382 enim
3131 1309 3437 1381 filiorum
3474 1329 3771 1380 suorum
3810 1308 4009 1380 Hen-

893 1431 1085 1505 ricus
1137 1453 1277 1503 uno
1334 1451 1513 1502 anno
1568 1433 1730 1502 ante
1783 1428 1857 1502 in
1912 1430 2024 1503 die
2077 1430 2451 1503 Paschatis
2504 1431 2951 1522 absumptae,
3008 1433 3516 1525 praecesserat,
3573 1432 3648 1501 et
3702 1427 4010 1501 tertium

892 1551 1268 1625 Nicolaum
1324 1550 1763 1642 relinquens,
1821 1571 1996 1642 quos
2033 1571 2122 1623 ex
2159 1547 2602 1644 Margaretha
2637 1550 2857 1623 Ducis
2912 1550 3326 1624 Charvatiae
3370 1547 3520 1622 filia
3556 1553 4001 1639 susceperat,

894 1692 1072 1765 quae
1130 1670 1200 1744 et
1252 1672 1408 1763 ipsa
1462 1691 1639 1743 anno
1696 1671 1936 1744 eodem
1992 1676 2196 1745 sexta
2266 1671 2667 1745 Decembris
2731 1671 2898 1743 fatis
2953 1671 3356 1763 absumpta,
3425 1669 3498 1742 in
3563 1667 4003 1742 monasterio

892 1793 1188 1866 fratrum
1243 1790 1592 1865 Minorum
1646 1789 1721 1864 in
1775 1789 2045 1883 capella
2099 1792 2380 1884 sepulta
2433 1795 2564 1865 est.

1053 2146 1411 2221 Gonvontie
1456 2145 1745 2218 sundino
1789 2145 1872 2218 do
1916 2146 2332 2220 restituendo
2376 2144 2547 2220 Duco
2592 2146 2950 2238 Svltrigal,
2996 2163 3163 2238 quae
3211 2149 3431 2219 tanen
3472 2146 3665 2218 irfita
3709 2149 3842 2219 eat.

1103 2396 1192 2468 In
1246 2393 1500 2487 oppido
1557 2392 1946 2467 Siradiensi
1998 2397 2199 2466 tenta
2251 2397 2360 2467 est
2397 2394 2629 2468 diaeta
2657 2392 2722 2484 ²)
2777 2393 2850 2466 in
2896 2394 3010 2467 die
3065 2395 3362 2468 Sanctae
3413 2393 3765 2488 Hedvigis
3820 2397 4001 2470 etin

898 2516 1145 2590 diebus
1202 2513 1661 2607 sequentibus
1698 2534 1823 2605 per
1858 2514 2224 2586 Praelatos
2259 2517 2330 2587 et
2365 2514 2660 2587 barones
2697 2515 2957 2607 Regni,
3016 2514 3409 2587 wladislao
3448 2516 3646 2609 Rege
3683 2517 3999 2604 absente,

896 2640 1180 2730 propter
1236 2637 1495 2708 factum
1550 2635 1768 2707 Ducis
1808 2634 2197 2727 Switrigal,
2254 2634 2378 2726 qui
2415 2657 2553 2707 non
2591 2635 2954 2708 inveniens
2992 2636 3113 2708 ubi
3150 2635 3616 2727 requiesceret
3653 2658 3785 2728 pes
3822 2638 3999 2724 eiuS,

897 2756 1144 2831 multis
1200 2759 1271 2829 et
1323 2754 1757 2828 notabilibus
1794 2753 2066 2846 nuntiis
2106 2759 2178 2828 et
2213 2754 2444 2828 literis
2483 2753 2888 2828 solicitabat
2922 2755 3394 2829 Wladislaum
3431 2757 3730 2849 Regem,
3789 2759 4001 2831 Prae·

898 2879 1256 2969 latosque,
1312 2875 1679 2968 Principes
1734 2879 1806 2948 et
1857 2876 2153 2949 barones
2208 2875 2393 2964 eius,
2450 2879 2532 2947 ut
2585 2875 2792 2948 illum
2838 2875 2914 2947 in
2949 2876 3248 2969 gratiam
3283 2877 3591 2969 recipere
3624 2878 4001 2971 dignaren-

903 3003 1054 3085 tur3
1110 2996 1197 3068 ad
1252 2995 1584 3069 maiorem
1638 2998 1873 3068 autem
1937 2995 2409 3069 ostensionem
2473 2994 2905 3068 humilitatis
2959 2999 3031 3068 et
3083 2997 3450 3071 fidelitatis
3515 3018 3717 3084 suae,
3786 2999 4006 3071 castri

902 3118 1219 3190 Luczsko
1272 3115 1784 3207 possessionem
1846 3114 2220 3188 Vincentio
2293 3116 2379 3188 de
2442 3116 2879 3190 Schamotuli
2943 3118 3325 3190 castellano
3372 3117 4008 3211 Myedzirzeczensi

904 3242 975 3312 et
1028 3236 1329 3310 Iohanni
1389 3235 1825 3329 Woyniczky
1864 3237 1948 3309 de
1985 3237 2215 3310 Senno
2247 3234 2310 3326 8)
2366 3236 2731 3329 capitaneo
2786 3238 2860 3310 in
2915 3238 3168 3311 Olesko
3198 3239 3261 3328 ⁴)
3317 3238 3733 3332 assignavit.
3800 3239 4004 3312 Diffi-

903 3356 1064 3430 cilis
1119 3360 1352 3430 autem
1375 3368 1381 3373 ’
1407 3361 1555 3430 erat
1609 3378 1818 3449 super
1870 3378 1944 3431 re
1997 3358 2129 3430 hac
2184 3356 2629 3447 deliberati0,
2687 3358 3015 3450 quoniam
3053 3362 3123 3431 et
3160 3359 3315 3432 Rex
3371 3363 3440 3433 et
3483 3359 3799 3432 Praelati
3824 3418 3843 3448 ,
3884 3361 4001 3434 ba-

902 3497 1244 3570 ronesque
1300 3477 1413 3550 sui
1466 3476 2048 3570 inscriptionibus
2104 3482 2176 3551 et
2229 3478 2708 3570 corporalibus
2763 3478 3177 3551 iuramentis
3232 3479 3411 3552 Duci
3465 3478 3719 3572 Magno
3777 3480 4002 3573 Sigis-

905 3600 1161 3673 mundo
1216 3600 1693 3686 firmaverant,
1753 3600 2017 3672 Ducem
2072 3598 2433 3692 Switrigal
2485 3602 2820 3691 tanquam
2873 3601 3146 3672 hostem
3193 3621 3626 3672 communem
3661 3600 3905 3693 Regni
3940 3607 4005 3674 et

906 3721 1223 3793 Ducatus
1277 3718 1514 3812 Magni
1568 3719 1928 3811 persequi,
1987 3724 2057 3793 et
2108 3720 2312 3792 nulla
2365 3719 2430 3792 ei
2462 3720 2524 3809 ⁵)
2579 3741 2888 3812 unquam
2952 3725 3305 3812 praestare
3359 3720 3674 3793 subsidia
3731 3722 3851 3794 vel
3908 3723 4003 3793 fa-

908 3862 1142 3927 vores;
1216 3841 1380 3911 Dux
1450 3839 1738 3931 insuper
1809 3841 2108 3933 Magnus
2172 3839 2668 3933 Sigismundus
2735 3841 3157 3914 Lithuaniae
3220 3840 3512 3914 moleste
3573 3842 3882 3929 ferebat,
3940 3847 4007 3914 et

908 3960 983 4033 in
1038 3959 1475 4052 quibuslibet
1526 3960 2109 4034 conventionibus
2163 3961 2396 4054 Regni
2448 3982 2575 4053 per
2618 3961 2904 4035 nuntios
2944 3982 3106 4033 suos
3144 3961 3595 4053 querebatur,
3654 3962 3847 4052 quod
3882 3963 4004 4034 ho·

911 4079 1047 4152 stis
1102 4101 1273 4152 suus
1328 4082 1490 4153 Dux
1547 4080 1935 4175 Switrigal,
1993 4103 2151 4155 cum
2207 4087 2395 4156 esset
2449 4082 2537 4154 ad
2573 4086 2964 4156 extremum
3002 4080 3236 4154 victus
3273 4085 3344 4154 et
3378 4080 3700 4155 omnibus
3741 4082 4002 4155 incom-

910 4199 1134 4273 modis
1187 4200 1559 4294 fatigatus,
1614 4222 1740 4293 per
1792 4201 2069 4294 aliquos
2125 4202 2355 4295 Regni
2407 4201 2742 4276 Poloniae
2795 4204 3089 4276 barones
3143 4202 3602 4293 reciperetur,
3662 4207 3736 4276 et
3783 4205 4005 4275 multa

909 4320 1023 4393 illi
1080 4341 1167 4394 ex
1221 4320 1465 4414 Regno
1518 4325 2046 4413 praestarentur
2098 4322 2565 4410 avisamenta,
2623 4322 2922 4396 consilia
2968 4327 3038 4396 et
3073 4323 3369 4395 favores.
3425 4322 3866 4414 Requirebat
3901 4324 4001 4395 in-

912 4461 1125 4533 super
1176 4442 1341 4512 Dux
1394 4440 1546 4533 ipse
1601 4442 1898 4534 Magnus
1953 4436 2375 4515 Lithuaniae
2442 4442 2939 4534 sigismundus
3005 4446 3076 4515 et
3130 4443 3349 4514 variis
3411 4442 4003 4517 solicitationibus

910 4561 1233 4655 urgebat,
1291 4564 1375 4632 ut
1428 4561 1633 4633 iuxta
1685 4561 2227 4654 inscriptionum
2280 4566 2623 4637 conventa
2675 4567 2981 4636 castrum
3037 4561 3354 4636 Luczsko
3394 4562 3531 4635 sibi
3567 4562 3994 4651 redderetur,

911 4685 1282 4775 postquam
1338 4680 1414 4753 in
1465 4684 1885 4773 potestatem
1940 4682 2158 4776 Regis
2214 4683 2496 4757 devenit
2526 4683 2613 4772 ⁶).
2682 4683 3200 4756 Deliberatione
3250 4683 3492 4775 itaque
3555 4683 3630 4755 in
3693 4685 4002 4775 praefata

914 4800 1373 4876 conventione
1427 4801 1817 4876 Siradiensi
1868 4803 2141 4893 habita,
2208 4802 2628 4877 Vincentius
2693 4803 3122 4877 Gnesnensis
3187 4802 3791 4896 archiepiscopus,
3849 4803 3996 4877 Sbi-

911 4943 1134 5016 gneus
1188 4921 1670 4995 cracoviensis
1725 4923 2129 5015 episcopus,
2197 4924 2547 4997 Iohannes
2601 4924 2686 4996 de
2739 4923 3090 4996 Thanczin
3155 4922 3749 4997 Sandomiriensis
3811 4925 3996 5017 pala·

1131 5213 1177 5294 ¹)
1224 5214 1436 5293 Opolie
1478 5203 1609 5278 Ed.
1654 5211 1836 5298 In‘pa
1901 5209 1958 5296 Ω)
2004 5215 2319 5276 conventio
2381 5209 2534 5277 cod.
2594 5211 2812 5277 Przez.
2877 5211 2933 5294 8)
2975 5215 3183 5276 Ioanni
3243 5215 3318 5277 dc
3368 5214 3589 5277 Sienno
3646 5215 3998 5301 Woiniceusi

916 5313 1046 5382 Ed.
1089 5316 1272 5403 Lips.
1320 5316 1373 5398 ⁴)
1422 5319 1759 5381 castellano
1790 5317 2034 5381 Oliesko
2078 5312 2206 5381 Ed.
2251 5315 2435 5402 Lipa.
2484 5317 2539 5399 ⁵)
2583 5319 2639 5380 ei
2682 5320 2744 5378 vi
2789 5312 2918 5380 Ed.
2956 5315 3140 5401 Lips.
3189 5315 3246 5397 ⁶)
3275 5318 3534 5381 advenit.
3581 5312 3712 5380 Ed.
3745 5315 3922 5402 Εἶρα.
