4342 6384
914 573 1060 643 164
2094 590 2321 656 unna
2372 589 2829 642 unnncnms.
3457 563 3591 666 (Α.
3632 565 3725 640 D.
3766 561 3999 665 1413.)

911 895 1179 967 ilenrico
1225 896 1304 967 de
1347 895 1605 966 Plawen
1650 894 1944 967 Prusiae
1989 895 2297 984 magistro
2359 911 2397 965 a
2442 894 3070 966 commendatoribus
3112 893 3411 982 deposito
3428 948 3445 979 ,
3504 893 3997 983 captivaeque,

1079 1015 1147 1084 et
1182 1014 1493 1085 lichaele
1541 1014 1987 1086 Kochmeister
2029 1014 2454 1099 succedente,
2498 1014 2747 1085 Ulricns
2792 1013 2995 1084 frater
3039 1013 3494 1102 captivitatem
3536 1013 3825 1097 veritus,

1849 1133 1931 1204 ad
1974 1133 2395 1204 wladislaum
2439 1132 2674 1222 Regem
2720 1132 3032 1222 confugit.

1103 1371 1248 1443 Sub
1303 1390 1382 1442 eo
1439 1373 1671 1442 autem
1729 1373 2070 1462 tempore,
2130 1391 2264 1461 quo
2320 1368 2760 1442 Wladislaus
2815 1367 3151 1441 Poloniae
3198 1369 3351 1440 Rex
3408 1369 3706 1460 degebat
3760 1368 3838 1440 in
3874 1366 3991 1439 Li·

903 1491 1231 1578 thuania,
1289 1490 1893 1562 commendatores
1949 1494 2019 1561 et
2072 1489 2443 1578 Cruciferi,
2511 1488 2839 1562 Prussiae
2894 1488 3307 1580 Magistrum
3362 1491 3433 1560 et
3482 1487 3797 1580 regimen
3852 1487 3993 1558 Ma-

905 1609 1114 1702 gistri
1168 1629 1405 1681 eorum
1459 1609 1807 1700 generalis
1864 1608 2154 1682 Henrici
2208 1609 2293 1681 de
2346 1609 2661 1697 Plawen,
2728 1608 2812 1680 ob
2864 1607 3238 1694 invidiam,
3304 1606 3651 1679 incertum
3708 1611 3853 1694 est,
3909 1628 3995 1678 an

903 1729 988 1801 ob
1043 1729 1366 1820 profusas
1422 1727 1830 1819 largitiones
1897 1732 1966 1800 et
2031 1749 2371 1819 expensas
2435 1727 2699 1819 perosi,
2767 1726 2889 1817 qni
2952 1727 3371 1799 confractam
3437 1746 3516 1797 ac
3568 1730 3993 1816 prostratam

895 1853 966 1920 et
1021 1869 1196 1938 pene
1253 1867 1638 1938 exanguem
1692 1868 1837 1919 rem
1873 1847 2226 1938 publicam
2281 1846 2594 1934 OrdiniS‚
2653 1845 2909 1918 tuendo
2964 1845 3272 1917 animose
3325 1848 3637 1916 castrum
3692 1844 3989 1918 Marion-

895 1968 1111 2060 burg,
1171 1970 1241 2038 et
1297 1969 1548 2056 expost
1601 1966 1996 2058 conquisita
2049 1970 2281 2038 castra
2343 1986 2466 2057 per
2519 1965 2991 2038 Wladislaum
3045 1964 3304 2054 Regem
3373 1967 3442 2037 et
3504 1985 3841 2054 possessa
3892 1986 3991 2038 re-

899 2085 1354 2176 acquirend0‚
1411 2090 1758 2172 erexerat,
1833 2085 1918 2156 ab
1983 2085 2209 2157 officio
2273 2085 2661 2176 deponunt,
2737 2088 2807 2156 et
2868 2083 2943 2155 in
3004 2083 3237 2155 locum
3302 2104 3505 2154 suum
3578 2081 3991 2157 Michaelem

899 2202 1390 2276 Kochmeister
1429 2205 1481 2293 ¹)
1536 2203 1778 2274 Novae
1842 2203 2191 2276 Marchiae
2222 2203 2283 2293 2)
2339 2204 2751 2275 advocatum
2807 2206 3207 2294 surrogant,
3265 2200 3653 2275 Henricum
3690 2223 3860 2274 vero
3914 2203 3991 2276 de

899 2323 1181 2396 Plawen
1236 2323 1631 2413 depositum
1686 2322 2069 2413 captivant.
2143 2322 2620 2413 Depositionis
2675 2325 2908 2394 autem
2974 2325 3043 2392 et
3098 2320 3534 2412 captivitatis
3592 2342 3765 2393 suae
3830 2323 3991 2392 haec

899 2448 970 2514 et
1023 2462 1163 2513 non
1217 2441 1359 2513 alia
1413 2440 1802 2514 certissima
1867 2463 2078 2514 causa
2131 2441 2299 2513 fuit:
2374 2441 2556 2533 quod
2610 2441 2964 2532 praefatus
3028 2438 3379 2512 Henricus
3434 2440 3901 2530 Plawyensky
3929 2437 3985 2528 ³)

898 2585 940 2634 a
994 2561 1355 2634 nonnullis
1412 2561 2099 2635 commendatoribus
2153 2582 2266 2634 res
2321 2581 2539 2632 novas
2601 2559 3082 2646 molientibuS,
3142 2562 3211 2631 et
3245 2558 3663 2650 praesertim
3718 2581 3761 2629 a
3796 2580 3985 2651 prae-

896 2684 1038 2755 fato
1095 2683 1432 2756 Michaele
1489 2681 1977 2755 Kochmeister
2005 2683 2068 2771 4)
2125 2681 2430 2755 officium
2488 2679 2880 2772 Magisterii
2934 2679 3309 2764 ambiente,
3363 2677 3829 2749 insimulatus
3866 2683 3989 2765 est,

900 2799 1103 2892 quasi
1157 2821 1315 2873 cum
1370 2801 1762 2874 Wladislao
1818 2801 2150 2873 Poloniae
2206 2802 2396 2892 Rege
2450 2803 2691 2872 contra
2745 2798 3073 2871 Ordinem
3120 2797 3443 2884 sentiret,
3502 2801 3574 2868 et
3629 2800 3991 2888 propterea

895 2941 936 2991 a
993 2920 1306 3010 praefato
1361 2919 1703 2992 Michaele
1738 2918 2232 2992 Kochmeister
2262 2919 2347 3008 ⁵),
2406 2918 2837 3008 caeterisque
2884 2915 3605 3004 Commendatoribus,
3663 2913 3870 3007 quasi
3905 2915 3989 2986 ad

901 3038 1440 3111 consultandum
1503 3037 1578 3109 in
1605 3038 1670 3125 ὃ)
1742 3037 1974 3110 cubile
2045 3060 2250 3110 suum
2323 3041 2523 3110 nocte
2594 3037 3052 3124 intrantibus,
3128 3034 3556 3127 captivatur,
3614 3036 3988 3127 eademque

899 3161 1135 3243 nocte,
1208 3176 1296 3228 ne
1360 3177 1487 3228 sua
1549 3155 1924 3246 captivitas
2000 3156 2413 3229 seditionem
2488 3156 2864 3228 excivisset
2895 3155 2980 3244 ⁷),
3053 3154 3123 3226 in
3200 3153 3484 3227 Gdansk
3558 3155 3857 3228 silenter
3923 3158 3991 3226 et

898 3274 1327 3348 clandestine
1388 3295 1513 3365 per
1575 3297 1825 3366 aquam
1897 3275 1971 3346 in
2033 3276 2201 3347 navi
2266 3275 2632 3348 deducitur
2702 3295 2743 3345 a
2797 3274 3065 3345 duobus
3132 3273 3856 3360 CommendatoribuS,
3922 3276 4019 3358 et,

899 3393 1113 3482 turri,
1173 3393 1569 3484 carcerique
1633 3393 1707 3465 in
1762 3399 1989 3467 castro
2056 3394 2414 3468 Gdanensi
2475 3391 2885 3465 includitur.
2962 3391 3155 3482 Quod
3219 3412 3375 3464 cum
3438 3392 3729 3466 Ulricns
3794 3393 3985 3466 Gom-

896 3511 1254 3584 mendator
1309 3511 1732 3601 GdanensiS,
1791 3513 2005 3586 frater
2038 3533 2410 3605 germanus
2450 3512 2758 3584 eiusdem
2796 3510 3086 3582 Hem-ici
3120 3511 3604 3604 Plawyensky,
3662 3533 3982 3603 praesen-

903 3629 1144 3718 sisset,
1202 3631 1687 3722 captivitatem
1743 3630 2000 3722 etipse
2057 3632 2387 3704 similiter
2424 3631 2724 3718 veritus,
2782 3650 2869 3702 ex
2910 3632 3135 3702 castro
3174 3628 3458 3702 Gdansk
3513 3631 3753 3704 eadem
3788 3635 3987 3704 nocte

902 3769 1059 3820 cum
1111 3749 1356 3839 paucis
1412 3749 1816 3842 diffugiens,
1875 3750 1962 3820 ad
2016 3749 2488 3823 Wladislaum
2544 3749 2874 3821 Poloniae
2928 3748 3191 3839 Regem
3244 3747 3470 3820 venit:
3546 3749 3733 3840 apud
3788 3771 3985 3840 quem

901 3865 1104 3937 annis
1170 3872 1438 3957 septem
1509 3869 1804 3939 honesto
1875 3868 2027 3938 loco
2099 3866 2417 3954 habituS,
2491 3866 3015 3956 liberaliterque
3087 3885 3166 3938 ac
3227 3865 3553 3938 munifice
3617 3871 3981 3954 tractatuS,

899 3984 1176 4057 fidelem
1231 3989 1301 4057 et
1355 3985 1737 4057 animosam
1794 4007 1990 4056 suam
2046 4006 2324 4075 operam
2387 3985 2461 4055 in
2516 3984 2835 4057 omnibus
2893 3983 3457 4075 expeditionibus
3523 3988 3768 4056 contra
3818 3985 3981 4056 Cru-

901 4103 1151 4172 ciferos
1206 4103 1516 4196 navavit.
1593 4103 1939 4176 Henricus
2007 4124 2168 4176 vero
2233 4104 2689 4194 Plawyensky
2746 4101 3101 4194 Magister,
3171 4103 3333 4172 dum
3390 4106 3461 4174 et
3514 4103 3669 4194 ipse
3724 4108 3983 4194 septem

907 4217 1108 4289 annis
1165 4222 1544 4292 carcerales
1605 4242 1981 4313 perpessus
2054 4222 2308 4294 fuisset
2371 4221 2758 4307 molestiaS,
2833 4242 2873 4292 a
2936 4240 3203 4293 carcere
3268 4221 3582 4310 tandem,
3650 4221 3983 4294 Michaele

898 4336 1396 4409 Koehmeister
1423 4338 1486 4427 ⁸)
1552 4340 1848 4413 obeunte
1903 4345 1973 4411 et
2027 4340 2249 4412 Paulo
2314 4341 2397 4411 de
2454 4340 2792 4411 Rusdorff
2814 4340 2876 4428 ⁹)
2949 4339 3023 4410 in
3088 4339 3570 4430 Magisterium
3608 4341 3699 4430 ¹⁰)
3756 4360 3982 4412 succe-

900 4454 1139 4542 dente,
1199 4457 1472 4528 solutus
1529 4462 1667 4545 est,
1727 4463 1796 4532 et
1847 4459 1923 4529 in
1961 4458 2290 4549 oppidum
2346 4458 2729 4529 Lochsteth
2781 4458 2864 4529 de
2899 4478 3113 4548 prope
3168 4456 3517 4529 Oceanum
3571 4459 3979 4546 consistens„

904 4573 1263 4660 detrusuS‚
1320 4575 1441 4646 ubi
1496 4575 1720 4648 medio
1776 4576 2255 4648 tantummodo
2320 4580 2566 4648 exacto
2621 4597 2829 4664 anno,
2896 4580 3178 4666 propter
3228 4596 3630 4666 pressuraS‚
3688 4597 3858 4668 quas
3910 4577 3983 4647 in

903 4690 1255 4763 Gdanensi
1320 4713 1590 4766 carcere
1630 4694 1718 4782 ¹¹)
1782 4695 2199 4785 pertulerat,
2266 4695 2446 4766 diem
2515 4693 2720 4766 obiit:
2796 4714 2873 4765 eo
2940 4695 3219 4783 quidem
3282 4694 3744 4782 laudabilior,
3808 4693 3983 4784 quod

901 4809 1208 4881 animum
1263 4811 1412 4883 eius
1477 4815 1676 4883 tanta
1739 4813 2117 4886 crudelitas
2182 4813 2383 4884 annis
2439 4815 2704 4902 septem
2777 4812 2849 4882 in
2902 4811 3135 4902 ipsum
3208 4833 3249 4882 a
3301 4816 3549 4885 ruente
3606 4811 3862 4885 Ordine
3897 4809 3981 4899 ¹²)

1117 5109 1163 5190 ¹)
1207 5113 1722 5190 Kochmagistrum
1772 5110 1924 5177 C'od.
1954 5112 2146 5177 Rozr.
2198 5115 2245 5194 Ω)
2290 5135 2479 5177 novae
2523 5115 2718 5175 Villae
2762 5112 2886 5175 Ed.
2919 5110 3099 5195 Lipe.
3149 5112 3201 5191 ³)
3247 5115 3613 5191 Plawensky
3650 5113 3778 5177 Ed.
3810 5114 3981 5198 Lips.

907 5207 963 5288 ⁴)
1006 5212 1460 5290 Kochmagister
1507 5211 1658 5278 Cod.
1689 5215 1882 5278 Rozr.
1935 5215 1988 5294 ⁶)
2035 5218 2491 5293 Kochmagister
2538 5213 2687 5278 Cod.
2729 5214 2920 5278 Rozr.
2969 5214 3022 5288 ⁸)
3066 5217 3142 5276 ad
3193 5210 3343 5276 Cod.
3374 5213 3568 5276 Rorz.
3624 5213 3675 5295 ⁷)
3710 5219 3986 5278 excitaret

910 5307 1062 5372 cod.
1093 5310 1284 5374 Rozr.
1334 5313 1385 5393 ⁸)
1429 5317 1883 5394 Kochmagister
1930 5313 2081 5382 Ood.
2113 5317 2304 5379 Rozr.
2354 5317 2407 5397 ¹³)
2450 5318 2766 5394 Ruzdorph
2813 5314 2963 5379 cod.
3000 5312 3174 5378 Calv.
3230 5316 3307 5396 ¹⁰)
3354 5318 3413 5376 in
3438 5319 3793 5394 Magistrum
3840 5314 3982 5384 God.

905 5408 1097 5474 Rozr.
1155 5408 1234 5496 ¹¹)
1267 5435 1402 5477 arce
1450 5413 1599 5479 Cod.
1645 5416 1839 5481 Rozr.
1895 5419 1972 5498 ¹⁵⁸)
2020 5421 2121 5496 qui
2165 5425 2431 5480 ruentem
2477 5420 2755 5480 Ordinem
2804 5415 2953 5481 Cod.
2985 5414 3160 5482 Calv.
