4342 6384
361 603 495 703 (Α.
536 601 625 678 D.
665 602 919 703 1444.)
1512 626 1738 681 mmm
1790 624 2305 682 nnonnomus.
3301 604 3444 681 705

364 811 695 900 „dibilem
748 832 945 903 spem
983 811 1037 900 1)
1093 816 1335 885 666116
1386 812 1687 903 perfidos
1739 812 2346 904 nequissimosque
2400 812 2730 900 Teucros,
2770 816 2841 885 et
2877 812 3210 903 optimam
3248 834 3436 885 men-

369 933 585 1019 „tem,
624 952 781 1004 cum
818 930 1025 1004 166116
1062 931 1223 1019 Dei,
1278 930 1504 1024 gloria
1542 938 1611 1005 et
1646 932 1903 1005 unione
1950 935 2430 1006 sacrosanctae
2481 931 2846 1024 religionis
2899 935 3212 1020 nostrae,
3271 952 3446 1024 quae

368 1071 580 1139 „voce
642 1053 885 1123 nostra
946 1049 1159 1143 digne
1224 1050 1399 1124 satis
1464 1051 1700 1143 eloqui
1752 1073 1893 1124 non
1945 1055 2264 1143 possunt.
2332 1050 2515 1123 Nam
2569 1050 2633 1121 si
2688 1050 2888 1123 nobis
2953 1073 3072 1124 ora
3128 1052 3449 1125 sonantia

368 1173 689 1258 „centum
743 1171 932 1243 Deus
985 1169 1137 1261 ipse
1190 1170 1532 1260 dedisset,
1589 1171 1834 1243 laudes
1888 1175 2161 1243 vestras
2200 1171 2376 1243 satis
2414 1170 2754 1243 extollere
2788 1170 3269 1262 nequiremus3
3327 1171 3450 1243 sed

368 1309 607 1377 »16666
661 1294 901 1361 666116
953 1288 1231 1369 conscia
1282 1290 1489 1377 recti,
1548 1290 1733 1363 votis
1788 1291 1958 1364 haec
2011 1289 2452 1383 magnanima
2503 1293 2747 1380 coepta
2800 1294 3036 1363 vestra
3087 1290 3446 1382 prosequi-

372 1413 555 1497 „tur.
612 1408 873 1481 Verum
930 1407 1095 1499 quia
1148 1408 1359 1481 etiam
1413 1409 1536 1481 ubi
1591 1411 1774 1482 facto
1828 1429 2005 1501 opus
2058 1413 2197 1498 est,
2256 1407 2468 1482 verba
2521 1408 2678 1498 ipsa
2713 1429 2851 1481 non
2888 1408 3282 1497 sufficiunt,
3339 1409 3444 1480 in-

370 1528 699 1616 „tellecto
743 1531 814 1601 et
841 1527 1101 1600 clarius
1139 1526 1449 1619 cognito,
1500 1527 2022 1601 sublimitatem
2061 1532 2370 1601 vestram
2409 1529 2652 1599 contra
2687 1527 2989 1600 Teucros
3026 1527 3282 1600 ituram
3318 1528 3450 1600 hac

369 1650 713 1736 „aestate,
770 1646 1203 1719 decrevimus
1262 1667 1495 1721 omnes
1550 1647 1735 1719 vires
1793 1652 1863 1720 et
1918 1647 2154 1719 studia
2206 1649 2448 1718 nostra
2499 1644 2754 1717 vestris
2807 1645 3162 1718 favoribus
3199 1645 3448 1719 addere

370 1768 657 1853 „contra
726 1760 1066 1856 perfidum
1136 1766 1836 1858 crudelissimumque
1899 1766 2454 1839 Christianorum
2518 1764 2789 1837 hostem
2855 1764 3326 1837 Amurathum
3357 1762 3444 1853 ²),

368 1883 739 1976 „omnique
794 1904 991 1972 cura,
1050 1884 1283 1956 studio
1348 1887 1418 1957 et
1472 1883 1842 1977 diligentia
1896 1884 2277 1958 Serenitati
2334 1886 2608 1955 vestrae
2659 1883 2846 1974 grati
2893 1904 3046 1957 esse
3085 1884 3446 1957 studemus

366 2008 481 2091 „et
533 2003 906 2077 universus
960 2002 1518 2076 Christianorum
1575 2005 1741 2076 ordo
1796 2007 2095 2077 tenetur.
2156 2001 2295 2076 Sed
2329 2002 2494 2074 dum
2529 2002 2702 2075 11666
2739 2003 3236 2094 cogitaremus,
3291 2022 3444 2093 per-

364 2124 802 2211 „ficeremus,
859 2113 1524 2215 expectaremusque
1569 2122 1961 2197 Maiestatis
2000 2126 2276 2195 vestrae
2312 2121 2397 2193 ad
2432 2124 2668 2213 partes
2707 2120 3012 2196 Orientis
3049 2123 3446 2210 adventum,

366 2240 497 2330 „ad
535 2241 859 2314 notitiam
910 2245 1223 2313 nostram
1258 2242 1611 2333 pervenit,
1669 2242 2052 2332 Despotum
2102 2238 2476 2331 Georgium
2523 2244 2594 2311 et
2641 2240 3102 2314 Serenitatem
3142 2246 3446 2313 vestram

365 2380 567 2448 „cum
622 2359 807 2432 dicto
863 2361 1250 2433 Amuratho
1289 2361 1625 2451 quaedam
1662 2360 1857 2451 pacis
1896 2360 2169 2433 foedera
2205 2358 2516 2449 coepisse
2553 2364 2625 2431 et
2657 2360 3066 2451 perfecisse,
3107 2366 3176 2433 et
3213 2361 3444 2451 ipsum

364 2500 653 2569 „parare
704 2480 975 2572 legatos
1031 2501 1195 2553 6666
1250 2480 1337 2551 611
1390 2479 1902 2553 Excellentiam
1957 2486 2262 2552 vestram
2316 2498 2442 2569 pro
2497 2478 2994 2551 concludendis
3051 2484 3120 2551 et
3165 2482 3443 2551 firman-

365 2596 519 2685 „dis
574 2598 1175 2672 conventionibus.
1234 2599 1385 2690 Qua
1438 2599 1523 2671 de
1560 2620 1635 2671 re
1670 2598 2053 2690 plurimum
2100 2597 2428 2670 admirati
2459 2595 2522 2685 3)
2579 2617 2851 2685 sumus,
2909 2618 3035 2671 nec
3071 2618 3444 2689 possumus

364 2716 583 2805 „satis
636 2717 1069 2810 intelligere,
1126 2718 1310 2791 unde
1366 2718 1541 2791 talia
1592 2718 2090 2809 processerint,
2159 2716 2317 2809 qui,
2375 2716 2560 2788 victo
2615 2721 3080 2809 superatoque
3134 2716 3440 2801 inimico,

364 2835 510 2923 „ita
570 2837 987 2926 perterritus
1051 2840 1189 2925 661,
1258 2837 1443 2929 quod
1470 2838 1534 2927 ⁴)
1591 2838 1817 2909 solum
1879 2836 2158 2909 nomine
2222 2834 2676 2908 celsitudinis
2740 2840 3015 2909 vestrae
3071 2840 3234 2908 ruat
3289 2836 3440 2907 eius

364 2954 806 3046 „imperium,
866 2960 935 3028 et
986 2955 1061 3027 in
1115 2956 1701 3047 praesentiarum,
1759 2976 1916 3029 cum
1968 2957 2169 3028 nulla
2223 2954 2288 3027 ei
2344 2975 2504 3046 spes
2557 2955 2806 3027 relicta
2861 2954 2987 3043 sit,
3045 2954 3284 3027 velitis
3331 2954 3445 3026 his

363 3073 686 3162 „insidiis
742 3074 883 3167 ipsi
935 3079 1251 3167 tempora
1280 3074 1343 3165 ⁵)
1396 3080 1753 3166 praestare
1806 3076 1893 3148 ad
1944 3074 2439 3148 restaurandas
2492 3074 3156 3167 reintegrandasque
3230 3074 3439 3161 vireS,

364 3213 545 3283 „quo
600 3192 753 3284 ipse
807 3194 1038 3267 victus
1094 3200 1604 3287 superatusque
1649 3200 1894 3287 regnet
1930 3216 2088 3268 6616
2124 3194 2436 3286 periculo
2475 3199 2544 3267 et
2579 3194 2786 3267 ruina
2821 3196 3203 3295 multorum
3238 3194 3440 3266 Prin·

360 3312 670 3403 „cipum‚
728 3314 1282 3406 populorumque
1320 3313 1891 3402 christianorum,
1950 3313 2070 3405 qui
2117 3312 2559 3404 apertissime
2595 3314 2854 3387 vestris
2891 3314 3162 3387 viribus
3203 3318 3274 3385 et
3313 3334 3437 3384 au-

363 3431 693 3519 „toritate
747 3431 1013 3505 11161616
1066 3433 1535 3505 Α16616111616
1589 3438 1659 3506 61
1714 3433 1867 3505 6166
1906 3433 2059 3505 1666
2094 3436 2608 3525 oppugnarunt.
2669 3433 3103 3524 Quapropter
3138 3432 3212 3503 in
3250 3452 3440 3503 men-

364 3555 549 3639 „tem
603 3556 914 3623 nostram
967 3551 1210 3625 cadere
1262 3574 1402 3625 non
1454 3556 1717 3644 potest,
1777 3552 1963 3645 quod
2016 3556 2258 3626 tantus
2315 3573 2504 3626 error
2555 3552 2864 3643 gloriosa
2918 3555 2987 3624 et
3023 3551 3442 3644 dignissima

364 3670 754 3761 „principia
808 3670 1071 3759 finiret,
1129 3692 1422 3763 quorum
1478 3672 1661 3744 fama
1712 3660 1851 3746 iam
1904 3692 2030 3763 per
2065 3671 2474 3745 universum
2511 3676 2854 3744 terrarum
2903 3670 3153 3744 Orbem
3189 3670 3440 3741 diffun-

362 3789 631 3877 „ditur;
685 3809 811 3862 nec
864 3789 1072 3882 digne
1100 3790 1164 3879 6)
1220 3790 1637 3865 celsitudini
1692 3796 1963 3865 vestrae
2029 3790 2534 3879 Iustinianum,
2609 3790 2934 3864 Titumve
2964 3791 3052 3879 ⁷),
3109 3788 3438 3882 dignissi-

364 3929 559 3998 „mos
622 3909 1087 4000 Imperatores
1150 3911 1719 4001 comparaverim.
1788 3910 1972 4002 Quas
2030 3910 2116 3983 ob
2169 3930 2284 3982 res
2347 3913 2578 3982 vestro
2641 3910 2920 3983 nomine
2973 3913 3044 3981 et
3097 3908 3441 4001 singulari

363 4028 787 4117 „autoritate
842 4034 913 4100 et
970 4027 1309 4102 felicitate
1363 4029 1535 4101 moti
1590 4034 1756 4101 sunt
1810 4028 2176 4120 Principes
2233 4033 2303 4101 et
2355 4028 2604 4119 populi
2640 4028 3232 4115 Christianorum,
3291 4028 3441 4100 eius

363 4146 709 4236 „subditi‚
758 4146 1107 4239 colligati,
1166 4145 1383 4219 vicini
1420 4151 1492 4220 et
1526 4148 2097 4235 coadhaerentes3
2155 4146 2278 4220 sed
2313 4148 2523 4219 etiam
2561 4147 2712 4220 eius
2750 4146 2912 4221 fidei
2949 4146 3320 4238 complices
3349 4146 3437 4235 ⁸),

362 4267 847 4356 „Katamanus
903 4265 1263 4354 videlicet,
1322 4266 1443 4358 qui
1497 4288 1817 4359 magnam
1873 4267 2087 4339 Asiae
2140 4266 2504 4339 orientalis
2558 4271 2826 4356 partem
2869 4267 3018 4339 suis
3056 4266 3324 4339 viribus
3371 4271 3441 4339 et

360 4386 721 4475 „exercitu
774 4406 997 4478 usque
1050 4385 1138 4457 ad
1190 4385 1411 4458 maria
1463 4387 1757 4477 adeptus
1812 4391 1942 4459 est.
1999 4386 2188 4458 Huic
2243 4385 2455 4457 etiam
2511 4385 2732 4458 additi
2789 4390 2956 4458 sunt
2991 4386 3126 4458 filii
3163 4386 3434 4457 Karan-

360 4505 531 4595 „luk
560 4504 623 4593 9)
678 4508 747 4577 et
782 4505 1021 4596 plures
1059 4504 1217 4592 alii,
1276 4509 1347 4577 et
1400 4506 1649 4579 classis
1704 4509 1943 4597 optata
1994 4504 2135 4577 iam
2175 4504 2512 4576 Strictum
2550 4504 2756 4578 debet
2791 4504 3168 4578 obsedisse.
3227 4503 3430 4576 Unde

360 4644 543 4713 »666
580 4628 689 4695 661
724 4624 1173 4712 616116611661,
1223 4626 1407 4715 quod
1444 4630 1641 4697 tanta
1677 4631 1958 4717 tamque
1995 4624 2352 4714 insperata
2389 4622 2746 4696 occasione
2785 4623 3116 4695 victoriae
3172 4622 3431 4708 oblata,

359 4743 761 4832 „Serenitas
807 4748 1041 4815 vestra
1079 4743 1191 4832 ¹⁰),
1241 4743 1511 4817 viribus
1550 4744 1861 4832 omissis,
1902 4742 2361 4835 cogitationes
2399 4762 2564 4814 suas
2602 4742 2688 4813 ad
2723 4762 2996 4832 pacem,
3038 4762 3214 4832 quae
3251 4742 3432 4813 mul-

360 4866 515 4951 „tas
568 4861 865 4935 insidias
920 4862 1247 4935 habitura
1301 4864 1427 4949 sit,
1484 4864 1938 4951 converterit,
1998 4863 2119 4935 sed
2172 4861 2410 4952 potius
2465 4862 2552 4933 ad
2588 4861 3100 4953 provehendam
3135 4860 3432 4953 gloriam

567 5169 611 5249 ¹)
703 5176 763 5230 et
805 5170 1131 5229 futurarum
1172 5168 1522 5230 incolumem
1564 5164 1691 5230 Ed.
1738 5166 1919 5251 Lipn.
1969 5164 2021 5247 ²)
2070 5167 2452 5229 Omorathum
2501 5162 2651 5230 cod.
2702 5160 2879 5229 Calv.
2929 5164 2981 5246 8)
3021 5166 3274 5230 adiurati
3306 5164 3432 5231 Ed.

350 5270 533 5356 Lapa.
596 5269 648 5351 ⁴)
694 5278 761 5332 61
801 5269 929 5333 Ed.
984 5268 1165 5353 Lipc.
1230 5269 1281 5351 ⁵)
1324 5272 1573 5347 tempori
1620 5269 1749 5333 Ed.
1795 5268 1978 5354 Lips.
2041 5268 2095 5349 θ)
2139 5272 2386 5347 indigne
2430 5268 2557 5335 Ed.
2605 5267 2786 5352 Lips-
2851 5268 2902 5348 ⁷)
2950 5276 3012 5331 61
3051 5270 3254 5331 Titum
3297 5289 3436 5330 vere

348 5372 476 5437 Ed.
524 5372 701 5456 aps.
754 5372 805 5443 ⁸)
850 5376 1179 5452 complures
1222 5370 1348 5434 Ed.
1395 5369 1574 5455 Lips.
1621 5371 1675 5453 ⁹)
1724 5374 2013 5434 Camuluk
2061 5368 2213 5435 God.
2259 5370 2393 5436 Lis.
2437 5372 2722 5433 Barailuk
2771 5368 2921 5433 cod.
2955 5368 3173 5434 Przez.
3205 5372 3434 5433 Karan-

348 5478 529 5555 dugle
572 5473 696 5539 Ed.
746 5472 925 5557 Lips.
983 5474 1059 5549 ¹⁰)
1108 5476 1423 5536 Serenitati
1466 5476 1715 5536 Vestrae
1760 5471 1887 5541 Ed.
1934 5472 2115 5556 Lips.

399 5628 447 5669 J.
475 5627 665 5677 Dlnaeoc.
692 5626 816 5667 fflot.
843 5625 1005 5667 Polou.
1029 5625 1081 5667 Τ.
1106 5625 1187 5669 tv.
3025 5607 3092 5659 89
