4342 6384
837 616 983 695 324
2029 642 2255 696 Lrssmt
2308 622 2763 697 pausemus.
3362 620 3495 721 (Α.
3534 620 3627 695 D.
3668 620 3913 720 1424.)

836 826 1090 900 Daciae
1129 827 1182 915 Ι)
1236 826 1454 919 Regis
1517 846 1700 899 unus
1765 824 2330 917 archiepiscopus
2387 830 2456 898 et
2511 827 2646 897 duo
2702 825 2997 913 milites;
3055 825 3223 899 item
3277 809 3657 900 Wladislai
3712 830 3909 901 Polo·

835 946 991 1019 niae
1045 946 1260 1038 Regis
1317 944 1659 1036 Sbigneus
1713 945 2190 1017 cracoviensis
2246 945 2645 1037 episcopuS,
2711 946 3172 1018 cancellarius
3246 950 3316 1018 et
3370 947 3790 1035 marsalcus,
3846 948 3916 1021 in

831 1066 1108 1138 Grodno
1164 1065 1250 1136 ad
1293 1065 1771 1137 Alexandrum
1810 1064 2285 1137 Withawdum
2344 1066 2604 1138 Ducem
2642 1064 2969 1157 Magnum
3008 1065 3429 1138 Lithuaniae
3466 1066 3913 1158 perveniunt:

833 1192 903 1256 et
956 1184 1030 1255 in
1086 1183 1196 1255 die
1253 1182 1604 1274 sequenti,
1664 1183 1834 1255 feria
1889 1183 2219 1256 videlicet
2273 1184 2552 1275 quinta,
2610 1182 2773 1255 data
2826 1184 3217 1273 audientia,
3274 1184 3575 1277 primum
3634 1185 3914 1276 quidem

833 1303 1064 1375 nuntii
1121 1301 1556 1395 Sigismundi
1611 1304 2079 1374 Romanorum
2113 1302 2199 1391 2),
2274 1303 2524 1375 deinde
2588 1302 2778 1376 Erici
2834 1303 3120 1393 Daciae,
3178 1304 3447 1395 Regum
3480 1302 3564 1393 3),
3622 1305 3916 1397 legatio-

833 1445 990 1495 nem
1047 1422 1148 1493 eis
1203 1421 1642 1493 commissam
1697 1422 2152 1513 explicaturi,
2212 1424 2521 1495 oratione
2576 1424 2785 1514 longa
2839 1428 2909 1495 et
2962 1422 3225 1496 diserta
3276 1423 3537 1496 Ducem
3587 1424 3915 1516 Stolpen-

835 1564 980 1615 sem
1035 1542 1466 1634 Boguslaum
1522 1542 1604 1612 de
1660 1543 2079 1615 excellentia
2133 1543 2477 1615 virtutum
2534 1547 2603 1615 et
2655 1541 2963 1634 generis,
3022 1542 3107 1615 de
3160 1544 3593 1633 praestantia
3630 1544 3916 1629 formae,

834 1662 918 1734 de
955 1660 1410 1733 multitudine
1459 1680 1699 1751 opum,
1759 1660 1842 1732 de
1899 1661 2369 1752 amplitudine
2404 1661 2970 1752 Principatuum,
3028 1660 3521 1752 multipliciter
3573 1682 3915 1735 commen-

835 1782 1108 1869 datum,
1164 1780 1527 1872 petebant,
1585 1772 2100 1871 neptem'suam
2140 1780 2518 1872 Hedvigim
2555 1780 2930 1871 virginem,
2980 1779 3201 1852 filiam
3238 1781 3500 1874 regiam
3530 1781 3617 1870 ⁴),
3680 1782 3917 1853 matri·

837 1900 1067 1971 monio
1123 1899 1239 1972 illi
1291 1898 1686 1972 consociare
1741 1900 2177 1991 dignaretur,
2236 1900 2309 1971 in
2364 1899 2592 1993 Regni
2646 1899 2980 1973 Poloniae
3028 1902 3098 1973 et
3137 1900 3447 1972 Ducatus
3502 1900 3921 1975 Lithuaniae

839 2019 1374 2111 amplitudinem
1431 2024 1502 2091 et
1554 2021 1962 2110 profectum.

836 2374 1242 2445 Vithavdus
1301 2374 1546 2445 reiecto
1603 2390 1916 2463 responso
1958 2374 2027 2444 in
2073 2373 2248 2445 alind
2294 2375 2577 2463 tenpus,
2638 2373 2876 2445 suadet
2934 2374 3155 2445 datam
3206 2374 3685 2463 sponsaliorum
3735 2374 3923 2447 fldem

857 2493 1200 2566 luchioni
1248 2492 1801 2583 Brandoburgensi
1847 2493 2235 2565 sonandam
2280 2510 2460 2564 osso:
2506 2494 2677 2583 quod
2721 2493 2920 2564 otiam
2963 2492 3134 2583 Papa
3178 2494 3391 2565 litoris
3436 2494 3574 2565 zuis
3618 2493 3902 2582 flagitat.

1041 2737 1296 2812 Nuntii
1352 2737 1732 2810 Wladislai
1785 2739 2207 2810 Polonorum
2263 2737 2479 2829 Regis
2536 2736 2913 2810 summaria
2963 2738 3476 2829 propositorum
3513 2756 3921 2810 commemo-

833 2858 1104 2932 ratione
1173 2878 1296 2949 per
1367 2877 1700 2949 organum
1774 2857 2062 2949 Sbignei
2131 2856 2609 2929 Cracoviensis
2682 2856 2991 2948 episcopi
3059 2857 3333 2946 habita,
3406 2857 3777 2951 rogabant,
3844 2859 3925 2926 ut

836 2981 1204 3070 postquam
1261 2976 1396 3047 duo
1451 2976 1711 3068 RegeS,
1767 2976 2201 3049 notabilibus
2256 2975 2528 3048 nuntiis
2584 2975 2783 3068 iungi
2820 2996 3055 3048 secum
3092 2977 3539 3065 affinitatem,
3598 2980 3668 3049 et
3704 2975 3923 3048 filiam

836 3095 1131 3188 regiam,
1207 3116 1404 3167 suam
1477 3116 1638 3167 vero
1693 3100 2002 3187 neptem,
2062 3095 2400 3187 virginem
2458 3095 2867 3188 Hedvigim,
2926 3096 3103 3168 Duci
3160 3094 3518 3185 Stolpensi
3571 3094 3926 3187 Boguslao

840 3215 990 3288 dari
1044 3214 1116 3286 in
1173 3218 1560 3286 consortem
1615 3218 2052 3305 expeterent,
2110 3214 2519 3307 dignaretur
2573 3216 2769 3287 velut
2824 3215 3037 3286 frater
3089 3214 3305 3306 Regis
3344 3218 3415 3287 et
3448 3217 3745 3305 patruus
3782 3213 3922 3285 vir-

839 3333 1056 3427 giniS,
1117 3332 1284 3424 quid
1341 3333 1522 3405 facto
1579 3353 1752 3425 opus
1809 3339 2024 3421 esset,
2083 3346 2153 3407 et
2190 3333 2253 3404 si
2292 3335 2599 3405 affinitas
2638 3333 2821 3423 ipsa,
2864 3324 3081 3425 priori
3120 3354 3277 3405 cum
3316 3331 3925 3425 Brandeburgensi

839 3452 1235 3525 Marchione
1267 3451 1326 3541 5)
1385 3452 1735 3525 celebrata
1789 3452 2090 3540 abiecta,
2158 3452 2463 3524 ineunda
2519 3453 2725 3539 foret,
2784 3452 3171 3524 consulere.
3239 3451 3639 3523 Alexander
3692 3456 3925 3523 autem

841 3571 1312 3659 Withawdus,
1389 3572 1603 3644 trium
1667 3573 1936 3664 Regum
1992 3572 2263 3643 nuntiis
2319 3572 2501 3664 apud
2559 3592 2632 3643 se
2687 3571 2759 3642 in
2816 3571 3122 3643 omnium
3202 3590 3434 3644 rerum
3498 3570 3927 3643 abundantia

838 3713 962 3783 per
1015 3691 1162 3763 dies
1220 3695 1373 3763 octo
1435 3692 1762 3781 retentiS,
1831 3713 2010 3765 nono
2074 3693 2351 3763 demum
2405 3692 2517 3763 die
2573 3692 2737 3763 illos
2802 3691 2953 3763 sine
3016 3690 3253 3781 aliquo
3319 3694 3505 3762 certo
3569 3708 3924 3782 responso,

838 3810 1242 3883 muneribus
1305 3812 1680 3883 honoratos
1717 3812 1778 3899 ⁰)
1843 3811 2147 3899 remisit,
2216 3810 2631 3902 promittens
2696 3808 3192 3883 deliberatione
3255 3809 3531 3897 habita,
3600 3830 3675 3881 se
3730 3828 3927 3881 suam

839 3928 1297 4003 intentionem
1371 3929 1760 4002 Wladislao
1831 3931 2167 4002 Poloniae
2241 3930 2420 4022 Regi
2484 3930 2785 4021 propriis
2849 3928 3120 4001 nuntiis
3194 3928 3674 4003 remissurum.
3756 3928 3927 3999 Eam

842 4053 1074 4121 autem
1129 4048 1532 4120 dilationem
1609 4050 1762 4121 ideo
1827 4049 2046 4121 scitus
2113 4054 2221 4121 est
2276 4050 2678 4121 Alexander
2748 4048 3189 4120 Withawdus
3254 4046 3793 4138 interposuisse,
3848 4050 3930 4118 ut

841 4166 1120 4239 interim
1179 4186 1264 4237 ex
1323 4171 1626 4258 tempore
1682 4174 1960 4259 captare
2014 4172 2252 4259 posset
2308 4167 2673 4239 consilium
2731 4167 3023 4238 alterius
3079 4167 3449 4238 affinitatis
3504 4165 3923 4257 probandae.

841 4286 1041 4358 Licet
1095 4305 1366 4376 quoque
1423 4289 1492 4356 et
1547 4287 1695 4377 ipse
1752 4288 1838 4358 ad
1893 4287 2439 4359 contrahendum
2496 4308 2651 4357 cum
2706 4286 3019 4377 Regibus
3076 4286 3345 4357 duobus
3402 4291 3472 4358 et
3508 4287 3701 4358 Duce
3740 4285 3925 4357 Stol-

839 4404 1041 4496 pensi
1097 4404 1541 4492 affinitatem,
1610 4410 1752 4477 tam
1809 4406 2078 4479 solenni
2136 4406 2649 4497 supplicatione
2704 4405 2886 4495 apud
2942 4425 3097 4476 eum
3153 4426 3277 4495 per
3332 4404 3832 4477 ambasiatores
3864 4405 3923 4492 ⁷)

841 4524 1113 4615 Regum
1165 4522 1438 4610 habita,
1497 4524 1811 4596 consiliis
1867 4526 2154 4616 insuper
2208 4530 2275 4596 et
2332 4522 2903 4615 persuasionibus
2968 4522 3346 4595 Wladislai
3400 4522 3733 4595 Poloniae
3787 4524 3925 4595 Re·

838 4641 950 4734 gis
1007 4646 1270 4729 motuS,
1327 4642 1634 4713 animum
1690 4643 2130 4715 inclinasset:
2194 4642 2406 4714 Ducis
2463 4647 2693 4713 tamen
2749 4641 3182 4733 Sigismundi
3236 4641 3627 4729 Koributh,
3686 4645 3926 4713 contra

842 4760 1059 4853 Regis
1114 4759 1447 4832 Poloniae
1503 4760 1880 4833 Wladislai
1919 4767 1988 4834 et
2025 4784 2220 4833 suam
2259 4759 2832 4851 prohibitionem,
2890 4760 3368 4833 clandestinus
3408 4760 3481 4833 in
3520 4759 3924 4833 Bohemiam

845 4878 1190 4951 transitus
1247 4879 1642 4969 paullulum
1697 4884 1857 4971 post
1911 4886 2225 4967 secutu8‚
2284 4880 2539 4952 avertit
2594 4879 2797 4950 illum
2837 4900 2877 4949 a
2912 4879 3450 4951 consummanda
3504 4899 3661 4950 cum
3716 4878 3922 4969 Regi-

843 4998 974 5070 bus
1031 5003 1098 5069 et
1153 4999 1342 5071 Duce
1369 4997 1434 5088 ⁸)
1491 4998 1848 5089 Stolpensi
1904 5000 2271 5072 affinitate.
2334 5000 2769 5091 Quapropter
2822 4998 3059 5069 missis
3098 5000 3168 5069 iu
3210 4998 3575 5069 Poloniam
3631 4996 3920 5083 nuntiiS,

1059 5284 1104 5362 ¹)
1151 5286 1379 5345 Daniae
1423 5282 1547 5347 Ed.
1593 5284 1774 5370 Lips.
1825 5286 1873 5366 ²)
1919 5288 2311 5349 Romanorum
2356 5287 2538 5365 Regis
2590 5282 2741 5349 Cod.
2789 5284 2981 5349 Rozr.
3031 5284 3080 5364 ³)
3114 5288 3343 5345 Daniae
3372 5286 3556 5362 Regis
3588 5282 3712 5347 Ed.
3748 5282 3923 5367 Lipa.

847 5384 900 5465 4)
944 5388 1128 5463 Regis
1171 5388 1484 5448 wladislai
1537 5389 1716 5449 filiam
1773 5386 1925 5451 Ood.
1973 5388 2164 5451 Rozr.
2232 5388 2285 5467 ὅ)
2329 5389 2670 5450 Marchione
2716 5386 2886 5449 deest
2930 5387 3001 5449 in
3050 5383 3200 5450 God.
3250 5383 3429 5449 Calv.
3466 5385 3547 5465 ·⁸)
3592 5392 3924 5448 muneratos

850 5485 1003 5553 Cod.
1047 5486 1238 5550 Rozr.
1290 5487 1339 5569 ⁷)
1384 5490 1613 5565 legatos
1662 5486 1812 5553 cod.
1866 5488 2059 5553 Rozr.
2109 5490 2160 5571 ⁸)
2207 5493 2374 5552 Duce
2420 5488 2588 5554 dccet
2630 5490 2704 5553 in
2758 5488 2908 5552 Ood.
2967 5487 3143 5551 oazv.
