4342 6384
846 563 994 634 202
2031 583 2258 636 menn
2309 584 2768 637 monemus.
3371 559 3505 661 (Α.
3544 562 3637 637 D.
3677 560 3920 661 1422.)

843 764 1045 856 gnari
1100 768 1169 838 et
1223 764 1507 837 conscii.
1564 765 1860 857 Quidam
1913 765 2100 840 enim
2152 765 2553 839 rusticanus
2610 770 2677 841 et
2732 765 2899 839 vilis
2953 767 3191 856 homo,
3248 766 3641 840 mendicum
3696 788 3774 841 se
3805 766 3921 838 ha-

845 883 1002 956 bitu
1055 887 1126 957 et
1177 886 1414 975 gestu,
1473 903 1609 975 quo
1665 882 1945 957 facilius
1997 885 2355 957 intuentes
2420 885 2731 973 falleret,
2796 886 3224 977 praeferens,
3300 885 3738 978 sigismundi
3792 886 3926 957 Ro-

850 1022 1211 1074 manorum
1264 1002 1483 1094 Regis
1538 1003 1781 1075 literas
1819 1001 2191 1076 cruciferis
2229 1004 2592 1092 titulatae,
2649 1003 2915 1077 vilitati
2953 1004 3259 1077 vestium
3296 1024 3581 1076 suarum
3616 1004 3927 1090 insucae,

848 1124 919 1194 et
973 1121 1110 1194 iter
1161 1141 1286 1212 per
1337 1121 1706 1195 Poloniam
1761 1120 1835 1192 in
1886 1121 2249 1194 Prussiam
2322 1143 2564 1214 agene,
2639 1122 2825 1215 apud
2893 1122 3226 1214 oppidum
3295 1123 3629 1197 Poloniae
3691 1122 3930 1196 Konin

848 1239 1262 1327 moriturus,
1319 1243 1554 1312 vestes
1609 1260 1773 1311 suas
1827 1241 2110 1332 petebat
2155 1241 2233 1313 in
2268 1241 2551 1313 Thorun
2587 1241 2674 1312 ad
2712 1241 3343 1314 commendatorem
3379 1241 3658 1314 deferri.
3716 1242 3934 1333 Quam

847 1380 1025 1446 rem,
1085 1358 1359 1431 nemine
1415 1358 1585 1451 quid
1637 1359 1888 1432 lateret
1941 1360 2441 1451 perpendente,
2510 1360 2737 1433 Gnero
2791 1359 3223 1432 Koninensis
3276 1361 3719 1433 theloneator
3773 1360 3937 1432 dum

850 1476 1153 1569 Sbigneo
1210 1477 1293 1549 de
1331 1476 1785 1550 Oleschnicza
1821 1478 2193 1551 secretario
2238 1479 2430 1571 regio
2474 1478 2868 1566 retulisset,
2926 1478 3307 1551 mittuntur
3361 1478 3760 1567 celerrime,
3820 1480 3937 1570 qui

848 1600 1080 1668 vestes
1136 1595 1446 1668 defuncti
1499 1596 1835 1685 mendici,
1895 1597 2034 1670 iam
2089 1598 2162 1669 in
2217 1592 2799 1694 alios‘zmendicos
2853 1596 3303 1681 distributas,
3361 1597 3799 1689 conquisitas
3838 1600 3933 1669 af·

848 1716 1106 1786 ferunt.
1165 1713 1433 1804 Quibus
1486 1715 1814 1807 diligenti
1869 1715 2191 1807 quaesitu
2245 1715 2736 1808 perscrutatiS,
2794 1716 3042 1788 literae
3097 1714 3535 1808 Sigismundi
3586 1716 3934 1788 Romano·

848 1854 1005 1905 rum
1076 1832 1296 1924 Regis
1367 1833 1518 1905 illis
1590 1833 1866 1907 insutae
1934 1834 2404 1926 reperiuntur.
2480 1834 2614 1907 His
2670 1834 3141 1927 significabat:
3208 1855 3444 1908 omnes
3498 1836 3643 1906 fere
3696 1838 3938 1927 gentes

849 1952 1183 2023 Poloniae
1237 1955 1306 2022 et
1361 1971 1559 2024 omne
1613 1953 1824 2024 robur
1875 1952 2175 2026 militiae
2231 1953 2604 2025 Polonicae
2655 1953 2731 2024 in
2784 1952 3191 2025 Bohemiam
3254 1974 3412 2025 cum
3464 1952 3657 2025 Duce
3714 1952 3937 2046 Sigis-

852 2069 1108 2142 mundo
1162 2068 1520 2141 Koributh
1573 2070 2012 2158 discessisse,
2071 2071 2531 2163 Regnumque
2585 2071 2919 2144 Poloniae
2972 2091 3265 2143 vacuum
3302 2071 3632 2163 gentibus
3671 2071 3936 2143 milita-

850 2189 1048 2261 ribus
1103 2189 1278 2276 fore;
1336 2189 1713 2261 exhortans
1768 2189 2153 2263 cruciferos
2210 2193 2279 2263 et
2333 2210 2805 2275 commonenS,
2871 2193 2952 2261 ut
3013 2189 3348 2281 temporis
3412 2189 3941 2282 opportunitate

852 2312 1249 2395 uterentur3
1303 2313 1551 2400 treuga
1603 2329 1878 2400 quoque
1942 2309 2306 2397 simulata,
2372 2330 2581 2400 quam
2645 2309 2732 2380 ad
2786 2308 3036 2400 papale
3107 2313 3230 2380 aut
3292 2308 3658 2400 imperiale
3724 2308 3940 2400 impe·

852 2427 1038 2499 rium
1111 2427 1382 2500 solvere
1453 2426 1726 2515 liceret,
1800 2427 2199 2516 interiecta,
2275 2426 2639 2499 Poloniam
2706 2412 3066 2517 pendente*
3110 2430 3355 2518 treuga
3418 2447 3507 2499 ex
3559 2426 3943 2518 improviso

856 2545 1202 2638 aggressi,
1260 2544 1618 2634 diffusius,
1676 2565 1813 2636 quo
1868 2550 2185 2635 possent,
2241 2549 2624 2618 vastarent.
2681 2546 2785 2617 Ea
2839 2544 3185 2635 siquidem
3239 2545 3629 2617 calliditate
3678 2550 3753 2618 et
3788 2546 3944 2618 dolo

855 2662 1349 2757 sigismundus
1402 2664 1874 2736 Romanorum
1929 2668 1999 2736 et
2054 2664 2458 2756 Hungariae
2511 2665 2698 2752 Rex,
2755 2663 3097 2736 ultionem
3150 2663 3234 2736 de
3286 2663 3683 2736 Wladislao
3739 2656 3942 2738 Poloss

855 2782 1015 2855 niae
1068 2783 1293 2876 Rege,
1352 2782 1536 2873 quod
1590 2786 1835 2874 gentes
1891 2803 2055 2854 suas
2094 2802 2251 2854 cum
2288 2782 2480 2855 Duce
2521 2782 2967 2874 Sigismundo
3022 2782 3379 2854 Koributh
3422 2782 3499 2855 in
3535 2783 3947 2856 Bohemiam

857 2901 960 2974 ire
1015 2900 1443 2993 permiserit,
1502 2903 1942 2992 sumpturus,
1999 2900 2353 2973 utebatur.
2412 2900 2747 2974 cruciferi
2801 2901 3040 2991 itaque
3096 2901 3530 2993 Sigismundi
3565 2900 3790 2995 Regis
3824 2922 3944 2994 pa·

859 3018 1070 3093 rendo
1135 3018 1749 3109 requisitionibus,
1816 3025 1886 3093 et
1939 3020 2298 3093 credentes
2351 3021 2674 3112 Regnum
2727 3020 3061 3093 Poloniae
3122 3040 3422 3092 vacuum
3484 3019 3717 3092 milite
3771 3041 3949 3107 esse,

861 3137 1327 3210 conditionem
1379 3138 1881 3230 praescriptam
1935 3139 2164 3212 literis
2220 3144 2624 3231 treugarum
2677 3139 2894 3213 inseri
2938 3138 3302 3230 petebant3
3358 3138 3751 3211 consiliarii
3787 3158 3951 3211 vero

861 3253 1069 3349 regii,
1126 3256 1209 3328 de
1264 3255 1455 3345 dolo,
1515 3258 1638 3347 qui
1692 3277 1782 3329 ex
1836 3257 2065 3330 literis
2121 3257 2557 3349 Sigismundi
2593 3258 2809 3351 Regis
2847 3257 3165 3351 proditus
3201 3260 3380 3345 erat,
3437 3260 3508 3329 et
3554 3276 3733 3347 quas
3781 3277 3946 3349 apo-

864 3374 1115 3448 stolico
1167 3374 1436 3447 Nuntio
1509 3376 1817 3448 Antonio
1890 3377 2070 3449 Zeno
2097 3432 2113 3465 ,
2188 3377 2274 3448 ad
2344 3377 2843 3469 publicandum
2914 3375 3399 3450 crucifericam
3470 3374 3950 3467 iniquitatem,

863 3494 1340 3582 ostenderant,
1399 3494 1826 3568 sufficienter
1879 3494 2168 3583 avisati,
2226 3496 2631 3569 nullatenus
2686 3517 2835 3569 eam
2873 3495 3336 3567 conditionem
3374 3494 3633 3585 apponi
3666 3495 3952 3585 patiun-

863 3619 1001 3685 tur.
1061 3613 1225 3686 Sine
1264 3634 1431 3703 qua,
1489 3612 1864 3686 cruciferis
1901 3614 1977 3686 in
2012 3619 2295 3707 treugas
2335 3614 2729 3686 consentire
2764 3612 3284 3700 recusantibus,
3325 3633 3566 3685 cassus
3602 3613 3686 3686 fit
3724 3613 3956 3685 omnis

865 3728 1092 3821 labor,
1149 3736 1218 3804 et
1272 3752 1437 3824 pars
1492 3737 1791 3823 utraque
1844 3732 1918 3805 in
1970 3733 2186 3806 bilem
2226 3733 2657 3806 stomachata
2694 3737 2761 3805 et
2799 3732 3113 3819 incensa,
3173 3731 3615 3822 improperiis
3652 3750 3796 3802 non
3833 3732 3955 3804 ab·

867 3851 1169 3938 stinenS,
1228 3855 1470 3941 coepto
1526 3850 1726 3923 irrito
1781 3850 2130 3924 discessit.
2187 3853 2441 3924 Fertur
2494 3851 2677 3924 enim
2714 3852 3062 3923 Iohannes
3098 3850 3299 3923 Pella
3334 3849 3959 3923 wladislaviensis

868 3968 1268 4060 episcopuS,
1325 3990 1571 4061 parum
1616 3973 2001 4060 temperata
2052 3969 2377 4059 passione
2422 3974 2654 4042 motus
2709 3970 2784 4042 in
2820 3969 3203 4042 cruciferos
3241 3968 3538 4040 dixisse:
3597 3967 3962 4043 Stridente

868 4086 1091 4175 bello,
1149 4087 1750 4161 commendatores
1807 4094 1876 4160 et
1930 4088 2319 4161 cruciferos
2384 4093 2770 4161 castrorum
2841 4087 3104 4160 cubilia
3166 4092 3235 4160 et
3288 4086 3526 4159 abdita
3576 4086 3961 4178 petituros„

870 4205 1244 4294 militareS,
1302 4206 1490 4279 cives
1545 4212 1615 4279 et
1671 4226 1906 4279 eorum
1963 4208 2292 4299 coniuges
2348 4212 2419 4279 et
2471 4208 2687 4294 filias,
2742 4227 3028 4298 poenas,
3057 4208 3327 4299 spretae
3380 4204 3672 4296 quietis,
3728 4206 3963 4279 velint

871 4324 1134 4413 nolint,
1192 4324 1378 4397 iusto
1433 4324 1562 4397 Dei
1615 4326 2065 4417 permittente
2121 4326 2413 4413 iudicio,
2479 4326 2790 4397 daturos·
2854 4325 2946 4395 Et
2998 4325 3085 4396 ad
3140 4328 3524 4397 extremum
3578 4321 3958 4399 adiecisse:

871 4441 1033 4515 Non
1085 4443 1302 4534 pudet
1355 4464 1495 4536 vos
1533 4449 1683 4516 tam
1727 4445 1986 4517 callida
2021 4445 2096 4517 in
2135 4445 2360 4517 lucem
2415 4445 2718 4536 proferre
2772 4442 3109 4531 ludibria,
3167 4447 3236 4515 et
3271 4443 3358 4514 ad
3395 4442 3782 4515 fallendum
3818 4444 3959 4517 Re-

872 4582 1030 4655 gem
1084 4566 1155 4634 et
1207 4562 1528 4654 Regnum
1580 4562 1913 4635 Poloniae
1968 4563 2436 4655 fraudulentis
2472 4562 2581 4634 uti
2617 4548 3057 4653 ambagibuS,
3114 4581 3626 4655 ganearumque
3682 4566 3954 4635 vestra-

873 4702 1029 4752 rum
1083 4679 1322 4751 nidore
1376 4684 1587 4771 atque
1642 4682 1830 4753 fumo
1883 4687 2195 4755 nostram
2262 4681 2502 4753 fallere
2563 4680 2991 4772 puritatem?
3053 4680 3305 4752 Pacem
3358 4685 3766 4771 perpetuam
3821 4682 3952 4754 fre·

880 4803 1169 4888 quenter
1240 4798 1512 4870 irritam
1584 4799 1852 4871 fecistis
1877 4854 1894 4887 ,
1969 4805 2040 4872 et
2111 4820 2382 4890 semper
2451 4800 2799 4890 aliquam,
2877 4799 3116 4870 fraude
3185 4798 3730 4872 circumventuri
3799 4819 3952 4886 noe,

881 4916 1178 5005 speciem
1230 4915 1406 4988 iuris
1462 4920 1586 4988 aut
1638 4918 2016 5008 aequitatis
2071 4918 2458 5010 opponitis;
2514 4938 2700 4989 nune
2755 4938 3025 5009 quoque
3080 4917 3390 4991 fraudem
3436 4916 3510 4987 in
3546 4916 3786 5007 parvis
3824 4918 3957 4991 sub

885 5034 1110 5121 specie
1171 5034 1535 5127 religionis
1602 5040 1672 5108 et
1734 5036 2165 5109 obedientiae
2237 5036 2718 5129 praestruitis,
2796 5035 3371 5126 quemadmodum
3430 5033 3677 5108 literae
3731 5035 3863 5106 hae
3901 5036 3957 5122 ¹)

885 5151 1258 5241 originales
1323 5152 1759 5245 Sigismundi
1820 5155 2290 5227 Romanorum
2356 5160 2427 5228 et
2488 5154 2891 5249 Hungariae
2955 5152 3170 5245 Regis
3227 5152 3731 5245 (produxitque
3791 5152 3958 5225 illas

1097 5402 1146 5486 ¹)
1191 5423 1297 5468 eae
1345 5400 1495 5468 Cod.
1544 5403 1734 5469 Rozr.
