<?xml version="1.0" encoding="UTF-8"?>
<!DOCTYPE html PUBLIC "-//W3C//DTD XHTML 1.0 Transitional//EN"
    "http://www.w3.org/TR/xhtml1/DTD/xhtml1-transitional.dtd">
<html xmlns="http://www.w3.org/1999/xhtml" xml:lang="en" lang="en">
 <head>
  <title>
</title>
<meta http-equiv="Content-Type" content="text/html;charset=utf-8" />
  <meta name='ocr-system' content='tesseract 3.04.00' />
  <meta name='ocr-capabilities' content='ocr_page ocr_carea ocr_par ocr_line ocrx_word'/>
</head>
<body>
  <div class='ocr_page' id='page_1' title='image "./dzieawszystkie00unkngoog_0203.png"; bbox 0 0 4342 6384; ppageno 0'>
   <div class='ocr_carea' id='block_1_1' title="bbox 844 523 3940 624">
    <p class='ocr_par' dir='ltr' id='par_1_1' title="bbox 844 523 3940 624">
     <span class='ocr_line' id='line_1_1' title="bbox 844 523 3940 624; baseline -0 -22"><span class='ocrx_word' id='word_1_1' title='bbox 844 529 992 602; x_wconf 87' lang='grc'><strong>192</strong></span> <span class='ocrx_word' id='word_1_2' title='bbox 2036 550 2264 608; x_wconf 74' lang='lat' dir='ltr'><strong>LIBER</strong></span> <span class='ocrx_word' id='word_1_3' title='bbox 2316 548 2772 602; x_wconf 70' lang='lat' dir='ltr'><strong>uunncmus.</strong></span> <span class='ocrx_word' id='word_1_4' title='bbox 3406 523 3539 624; x_wconf 89' lang='grc' dir='ltr'><strong>(Α.</strong></span> <span class='ocrx_word' id='word_1_5' title='bbox 3580 524 3671 598; x_wconf 86' lang='lat' dir='ltr'><strong>D.</strong></span> <span class='ocrx_word' id='word_1_6' title='bbox 3710 523 3940 624; x_wconf 75' lang='lat'><strong>1415.)</strong></span> 
     </span>
    </p>
   </div>
   <div class='ocr_carea' id='block_1_2' title="bbox 835 732 3937 5036">
    <p class='ocr_par' dir='ltr' id='par_1_2' title="bbox 835 732 3937 5036">
     <span class='ocr_line' id='line_1_2' title="bbox 837 732 3929 830; baseline -0 -21"><span class='ocrx_word' id='word_1_7' title='bbox 837 737 1247 830; x_wconf 77' lang='lat' dir='ltr'><strong>prudenteS,</strong></span> <span class='ocrx_word' id='word_1_8' title='bbox 1303 757 1556 829; x_wconf 90' lang='lat' dir='ltr'><strong>guaros</strong></span> <span class='ocrx_word' id='word_1_9' title='bbox 1611 741 1680 808; x_wconf 88' lang='lat' dir='ltr'><strong>et</strong></span> <span class='ocrx_word' id='word_1_10' title='bbox 1734 734 2153 823; x_wconf 87' lang='lat' dir='ltr'><strong>industrios,</strong></span> <span class='ocrx_word' id='word_1_11' title='bbox 2215 739 2356 808; x_wconf 87' lang='lat' dir='ltr'><strong>tam</strong></span> <span class='ocrx_word' id='word_1_12' title='bbox 2404 735 2714 808; x_wconf 89' lang='lat' dir='ltr'><strong>evidenti</strong></span> <span class='ocrx_word' id='word_1_13' title='bbox 2753 755 2977 807; x_wconf 90' lang='lat' dir='ltr'><strong>errore</strong></span> <span class='ocrx_word' id='word_1_14' title='bbox 3016 732 3399 821; x_wconf 82' lang='lat' dir='ltr'><strong>insanisse,</strong></span> <span class='ocrx_word' id='word_1_15' title='bbox 3456 737 3537 804; x_wconf 92' lang='lat' dir='ltr'><strong>ut</strong></span> <span class='ocrx_word' id='word_1_16' title='bbox 3581 734 3929 808; x_wconf 89' lang='lat' dir='ltr'><strong>hominem</strong></span> 
     </span>
     <span class='ocr_line' id='line_1_3' title="bbox 837 853 3937 947; baseline -0.001 -18"><span class='ocrx_word' id='word_1_17' title='bbox 837 857 1268 931; x_wconf 86' lang='lat' dir='ltr'><strong>haereticum</strong></span> <span class='ocrx_word' id='word_1_18' title='bbox 1327 861 1396 930; x_wconf 91' lang='lat' dir='ltr'><strong>et</strong></span> <span class='ocrx_word' id='word_1_19' title='bbox 1439 857 1537 930; x_wconf 85' lang='lat' dir='ltr'><strong>ab</strong></span> <span class='ocrx_word' id='word_1_20' title='bbox 1593 856 1886 930; x_wconf 90' lang='lat' dir='ltr'><strong>ecclesia</strong></span> <span class='ocrx_word' id='word_1_21' title='bbox 1939 855 2332 929; x_wconf 89' lang='lat' dir='ltr'><strong>universali</strong></span> <span class='ocrx_word' id='word_1_22' title='bbox 2387 856 2823 942; x_wconf 87' lang='lat' dir='ltr'><strong>damnatum,</strong></span> <span class='ocrx_word' id='word_1_23' title='bbox 2884 854 3007 945; x_wconf 91' lang='lat' dir='ltr'><strong>qui</strong></span> <span class='ocrx_word' id='word_1_24' title='bbox 3062 853 3371 926; x_wconf 91' lang='lat' dir='ltr'><strong>notabile</strong></span> <span class='ocrx_word' id='word_1_25' title='bbox 3426 875 3663 926; x_wconf 88' lang='lat' dir='ltr'><strong>eorum</strong></span> <span class='ocrx_word' id='word_1_26' title='bbox 3716 876 3937 947; x_wconf 87' lang='lat' dir='ltr'><strong>genus</strong></span> 
     </span>
     <span class='ocr_line' id='line_1_4' title="bbox 837 974 3934 1070; baseline -0.001 -20"><span class='ocrx_word' id='word_1_27' title='bbox 837 982 908 1050; x_wconf 92' lang='lat' dir='ltr'><strong>et</strong></span> <span class='ocrx_word' id='word_1_28' title='bbox 962 979 1280 1070; x_wconf 81' lang='lat' dir='ltr'>Regnum</span> <span class='ocrx_word' id='word_1_29' title='bbox 1336 997 1554 1068; x_wconf 88' lang='lat' dir='ltr'><strong>prava</strong></span> <span class='ocrx_word' id='word_1_30' title='bbox 1607 998 1733 1050; x_wconf 86' lang='lat' dir='ltr'><strong>sua</strong></span> <span class='ocrx_word' id='word_1_31' title='bbox 1789 977 2104 1050; x_wconf 88' lang='lat' dir='ltr'><strong>doctrina</strong></span> <span class='ocrx_word' id='word_1_32' title='bbox 2157 976 2644 1068; x_wconf 79' lang='lat' dir='ltr'><strong>pessundedit,</strong></span> <span class='ocrx_word' id='word_1_33' title='bbox 2709 997 2849 1046; x_wconf 89' lang='lat' dir='ltr'><strong>non</strong></span> <span class='ocrx_word' id='word_1_34' title='bbox 2906 995 3105 1046; x_wconf 89' lang='lat' dir='ltr'><strong>secus</strong></span> <span class='ocrx_word' id='word_1_35' title='bbox 3160 995 3369 1066; x_wconf 84' lang='lat' dir='ltr'><strong>quam</strong></span> <span class='ocrx_word' id='word_1_36' title='bbox 3428 974 3767 1047; x_wconf 89' lang='lat' dir='ltr'><strong>Sanctum</strong></span> <span class='ocrx_word' id='word_1_37' title='bbox 3822 997 3934 1049; x_wconf 74' lang='lat' dir='ltr'><strong>ve-</strong></span> 
     </span>
     <span class='ocr_line' id='line_1_5' title="bbox 835 1094 3930 1190; baseline -0.001 -19"><span class='ocrx_word' id='word_1_38' title='bbox 835 1103 1194 1186; x_wconf 90' lang='lat' dir='ltr'><strong>nerentur,</strong></span> <span class='ocrx_word' id='word_1_39' title='bbox 1261 1097 1555 1170; x_wconf 86' lang='lat' dir='ltr'><strong>caeteris</strong></span> <span class='ocrx_word' id='word_1_40' title='bbox 1605 1097 1917 1185; x_wconf 80' lang='lat' dir='ltr'><strong>Sancti8‚</strong></span> <span class='ocrx_word' id='word_1_41' title='bbox 1985 1119 2160 1189; x_wconf 91' lang='lat' dir='ltr'><strong>quos</strong></span> <span class='ocrx_word' id='word_1_42' title='bbox 2206 1097 2469 1190; x_wconf 88' lang='lat' dir='ltr'><strong>recepit</strong></span> <span class='ocrx_word' id='word_1_43' title='bbox 2524 1101 2593 1170; x_wconf 90' lang='lat' dir='ltr'><strong>et</strong></span> <span class='ocrx_word' id='word_1_44' title='bbox 2648 1099 3019 1168; x_wconf 86' lang='lat' dir='ltr'><strong>veneratur</strong></span> <span class='ocrx_word' id='word_1_45' title='bbox 3083 1094 3408 1182; x_wconf 89' lang='lat' dir='ltr'><strong>ecclesia,</strong></span> <span class='ocrx_word' id='word_1_46' title='bbox 3482 1096 3930 1187; x_wconf 87' lang='lat' dir='ltr'><strong>contemptis:</strong></span> 
     </span>
     <span class='ocr_line' id='line_1_6' title="bbox 837 1214 3932 1312; baseline -0.001 -22"><span class='ocrx_word' id='word_1_47' title='bbox 837 1219 1042 1292; x_wconf 90' lang='lat' dir='ltr'><strong>obliti</strong></span> <span class='ocrx_word' id='word_1_48' title='bbox 1095 1238 1346 1311; x_wconf 91' lang='lat' dir='ltr'><strong>poene,</strong></span> <span class='ocrx_word' id='word_1_49' title='bbox 1405 1239 1542 1312; x_wconf 90' lang='lat' dir='ltr'><strong>qua</strong></span> <span class='ocrx_word' id='word_1_50' title='bbox 1580 1219 1633 1308; x_wconf 93' lang='lat'><strong>¹)</strong></span> <span class='ocrx_word' id='word_1_51' title='bbox 1688 1239 1909 1309; x_wconf 86' lang='lat' dir='ltr'><strong>genus</strong></span> <span class='ocrx_word' id='word_1_52' title='bbox 1983 1217 2469 1290; x_wconf 87' lang='lat' dir='ltr'><strong>Israelitarum</strong></span> <span class='ocrx_word' id='word_1_53' title='bbox 2524 1221 2693 1289; x_wconf 89' lang='lat' dir='ltr'><strong>tunc</strong></span> <span class='ocrx_word' id='word_1_54' title='bbox 2746 1216 3043 1288; x_wconf 89' lang='lat' dir='ltr'><strong>electum</strong></span> <span class='ocrx_word' id='word_1_55' title='bbox 3100 1219 3171 1286; x_wconf 93' lang='lat' dir='ltr'><strong>et</strong></span> <span class='ocrx_word' id='word_1_56' title='bbox 3226 1214 3363 1286; x_wconf 90' lang='lat' dir='ltr'><strong>sibi</strong></span> <span class='ocrx_word' id='word_1_57' title='bbox 3420 1215 3743 1299; x_wconf 87' lang='lat' dir='ltr'><strong>charum,</strong></span> <span class='ocrx_word' id='word_1_58' title='bbox 3804 1217 3932 1288; x_wconf 91' lang='lat' dir='ltr'><strong>Do·</strong></span> 
     </span>
     <span class='ocr_line' id='line_1_7' title="bbox 837 1335 3932 1431; baseline -0.001 -19"><span class='ocrx_word' id='word_1_59' title='bbox 837 1341 1068 1412; x_wconf 91' lang='lat' dir='ltr'><strong>minus</strong></span> <span class='ocrx_word' id='word_1_60' title='bbox 1134 1340 1578 1413; x_wconf 87' lang='lat' dir='ltr'><strong>vehementer</strong></span> <span class='ocrx_word' id='word_1_61' title='bbox 1641 1343 1927 1431; x_wconf 87' lang='lat' dir='ltr'><strong>propter</strong></span> <span class='ocrx_word' id='word_1_62' title='bbox 1989 1339 2205 1412; x_wconf 90' lang='lat' dir='ltr'><strong>vituli</strong></span> <span class='ocrx_word' id='word_1_63' title='bbox 2269 1338 2495 1426; x_wconf 89' lang='lat' dir='ltr'><strong>aurei,</strong></span> <span class='ocrx_word' id='word_1_64' title='bbox 2564 1338 2649 1410; x_wconf 87' lang='lat' dir='ltr'><strong>ad</strong></span> <span class='ocrx_word' id='word_1_65' title='bbox 2704 1341 3009 1408; x_wconf 89' lang='lat' dir='ltr'><strong>montem</strong></span> <span class='ocrx_word' id='word_1_66' title='bbox 3066 1335 3263 1407; x_wconf 86' lang='lat' dir='ltr'><strong>Sinai</strong></span> <span class='ocrx_word' id='word_1_67' title='bbox 3320 1335 3635 1424; x_wconf 87' lang='lat' dir='ltr'><strong>conflati,</strong></span> <span class='ocrx_word' id='word_1_68' title='bbox 3694 1337 3932 1410; x_wconf 86' lang='lat' dir='ltr'><strong>adora-</strong></span> 
     </span>
     <span class='ocr_line' id='line_1_8' title="bbox 835 1453 3930 1552; baseline -0.001 -19"><span class='ocrx_word' id='word_1_69' title='bbox 835 1461 1097 1534; x_wconf 80' lang='lat' dir='ltr'><strong>tionem</strong></span> <span class='ocrx_word' id='word_1_70' title='bbox 1150 1459 1531 1552; x_wconf 82' lang='lat' dir='ltr'><strong>puniverit.</strong></span> <span class='ocrx_word' id='word_1_71' title='bbox 1591 1459 1895 1532; x_wconf 87' lang='lat' dir='ltr'><strong>Venerat</strong></span> <span class='ocrx_word' id='word_1_72' title='bbox 1949 1464 2020 1532; x_wconf 93' lang='lat' dir='ltr'><strong>et</strong></span> <span class='ocrx_word' id='word_1_73' title='bbox 2074 1465 2327 1550; x_wconf 84' lang='lat' dir='ltr'><strong>expost</strong></span> <span class='ocrx_word' id='word_1_74' title='bbox 2358 1457 2420 1548; x_wconf 78' lang='grc'><strong>2)</strong></span> <span class='ocrx_word' id='word_1_75' title='bbox 2475 1459 2549 1530; x_wconf 94' lang='lat' dir='ltr'><strong>in</strong></span> <span class='ocrx_word' id='word_1_76' title='bbox 2604 1457 2991 1530; x_wconf 79' lang='lat' dir='ltr'><strong>Concilium</strong></span> <span class='ocrx_word' id='word_1_77' title='bbox 3048 1453 3503 1528; x_wconf 85' lang='lat' dir='ltr'><strong>Hieronimus</strong></span> <span class='ocrx_word' id='word_1_78' title='bbox 3553 1457 3930 1547; x_wconf 89' lang='lat' dir='ltr'><strong>Bohemus,</strong></span> 
     </span>
     <span class='ocr_line' id='line_1_9' title="bbox 837 1576 3933 1672; baseline -0.001 -18"><span class='ocrx_word' id='word_1_79' title='bbox 837 1582 1074 1654; x_wconf 88' lang='lat' dir='ltr'><strong>eadem</strong></span> <span class='ocrx_word' id='word_1_80' title='bbox 1130 1585 1327 1672; x_wconf 87' lang='lat' dir='ltr'><strong>peste</strong></span> <span class='ocrx_word' id='word_1_81' title='bbox 1378 1581 1780 1669; x_wconf 88' lang='lat' dir='ltr'><strong>haereseos,</strong></span> <span class='ocrx_word' id='word_1_82' title='bbox 1841 1601 1979 1671; x_wconf 86' lang='lat' dir='ltr'><strong>qua</strong></span> <span class='ocrx_word' id='word_1_83' title='bbox 2035 1584 2104 1653; x_wconf 92' lang='lat' dir='ltr'><strong>et</strong></span> <span class='ocrx_word' id='word_1_84' title='bbox 2157 1580 2508 1652; x_wconf 88' lang='lat' dir='ltr'><strong>Iohannes</strong></span> <span class='ocrx_word' id='word_1_85' title='bbox 2554 1577 2783 1665; x_wconf 75' lang='lat' dir='ltr'><strong>HuSS,</strong></span> <span class='ocrx_word' id='word_1_86' title='bbox 2841 1577 3177 1665; x_wconf 89' lang='lat' dir='ltr'><strong>infectus,</strong></span> <span class='ocrx_word' id='word_1_87' title='bbox 3219 1576 3531 1648; x_wconf 79' lang='lat' dir='ltr'><strong>Iohanne</strong></span> <span class='ocrx_word' id='word_1_88' title='bbox 3570 1581 3801 1650; x_wconf 88' lang='lat' dir='ltr'><strong>tamen</strong></span> <span class='ocrx_word' id='word_1_89' title='bbox 3842 1578 3933 1650; x_wconf 89' lang='lat' dir='ltr'><strong>si-</strong></span> 
     </span>
     <span class='ocr_line' id='line_1_10' title="bbox 836 1695 3929 1792; baseline -0.002 -18"><span class='ocrx_word' id='word_1_90' title='bbox 836 1706 956 1775; x_wconf 91' lang='lat' dir='ltr'><strong>cut</strong></span> <span class='ocrx_word' id='word_1_91' title='bbox 1008 1700 1324 1774; x_wconf 89' lang='lat' dir='ltr'><strong>doctrina</strong></span> <span class='ocrx_word' id='word_1_92' title='bbox 1376 1701 1480 1772; x_wconf 88' lang='lat' dir='ltr'><strong>ita</strong></span> <span class='ocrx_word' id='word_1_93' title='bbox 1535 1704 1605 1771; x_wconf 89' lang='lat' dir='ltr'><strong>et</strong></span> <span class='ocrx_word' id='word_1_94' title='bbox 1660 1699 1984 1772; x_wconf 75' lang='lat' dir='ltr'><strong>facundia</strong></span> <span class='ocrx_word' id='word_1_95' title='bbox 2039 1699 2377 1792; x_wconf 86' lang='lat' dir='ltr'><strong>superior.</strong></span> <span class='ocrx_word' id='word_1_96' title='bbox 2436 1700 2571 1792; x_wconf 76' lang='lat' dir='ltr'><strong>Qui</strong></span> <span class='ocrx_word' id='word_1_97' title='bbox 2624 1699 2697 1772; x_wconf 92' lang='lat' dir='ltr'><strong>in</strong></span> <span class='ocrx_word' id='word_1_98' title='bbox 2752 1695 3057 1770; x_wconf 90' lang='lat' dir='ltr'><strong>vinculis</strong></span> <span class='ocrx_word' id='word_1_99' title='bbox 3112 1718 3293 1768; x_wconf 91' lang='lat' dir='ltr'><strong>anno</strong></span> <span class='ocrx_word' id='word_1_100' title='bbox 3346 1717 3561 1788; x_wconf 88' lang='lat' dir='ltr'><strong>prope</strong></span> <span class='ocrx_word' id='word_1_101' title='bbox 3615 1719 3754 1769; x_wconf 91' lang='lat' dir='ltr'><strong>uno</strong></span> <span class='ocrx_word' id='word_1_102' title='bbox 3810 1698 3929 1769; x_wconf 90' lang='lat' dir='ltr'><strong>ha·</strong></span> 
     </span>
     <span class='ocr_line' id='line_1_11' title="bbox 837 1815 3933 1912; baseline -0.002 -17"><span class='ocrx_word' id='word_1_103' title='bbox 837 1823 1061 1910; x_wconf 75' lang='lat' dir='ltr'><strong>bitae,</strong></span> <span class='ocrx_word' id='word_1_104' title='bbox 1119 1821 1338 1894; x_wconf 89' lang='lat' dir='ltr'><strong>nullis</strong></span> <span class='ocrx_word' id='word_1_105' title='bbox 1394 1818 1820 1906; x_wconf 76' lang='lat' dir='ltr'><strong>rationibuS,</strong></span> <span class='ocrx_word' id='word_1_106' title='bbox 1877 1820 2180 1911; x_wconf 88' lang='lat' dir='ltr'><strong>ingeniis</strong></span> <span class='ocrx_word' id='word_1_107' title='bbox 2236 1825 2370 1894; x_wconf 85' lang='lat' dir='ltr'><strong>aut</strong></span> <span class='ocrx_word' id='word_1_108' title='bbox 2413 1818 2983 1912; x_wconf 77' lang='lat' dir='ltr'><strong>persuasionibus</strong></span> <span class='ocrx_word' id='word_1_109' title='bbox 3039 1818 3126 1890; x_wconf 89' lang='lat' dir='ltr'><strong>ab</strong></span> <span class='ocrx_word' id='word_1_110' title='bbox 3180 1815 3585 1890; x_wconf 84' lang='lat' dir='ltr'><strong>inventione</strong></span> <span class='ocrx_word' id='word_1_111' title='bbox 3626 1839 3933 1891; x_wconf 88' lang='lat' dir='ltr'><strong>errorum</strong></span> 
     </span>
     <span class='ocr_line' id='line_1_12' title="bbox 841 1937 3933 2033; baseline -0.001 -19"><span class='ocrx_word' id='word_1_112' title='bbox 841 1963 1124 2015; x_wconf 89' lang='lat' dir='ltr'><strong>suorum</strong></span> <span class='ocrx_word' id='word_1_113' title='bbox 1179 1945 1454 2033; x_wconf 88' lang='lat' dir='ltr'><strong>poterat</strong></span> <span class='ocrx_word' id='word_1_114' title='bbox 1506 1962 1631 2032; x_wconf 90' lang='lat' dir='ltr'><strong>per</strong></span> <span class='ocrx_word' id='word_1_115' title='bbox 1666 1941 1914 2014; x_wconf 88' lang='lat' dir='ltr'><strong>Patres</strong></span> <span class='ocrx_word' id='word_1_116' title='bbox 1969 1940 2295 2029; x_wconf 82' lang='lat' dir='ltr'><strong>Concssii,</strong></span> <span class='ocrx_word' id='word_1_117' title='bbox 2355 1940 2577 2014; x_wconf 87' lang='lat' dir='ltr'><strong>divini</strong></span> <span class='ocrx_word' id='word_1_118' title='bbox 2616 1946 2685 2014; x_wconf 93' lang='lat' dir='ltr'><strong>et</strong></span> <span class='ocrx_word' id='word_1_119' title='bbox 2720 1938 3009 2011; x_wconf 88' lang='lat' dir='ltr'><strong>humani</strong></span> <span class='ocrx_word' id='word_1_120' title='bbox 3065 1937 3240 2010; x_wconf 89' lang='lat' dir='ltr'><strong>iuris</strong></span> <span class='ocrx_word' id='word_1_121' title='bbox 3294 1937 3593 2030; x_wconf 89' lang='lat' dir='ltr'><strong>peritos,</strong></span> <span class='ocrx_word' id='word_1_122' title='bbox 3652 1938 3933 2012; x_wconf 87' lang='lat' dir='ltr'><strong>divelli:</strong></span> 
     </span>
     <span class='ocr_line' id='line_1_13' title="bbox 846 2058 3933 2155; baseline -0.001 -21"><span class='ocrx_word' id='word_1_123' title='bbox 846 2067 1272 2155; x_wconf 89' lang='lat' dir='ltr'><strong>quapropter</strong></span> <span class='ocrx_word' id='word_1_124' title='bbox 1327 2067 1396 2134; x_wconf 93' lang='lat' dir='ltr'><strong>et</strong></span> <span class='ocrx_word' id='word_1_125' title='bbox 1432 2063 1614 2154; x_wconf 89' lang='lat' dir='ltr'><strong>ipse,</strong></span> <span class='ocrx_word' id='word_1_126' title='bbox 1682 2063 1972 2133; x_wconf 90' lang='lat' dir='ltr'><strong>Patrum</strong></span> <span class='ocrx_word' id='word_1_127' title='bbox 2028 2061 2337 2150; x_wconf 86' lang='lat' dir='ltr'><strong>decreto,</strong></span> <span class='ocrx_word' id='word_1_128' title='bbox 2396 2061 2544 2154; x_wconf 83' lang='lat' dir='ltr'><strong>igni</strong></span> <span class='ocrx_word' id='word_1_129' title='bbox 2600 2061 3003 2134; x_wconf 89' lang='lat' dir='ltr'><strong>combustus</strong></span> <span class='ocrx_word' id='word_1_130' title='bbox 3054 2061 3183 2131; x_wconf 90' lang='lat' dir='ltr'><strong>est.</strong></span> <span class='ocrx_word' id='word_1_131' title='bbox 3241 2058 3698 2131; x_wconf 89' lang='lat' dir='ltr'><strong>Pertulerunt</strong></span> <span class='ocrx_word' id='word_1_132' title='bbox 3738 2059 3933 2132; x_wconf 87' lang='lat' dir='ltr'><strong>ambo</strong></span> 
     </span>
     <span class='ocr_line' id='line_1_14' title="bbox 841 2177 3933 2272; baseline -0.001 -18"><span class='ocrx_word' id='word_1_133' title='bbox 841 2183 1189 2255; x_wconf 75' lang='lat' dir='ltr'><strong>constanti</strong></span> <span class='ocrx_word' id='word_1_134' title='bbox 1247 2182 1475 2254; x_wconf 89' lang='lat' dir='ltr'><strong>animo</strong></span> <span class='ocrx_word' id='word_1_135' title='bbox 1531 2181 1962 2269; x_wconf 85' lang='lat' dir='ltr'><strong>incendium,</strong></span> <span class='ocrx_word' id='word_1_136' title='bbox 2023 2183 2220 2254; x_wconf 88' lang='lat' dir='ltr'><strong>nulla</strong></span> <span class='ocrx_word' id='word_1_137' title='bbox 2276 2181 2529 2254; x_wconf 89' lang='lat' dir='ltr'><strong>emissa</strong></span> <span class='ocrx_word' id='word_1_138' title='bbox 2585 2202 2781 2268; x_wconf 91' lang='lat' dir='ltr'><strong>voce,</strong></span> <span class='ocrx_word' id='word_1_139' title='bbox 2840 2200 3016 2272; x_wconf 88' lang='lat' dir='ltr'><strong>quae</strong></span> <span class='ocrx_word' id='word_1_140' title='bbox 3076 2177 3317 2250; x_wconf 89' lang='lat' dir='ltr'><strong>miseri</strong></span> <span class='ocrx_word' id='word_1_141' title='bbox 3369 2179 3676 2270; x_wconf 85' lang='lat' dir='ltr'><strong>pectoris</strong></span> <span class='ocrx_word' id='word_1_142' title='bbox 3717 2181 3933 2253; x_wconf 85' lang='lat' dir='ltr'><strong>facere</strong></span> 
     </span>
     <span class='ocr_line' id='line_1_15' title="bbox 839 2300 3932 2394; baseline 0.002 -19"><span class='ocrx_word' id='word_1_143' title='bbox 839 2302 1187 2394; x_wconf 86' lang='lat' dir='ltr'><strong>potuisset</strong></span> <span class='ocrx_word' id='word_1_144' title='bbox 1239 2302 1576 2375; x_wconf 88' lang='lat' dir='ltr'><strong>indicium</strong></span> <span class='ocrx_word' id='word_1_145' title='bbox 1608 2300 1694 2392; x_wconf 78' lang='lat'><strong>3).</strong></span> <span class='ocrx_word' id='word_1_146' title='bbox 1752 2302 2032 2376; x_wconf 86' lang='lat' dir='ltr'><strong>Cineres</strong></span> <span class='ocrx_word' id='word_1_147' title='bbox 2088 2306 2158 2375; x_wconf 91' lang='lat' dir='ltr'><strong>et</strong></span> <span class='ocrx_word' id='word_1_148' title='bbox 2203 2303 2450 2390; x_wconf 89' lang='lat' dir='ltr'><strong>huius,</strong></span> <span class='ocrx_word' id='word_1_149' title='bbox 2510 2324 2595 2375; x_wconf 89' lang='lat' dir='ltr'><strong>ne</strong></span> <span class='ocrx_word' id='word_1_150' title='bbox 2630 2307 3042 2394; x_wconf 82' lang='lat' dir='ltr'><strong>raperentur</strong></span> <span class='ocrx_word' id='word_1_151' title='bbox 3078 2327 3119 2377; x_wconf 92' lang='lat' dir='ltr'><strong>a</strong></span> <span class='ocrx_word' id='word_1_152' title='bbox 3157 2307 3520 2394; x_wconf 90' lang='lat' dir='ltr'><strong>Bohemis,</strong></span> <span class='ocrx_word' id='word_1_153' title='bbox 3579 2307 3652 2379; x_wconf 93' lang='lat' dir='ltr'><strong>in</strong></span> <span class='ocrx_word' id='word_1_154' title='bbox 3710 2309 3932 2380; x_wconf 85' lang='lat' dir='ltr'><strong>lacum</strong></span> 
     </span>
     <span class='ocr_line' id='line_1_16' title="bbox 838 2422 3933 2521; baseline 0.001 -26"><span class='ocrx_word' id='word_1_155' title='bbox 838 2423 1163 2516; x_wconf 90' lang='lat' dir='ltr'><strong>proiecti:</strong></span> <span class='ocrx_word' id='word_1_156' title='bbox 1221 2423 1371 2516; x_wconf 89' lang='lat' dir='ltr'><strong>ipse</strong></span> <span class='ocrx_word' id='word_1_157' title='bbox 1428 2429 1722 2515; x_wconf 90' lang='lat' dir='ltr'><strong>quoque</strong></span> <span class='ocrx_word' id='word_1_158' title='bbox 1757 2423 1942 2514; x_wconf 89' lang='lat' dir='ltr'><strong>apud</strong></span> <span class='ocrx_word' id='word_1_159' title='bbox 1979 2423 2325 2495; x_wconf 85' lang='lat' dir='ltr'><strong>Bohemos</strong></span> <span class='ocrx_word' id='word_1_160' title='bbox 2362 2422 2691 2514; x_wconf 80' lang='lat' dir='ltr'><strong>martyris</strong></span> <span class='ocrx_word' id='word_1_161' title='bbox 2730 2423 2988 2496; x_wconf 90' lang='lat' dir='ltr'><strong>colitur</strong></span> <span class='ocrx_word' id='word_1_162' title='bbox 3022 2426 3197 2499; x_wconf 90' lang='lat' dir='ltr'><strong>loco.</strong></span> <span class='ocrx_word' id='word_1_163' title='bbox 3256 2428 3438 2499; x_wconf 92' lang='lat' dir='ltr'><strong>Dum</strong></span> <span class='ocrx_word' id='word_1_164' title='bbox 3478 2433 3713 2502; x_wconf 88' lang='lat' dir='ltr'><strong>autem</strong></span> <span class='ocrx_word' id='word_1_165' title='bbox 3754 2429 3933 2521; x_wconf 87' lang='lat' dir='ltr'><strong>apud</strong></span> 
     </span>
     <span class='ocr_line' id='line_1_17' title="bbox 838 2543 3933 2642; baseline 0.002 -25"><span class='ocrx_word' id='word_1_166' title='bbox 838 2545 1138 2638; x_wconf 86' lang='lat' dir='ltr'><strong>Pragam</strong></span> <span class='ocrx_word' id='word_1_167' title='bbox 1193 2565 1304 2634; x_wconf 86' lang='lat' dir='ltr'><strong>ea,</strong></span> <span class='ocrx_word' id='word_1_168' title='bbox 1363 2566 1540 2637; x_wconf 91' lang='lat' dir='ltr'><strong>quae</strong></span> <span class='ocrx_word' id='word_1_169' title='bbox 1593 2544 1668 2616; x_wconf 88' lang='lat' dir='ltr'><strong>in</strong></span> <span class='ocrx_word' id='word_1_170' title='bbox 1723 2543 2202 2618; x_wconf 83' lang='lat' dir='ltr'><strong>combustione</strong></span> <span class='ocrx_word' id='word_1_171' title='bbox 2259 2544 2597 2616; x_wconf 84' lang='lat' dir='ltr'><strong>Iohannis</strong></span> <span class='ocrx_word' id='word_1_172' title='bbox 2652 2547 2721 2617; x_wconf 91' lang='lat' dir='ltr'><strong>et</strong></span> <span class='ocrx_word' id='word_1_173' title='bbox 2768 2544 3180 2637; x_wconf 79' lang='lat' dir='ltr'><strong>Hieronymi</strong></span> <span class='ocrx_word' id='word_1_174' title='bbox 3234 2548 3683 2622; x_wconf 78' lang='lat' dir='ltr'><strong>constantiae</strong></span> <span class='ocrx_word' id='word_1_175' title='bbox 3736 2555 3933 2642; x_wconf 86' lang='lat' dir='ltr'><strong>gesta</strong></span> 
     </span>
     <span class='ocr_line' id='line_1_18' title="bbox 841 2664 3929 2760; baseline 0.002 -24"><span class='ocrx_word' id='word_1_176' title='bbox 841 2667 1062 2752; x_wconf 84' lang='lat' dir='ltr'><strong>fuere,</strong></span> <span class='ocrx_word' id='word_1_177' title='bbox 1130 2664 1720 2756; x_wconf 87' lang='lat' dir='ltr'><strong>percrebuissent:</strong></span> <span class='ocrx_word' id='word_1_178' title='bbox 1795 2686 2127 2756; x_wconf 83' lang='lat' dir='ltr'><strong>sequaces</strong></span> <span class='ocrx_word' id='word_1_179' title='bbox 2194 2685 2429 2737; x_wconf 90' lang='lat' dir='ltr'><strong>eorum</strong></span> <span class='ocrx_word' id='word_1_180' title='bbox 2494 2668 2840 2736; x_wconf 86' lang='lat' dir='ltr'><strong>conventu</strong></span> <span class='ocrx_word' id='word_1_181' title='bbox 2905 2665 3175 2755; x_wconf 87' lang='lat' dir='ltr'><strong>habito,</strong></span> <span class='ocrx_word' id='word_1_182' title='bbox 3244 2669 3647 2740; x_wconf 83' lang='lat' dir='ltr'><strong>memoriam</strong></span> <span class='ocrx_word' id='word_1_183' title='bbox 3719 2669 3929 2760; x_wconf 87' lang='lat' dir='ltr'><strong>inpri-</strong></span> 
     </span>
     <span class='ocr_line' id='line_1_19' title="bbox 838 2785 3929 2882; baseline 0.001 -24"><span class='ocrx_word' id='word_1_184' title='bbox 838 2787 972 2858; x_wconf 87' lang='lat' dir='ltr'><strong>mis</strong></span> <span class='ocrx_word' id='word_1_185' title='bbox 1031 2807 1266 2876; x_wconf 88' lang='lat' dir='ltr'><strong>corum</strong></span> <span class='ocrx_word' id='word_1_186' title='bbox 1321 2789 1760 2874; x_wconf 88' lang='lat' dir='ltr'><strong>consecrant,</strong></span> <span class='ocrx_word' id='word_1_187' title='bbox 1818 2785 2435 2877; x_wconf 70' lang='lat' dir='ltr'><strong>celebrandumque</strong></span> <span class='ocrx_word' id='word_1_188' title='bbox 2493 2785 2868 2876; x_wconf 85' lang='lat' dir='ltr'><strong>quotannis</strong></span> <span class='ocrx_word' id='word_1_189' title='bbox 2925 2787 3339 2874; x_wconf 87' lang='lat' dir='ltr'><strong>decernunt,</strong></span> <span class='ocrx_word' id='word_1_190' title='bbox 3398 2788 3929 2882; x_wconf 82' lang='lat' dir='ltr'><strong>impetratisque</strong></span> 
     </span>
     <span class='ocr_line' id='line_1_20' title="bbox 837 2905 3925 2998; baseline 0.001 -20"><span class='ocrx_word' id='word_1_191' title='bbox 837 2928 880 2978; x_wconf 86' lang='lat' dir='ltr'><strong>a</strong></span> <span class='ocrx_word' id='word_1_192' title='bbox 932 2906 1344 2978; x_wconf 88' lang='lat' dir='ltr'><strong>Wenceslao</strong></span> <span class='ocrx_word' id='word_1_193' title='bbox 1400 2907 1590 2996; x_wconf 86' lang='lat' dir='ltr'><strong>Rege</strong></span> <span class='ocrx_word' id='word_1_194' title='bbox 1645 2905 1992 2992; x_wconf 76' lang='lat' dir='ltr'><strong>ecclesiiS,</strong></span> <span class='ocrx_word' id='word_1_195' title='bbox 2049 2905 2240 2996; x_wconf 89' lang='lat' dir='ltr'><strong>plebi</strong></span> <span class='ocrx_word' id='word_1_196' title='bbox 2294 2906 2695 2998; x_wconf 87' lang='lat' dir='ltr'><strong>praedicare</strong></span> <span class='ocrx_word' id='word_1_197' title='bbox 2732 2911 2799 2978; x_wconf 87' lang='lat' dir='ltr'><strong>et</strong></span> <span class='ocrx_word' id='word_1_198' title='bbox 2839 2906 3287 2980; x_wconf 85' lang='lat' dir='ltr'><strong>Sacramenta</strong></span> <span class='ocrx_word' id='word_1_199' title='bbox 3340 2908 3745 2982; x_wconf 83' lang='lat' dir='ltr'><strong>ministrare</strong></span> <span class='ocrx_word' id='word_1_200' title='bbox 3781 2931 3925 2982; x_wconf 90' lang='lat' dir='ltr'><strong>coe-</strong></span> 
     </span>
     <span class='ocr_line' id='line_1_21' title="bbox 837 3024 3923 3122; baseline 0.002 -26"><span class='ocrx_word' id='word_1_201' title='bbox 837 3032 1116 3117; x_wconf 90' lang='lat' dir='ltr'><strong>perunt.</strong></span> <span class='ocrx_word' id='word_1_202' title='bbox 1173 3025 1671 3098; x_wconf 87' lang='lat' dir='ltr'><strong>Monasterium</strong></span> <span class='ocrx_word' id='word_1_203' title='bbox 1727 3024 1974 3097; x_wconf 90' lang='lat' dir='ltr'><strong>deinde</strong></span> <span class='ocrx_word' id='word_1_204' title='bbox 2027 3025 2263 3097; x_wconf 91' lang='lat' dir='ltr'><strong>nobile</strong></span> <span class='ocrx_word' id='word_1_205' title='bbox 2318 3027 2609 3097; x_wconf 83' lang='lat' dir='ltr'><strong>fratrum</strong></span> <span class='ocrx_word' id='word_1_206' title='bbox 2651 3025 3217 3099; x_wconf 86' lang='lat' dir='ltr'><strong>Praedicatorum</strong></span> <span class='ocrx_word' id='word_1_207' title='bbox 3258 3033 3459 3109; x_wconf 82' lang='lat' dir='ltr'><strong>extra</strong></span> <span class='ocrx_word' id='word_1_208' title='bbox 3499 3031 3773 3102; x_wconf 90' lang='lat' dir='ltr'><strong>moenia</strong></span> <span class='ocrx_word' id='word_1_209' title='bbox 3812 3051 3923 3122; x_wconf 87' lang='lat' dir='ltr'><strong>op-</strong></span> 
     </span>
     <span class='ocr_line' id='line_1_22' title="bbox 839 3144 3926 3237; baseline 0.001 -20"><span class='ocrx_word' id='word_1_210' title='bbox 839 3145 990 3237; x_wconf 85' lang='lat' dir='ltr'><strong>pidi</strong></span> <span class='ocrx_word' id='word_1_211' title='bbox 1055 3144 1265 3218; x_wconf 81' lang='lat' dir='ltr'><strong>Glacz</strong></span> <span class='ocrx_word' id='word_1_212' title='bbox 1332 3145 1578 3232; x_wconf 90' lang='lat' dir='ltr'><strong>situm,</strong></span> <span class='ocrx_word' id='word_1_213' title='bbox 1637 3167 1677 3218; x_wconf 85' lang='lat' dir='ltr'><strong>a</strong></span> <span class='ocrx_word' id='word_1_214' title='bbox 1733 3145 2210 3217; x_wconf 85' lang='lat' dir='ltr'><strong>fundamentis</strong></span> <span class='ocrx_word' id='word_1_215' title='bbox 2275 3145 2637 3218; x_wconf 88' lang='lat' dir='ltr'><strong>deiiciunt.</strong></span> <span class='ocrx_word' id='word_1_216' title='bbox 2704 3147 2877 3218; x_wconf 88' lang='lat' dir='ltr'><strong>Post</strong></span> <span class='ocrx_word' id='word_1_217' title='bbox 2931 3168 3094 3219; x_wconf 88' lang='lat' dir='ltr'><strong>vero</strong></span> <span class='ocrx_word' id='word_1_218' title='bbox 3150 3147 3223 3220; x_wconf 89' lang='lat' dir='ltr'><strong>in</strong></span> <span class='ocrx_word' id='word_1_219' title='bbox 3280 3149 3607 3222; x_wconf 87' lang='lat' dir='ltr'><strong>ecclesias</strong></span> <span class='ocrx_word' id='word_1_220' title='bbox 3664 3155 3737 3222; x_wconf 88' lang='lat' dir='ltr'><strong>et</strong></span> <span class='ocrx_word' id='word_1_221' title='bbox 3790 3173 3926 3222; x_wconf 93' lang='lat' dir='ltr'><strong>mo-</strong></span> 
     </span>
     <span class='ocr_line' id='line_1_23' title="bbox 839 3265 3927 3359; baseline 0.002 -23"><span class='ocrx_word' id='word_1_222' title='bbox 839 3265 1146 3338; x_wconf 87' lang='lat' dir='ltr'><strong>nasteria</strong></span> <span class='ocrx_word' id='word_1_223' title='bbox 1207 3266 1472 3356; x_wconf 85' lang='lat' dir='ltr'><strong>passim</strong></span> <span class='ocrx_word' id='word_1_224' title='bbox 1536 3265 1960 3354; x_wconf 85' lang='lat' dir='ltr'><strong>decurritur,</strong></span> <span class='ocrx_word' id='word_1_225' title='bbox 2030 3271 2098 3338; x_wconf 92' lang='lat' dir='ltr'><strong>et</strong></span> <span class='ocrx_word' id='word_1_226' title='bbox 2162 3267 2425 3356; x_wconf 84' lang='lat' dir='ltr'><strong>templa</strong></span> <span class='ocrx_word' id='word_1_227' title='bbox 2488 3265 2785 3353; x_wconf 87' lang='lat' dir='ltr'><strong>nobilia,</strong></span> <span class='ocrx_word' id='word_1_228' title='bbox 2856 3267 3145 3359; x_wconf 85' lang='lat' dir='ltr'><strong>Superis</strong></span> <span class='ocrx_word' id='word_1_229' title='bbox 3202 3268 3468 3356; x_wconf 85' lang='lat' dir='ltr'><strong>dicata,</strong></span> <span class='ocrx_word' id='word_1_230' title='bbox 3538 3275 3927 3356; x_wconf 85' lang='lat' dir='ltr'><strong>vastantur,</strong></span> 
     </span>
     <span class='ocr_line' id='line_1_24' title="bbox 837 3384 3925 3479; baseline 0.001 -21"><span class='ocrx_word' id='word_1_231' title='bbox 837 3386 1334 3473; x_wconf 87' lang='lat' dir='ltr'><strong>incenduntur,</strong></span> <span class='ocrx_word' id='word_1_232' title='bbox 1404 3384 1820 3477; x_wconf 87' lang='lat' dir='ltr'><strong>spoliantur.</strong></span> <span class='ocrx_word' id='word_1_233' title='bbox 1889 3387 2108 3478; x_wconf 85' lang='lat' dir='ltr'><strong>Egere</strong></span> <span class='ocrx_word' id='word_1_234' title='bbox 2174 3388 2506 3478; x_wconf 88' lang='lat' dir='ltr'><strong>posthaec</strong></span> <span class='ocrx_word' id='word_1_235' title='bbox 2568 3387 2752 3477; x_wconf 86' lang='lat' dir='ltr'><strong>apud</strong></span> <span class='ocrx_word' id='word_1_236' title='bbox 2819 3387 3221 3479; x_wconf 85' lang='lat' dir='ltr'><strong>Bechingne</strong></span> <span class='ocrx_word' id='word_1_237' title='bbox 3251 3389 3313 3476; x_wconf 81' lang='lat'><strong>⁴)</strong></span> <span class='ocrx_word' id='word_1_238' title='bbox 3370 3390 3743 3462; x_wconf 88' lang='lat' dir='ltr'><strong>castellum</strong></span> <span class='ocrx_word' id='word_1_239' title='bbox 3800 3392 3925 3462; x_wconf 90' lang='lat' dir='ltr'><strong>tri-</strong></span> 
     </span>
     <span class='ocr_line' id='line_1_25' title="bbox 839 3505 3926 3599; baseline 0.001 -20"><span class='ocrx_word' id='word_1_240' title='bbox 839 3507 1036 3598; x_wconf 90' lang='lat' dir='ltr'><strong>ginta</strong></span> <span class='ocrx_word' id='word_1_241' title='bbox 1095 3508 1230 3578; x_wconf 83' lang='lat' dir='ltr'><strong>fero</strong></span> <span class='ocrx_word' id='word_1_242' title='bbox 1287 3505 1516 3577; x_wconf 84' lang='lat' dir='ltr'><strong>millia</strong></span> <span class='ocrx_word' id='word_1_243' title='bbox 1567 3506 1926 3578; x_wconf 88' lang='lat' dir='ltr'><strong>hominum</strong></span> <span class='ocrx_word' id='word_1_244' title='bbox 1981 3513 2432 3579; x_wconf 88' lang='lat' dir='ltr'><strong>conventum:</strong></span> <span class='ocrx_word' id='word_1_245' title='bbox 2492 3507 2731 3599; x_wconf 92' lang='lat' dir='ltr'><strong>ibique</strong></span> <span class='ocrx_word' id='word_1_246' title='bbox 2776 3507 2849 3579; x_wconf 89' lang='lat' dir='ltr'><strong>in</strong></span> <span class='ocrx_word' id='word_1_247' title='bbox 2896 3509 3268 3598; x_wconf 87' lang='lat' dir='ltr'><strong>propatulo</strong></span> <span class='ocrx_word' id='word_1_248' title='bbox 3310 3509 3643 3582; x_wconf 88' lang='lat' dir='ltr'><strong>trecentis</strong></span> <span class='ocrx_word' id='word_1_249' title='bbox 3680 3514 3753 3582; x_wconf 90' lang='lat' dir='ltr'><strong>et</strong></span> <span class='ocrx_word' id='word_1_250' title='bbox 3788 3533 3926 3582; x_wconf 88' lang='lat' dir='ltr'><strong>am-</strong></span> 
     </span>
     <span class='ocr_line' id='line_1_26' title="bbox 837 3625 3929 3718; baseline 0.001 -20"><span class='ocrx_word' id='word_1_251' title='bbox 837 3627 1028 3718; x_wconf 89' lang='lat' dir='ltr'><strong>plius</strong></span> <span class='ocrx_word' id='word_1_252' title='bbox 1084 3626 1344 3698; x_wconf 86' lang='lat' dir='ltr'><strong>mensis</strong></span> <span class='ocrx_word' id='word_1_253' title='bbox 1381 3625 1792 3717; x_wconf 86' lang='lat' dir='ltr'><strong>propositis,</strong></span> <span class='ocrx_word' id='word_1_254' title='bbox 1849 3629 2108 3718; x_wconf 88' lang='lat' dir='ltr'><strong>populo</strong></span> <span class='ocrx_word' id='word_1_255' title='bbox 2147 3627 2387 3700; x_wconf 87' lang='lat' dir='ltr'><strong>calicis</strong></span> <span class='ocrx_word' id='word_1_256' title='bbox 2426 3627 2916 3699; x_wconf 86' lang='lat' dir='ltr'><strong>ministrarunt</strong></span> <span class='ocrx_word' id='word_1_257' title='bbox 2956 3627 3504 3701; x_wconf 88' lang='lat' dir='ltr'><strong>Sacramentum.</strong></span> <span class='ocrx_word' id='word_1_258' title='bbox 3564 3631 3929 3702; x_wconf 87' lang='lat' dir='ltr'><strong>Terruerat</strong></span> 
     </span>
     <span class='ocr_line' id='line_1_27' title="bbox 839 3745 3927 3843; baseline 0.001 -24"><span class='ocrx_word' id='word_1_259' title='bbox 839 3768 951 3819; x_wconf 85' lang='lat' dir='ltr'><strong>res</strong></span> <span class='ocrx_word' id='word_1_260' title='bbox 1006 3747 1177 3818; x_wconf 88' lang='lat' dir='ltr'><strong>haec</strong></span> <span class='ocrx_word' id='word_1_261' title='bbox 1232 3745 1720 3818; x_wconf 89' lang='lat' dir='ltr'><strong>Weuceslaum</strong></span> <span class='ocrx_word' id='word_1_262' title='bbox 1775 3747 2070 3838; x_wconf 85' lang='lat' dir='ltr'><strong>Regem,</strong></span> <span class='ocrx_word' id='word_1_263' title='bbox 2129 3768 2215 3818; x_wconf 90' lang='lat' dir='ltr'><strong>ne</strong></span> <span class='ocrx_word' id='word_1_264' title='bbox 2256 3747 2595 3819; x_wconf 88' lang='lat' dir='ltr'><strong>seditione</strong></span> <span class='ocrx_word' id='word_1_265' title='bbox 2634 3747 2705 3818; x_wconf 89' lang='lat' dir='ltr'><strong>in</strong></span> <span class='ocrx_word' id='word_1_266' title='bbox 2746 3768 2818 3819; x_wconf 87' lang='lat' dir='ltr'><strong>se</strong></span> <span class='ocrx_word' id='word_1_267' title='bbox 2856 3768 3088 3834; x_wconf 86' lang='lat' dir='ltr'><strong>versa,</strong></span> <span class='ocrx_word' id='word_1_268' title='bbox 3139 3753 3209 3818; x_wconf 90' lang='lat' dir='ltr'><strong>et</strong></span> <span class='ocrx_word' id='word_1_269' title='bbox 3246 3749 3464 3820; x_wconf 88' lang='lat' dir='ltr'><strong>vitam</strong></span> <span class='ocrx_word' id='word_1_270' title='bbox 3504 3754 3573 3822; x_wconf 91' lang='lat' dir='ltr'><strong>et</strong></span> <span class='ocrx_word' id='word_1_271' title='bbox 3612 3750 3927 3843; x_wconf 87' lang='lat' dir='ltr'><strong>Regnum</strong></span> 
     </span>
     <span class='ocr_line' id='line_1_28' title="bbox 849 3865 3923 3958; baseline 0.001 -20"><span class='ocrx_word' id='word_1_272' title='bbox 849 3867 986 3939; x_wconf 89' lang='lat' dir='ltr'><strong>sibi</strong></span> <span class='ocrx_word' id='word_1_273' title='bbox 1043 3865 1449 3938; x_wconf 87' lang='lat' dir='ltr'><strong>adimerent.</strong></span> <span class='ocrx_word' id='word_1_274' title='bbox 1511 3865 1645 3938; x_wconf 87' lang='lat' dir='ltr'><strong>Sed</strong></span> <span class='ocrx_word' id='word_1_275' title='bbox 1713 3865 2172 3938; x_wconf 86' lang='lat' dir='ltr'><strong>Wenceslaus</strong></span> <span class='ocrx_word' id='word_1_276' title='bbox 2246 3866 2557 3939; x_wconf 86' lang='lat' dir='ltr'><strong>Coranda</strong></span> <span class='ocrx_word' id='word_1_277' title='bbox 2613 3867 2934 3939; x_wconf 87' lang='lat' dir='ltr'><strong>sacerdos</strong></span> <span class='ocrx_word' id='word_1_278' title='bbox 2999 3868 3182 3958; x_wconf 88' lang='lat' dir='ltr'><strong>apud</strong></span> <span class='ocrx_word' id='word_1_279' title='bbox 3236 3868 3509 3958; x_wconf 88' lang='lat' dir='ltr'><strong>plebem</strong></span> <span class='ocrx_word' id='word_1_280' title='bbox 3566 3870 3923 3942; x_wconf 87' lang='lat' dir='ltr'><strong>conciona-</strong></span> 
     </span>
     <span class='ocr_line' id='line_1_29' title="bbox 839 3985 3927 4078; baseline 0.001 -20"><span class='ocrx_word' id='word_1_281' title='bbox 839 3993 990 4074; x_wconf 76' lang='lat' dir='ltr'><strong>tuS‚</strong></span> <span class='ocrx_word' id='word_1_282' title='bbox 1049 3985 1180 4058; x_wconf 83' lang='lat' dir='ltr'><strong>etsi</strong></span> <span class='ocrx_word' id='word_1_283' title='bbox 1235 3985 1499 4076; x_wconf 89' lang='lat' dir='ltr'><strong>Regem</strong></span> <span class='ocrx_word' id='word_1_284' title='bbox 1556 3985 1850 4056; x_wconf 88' lang='lat' dir='ltr'><strong>inertem</strong></span> <span class='ocrx_word' id='word_1_285' title='bbox 1906 3991 2114 4078; x_wconf 90' lang='lat' dir='ltr'><strong>atque</strong></span> <span class='ocrx_word' id='word_1_286' title='bbox 2171 3987 2521 4058; x_wconf 86' lang='lat' dir='ltr'><strong>ebriosum</strong></span> <span class='ocrx_word' id='word_1_287' title='bbox 2578 3987 2991 4074; x_wconf 89' lang='lat' dir='ltr'><strong>asseruerit,</strong></span> <span class='ocrx_word' id='word_1_288' title='bbox 3052 3988 3365 4078; x_wconf 89' lang='lat' dir='ltr'><strong>quietum</strong></span> <span class='ocrx_word' id='word_1_289' title='bbox 3412 3994 3680 4076; x_wconf 84' lang='lat' dir='ltr'><strong>tamen,</strong></span> <span class='ocrx_word' id='word_1_290' title='bbox 3738 3991 3927 4063; x_wconf 91' lang='lat' dir='ltr'><strong>beni·</strong></span> 
     </span>
     <span class='ocr_line' id='line_1_30' title="bbox 838 4104 3925 4201; baseline 0.002 -25"><span class='ocrx_word' id='word_1_291' title='bbox 838 4127 1054 4198; x_wconf 86' lang='lat' dir='ltr'><strong>gnum</strong></span> <span class='ocrx_word' id='word_1_292' title='bbox 1109 4111 1178 4176; x_wconf 89' lang='lat' dir='ltr'><strong>et</strong></span> <span class='ocrx_word' id='word_1_293' title='bbox 1231 4105 1510 4195; x_wconf 87' lang='lat' dir='ltr'><strong>proprio</strong></span> <span class='ocrx_word' id='word_1_294' title='bbox 1568 4104 1730 4176; x_wconf 89' lang='lat' dir='ltr'><strong>illos</strong></span> <span class='ocrx_word' id='word_1_295' title='bbox 1788 4105 2022 4178; x_wconf 86' lang='lat' dir='ltr'><strong>vivere</strong></span> <span class='ocrx_word' id='word_1_296' title='bbox 2077 4107 2418 4180; x_wconf 89' lang='lat' dir='ltr'><strong>sinentem</strong></span> <span class='ocrx_word' id='word_1_297' title='bbox 2475 4107 2799 4194; x_wconf 86' lang='lat' dir='ltr'><strong>arbitrio,</strong></span> <span class='ocrx_word' id='word_1_298' title='bbox 2858 4128 3079 4199; x_wconf 89' lang='lat' dir='ltr'><strong>neque</strong></span> <span class='ocrx_word' id='word_1_299' title='bbox 3134 4129 3369 4180; x_wconf 87' lang='lat' dir='ltr'><strong>eorum</strong></span> <span class='ocrx_word' id='word_1_300' title='bbox 3426 4109 3609 4181; x_wconf 87' lang='lat' dir='ltr'><strong>ritus</strong></span> <span class='ocrx_word' id='word_1_301' title='bbox 3657 4115 3925 4201; x_wconf 90' lang='lat' dir='ltr'><strong>pertur-</strong></span> 
     </span>
     <span class='ocr_line' id='line_1_31' title="bbox 839 4225 3924 4327; baseline 0.002 -31"><span class='ocrx_word' id='word_1_302' title='bbox 839 4226 1120 4298; x_wconf 86' lang='lat' dir='ltr'><strong>bantem</strong></span> <span class='ocrx_word' id='word_1_303' title='bbox 1177 4225 1628 4327; x_wconf 34' lang='lat' dir='ltr'><strong>monstravit..</strong></span> <span class='ocrx_word' id='word_1_304' title='bbox 1689 4225 1941 4316; x_wconf 91' lang='lat' dir='ltr'><strong>Sicque</strong></span> <span class='ocrx_word' id='word_1_305' title='bbox 2008 4226 2421 4300; x_wconf 88' lang='lat' dir='ltr'><strong>seditionem</strong></span> <span class='ocrx_word' id='word_1_306' title='bbox 2474 4228 2753 4319; x_wconf 88' lang='lat' dir='ltr'><strong>populi,</strong></span> <span class='ocrx_word' id='word_1_307' title='bbox 2814 4228 2873 4299; x_wconf 84' lang='lat' dir='ltr'><strong>si</strong></span> <span class='ocrx_word' id='word_1_308' title='bbox 2930 4249 3107 4320; x_wconf 89' lang='lat' dir='ltr'><strong>quae</strong></span> <span class='ocrx_word' id='word_1_309' title='bbox 3164 4229 3403 4301; x_wconf 90' lang='lat' dir='ltr'><strong>futura</strong></span> <span class='ocrx_word' id='word_1_310' title='bbox 3457 4235 3607 4302; x_wconf 89' lang='lat' dir='ltr'><strong>erat</strong></span> <span class='ocrx_word' id='word_1_311' title='bbox 3664 4231 3737 4301; x_wconf 89' lang='lat' dir='ltr'><strong>in</strong></span> <span class='ocrx_word' id='word_1_312' title='bbox 3792 4231 3924 4302; x_wconf 93' lang='lat' dir='ltr'><strong>Re-</strong></span> 
     </span>
     <span class='ocr_line' id='line_1_32' title="bbox 839 4343 3925 4440; baseline 0.001 -23"><span class='ocrx_word' id='word_1_313' title='bbox 839 4366 1027 4436; x_wconf 90' lang='lat' dir='ltr'><strong>gem,</strong></span> <span class='ocrx_word' id='word_1_314' title='bbox 1085 4343 1390 4431; x_wconf 89' lang='lat' dir='ltr'><strong>sedavit,</strong></span> <span class='ocrx_word' id='word_1_315' title='bbox 1448 4350 1518 4416; x_wconf 93' lang='lat' dir='ltr'><strong>et</strong></span> <span class='ocrx_word' id='word_1_316' title='bbox 1573 4365 1660 4416; x_wconf 87' lang='lat' dir='ltr'><strong>ex</strong></span> <span class='ocrx_word' id='word_1_317' title='bbox 1715 4345 1948 4436; x_wconf 89' lang='lat' dir='ltr'><strong>tepido</strong></span> <span class='ocrx_word' id='word_1_318' title='bbox 2008 4346 2337 4438; x_wconf 83' lang='lat' dir='ltr'><strong>frigidum</strong></span> <span class='ocrx_word' id='word_1_319' title='bbox 2394 4348 2655 4439; x_wconf 86' lang='lat' dir='ltr'><strong>Regem</strong></span> <span class='ocrx_word' id='word_1_320' title='bbox 2716 4347 2909 4420; x_wconf 86' lang='lat' dir='ltr'><strong>fecit:</strong></span> <span class='ocrx_word' id='word_1_321' title='bbox 2971 4348 3091 4439; x_wconf 90' lang='lat' dir='ltr'><strong>qui</strong></span> <span class='ocrx_word' id='word_1_322' title='bbox 3130 4348 3342 4420; x_wconf 84' lang='lat' dir='ltr'><strong>etiam</strong></span> <span class='ocrx_word' id='word_1_323' title='bbox 3382 4348 3762 4421; x_wconf 81' lang='lat' dir='ltr'><strong>Corandam</strong></span> <span class='ocrx_word' id='word_1_324' title='bbox 3800 4371 3925 4440; x_wconf 92' lang='lat' dir='ltr'><strong>pro</strong></span> 
     </span>
     <span class='ocr_line' id='line_1_33' title="bbox 841 4461 3926 4560; baseline 0.001 -23"><span class='ocrx_word' id='word_1_325' title='bbox 841 4463 1320 4537; x_wconf 88' lang='lat' dir='ltr'><strong>huiuscemodi</strong></span> <span class='ocrx_word' id='word_1_326' title='bbox 1353 4461 1414 4552; x_wconf 84' lang='lat'><strong>5)</strong></span> <span class='ocrx_word' id='word_1_327' title='bbox 1471 4485 1784 4537; x_wconf 86' lang='lat' dir='ltr'><strong>sermone</strong></span> <span class='ocrx_word' id='word_1_328' title='bbox 1848 4464 2033 4538; x_wconf 90' lang='lat' dir='ltr'><strong>inter</strong></span> <span class='ocrx_word' id='word_1_329' title='bbox 2096 4467 2353 4538; x_wconf 88' lang='lat' dir='ltr'><strong>amicos</strong></span> <span class='ocrx_word' id='word_1_330' title='bbox 2419 4467 2687 4539; x_wconf 88' lang='lat' dir='ltr'><strong>retulit.</strong></span> <span class='ocrx_word' id='word_1_331' title='bbox 2756 4467 3001 4559; x_wconf 87' lang='lat' dir='ltr'><strong>Neque</strong></span> <span class='ocrx_word' id='word_1_332' title='bbox 3056 4468 3511 4540; x_wconf 89' lang='lat' dir='ltr'><strong>deliramenta</strong></span> <span class='ocrx_word' id='word_1_333' title='bbox 3565 4469 3695 4541; x_wconf 85' lang='lat' dir='ltr'><strong>illa</strong></span> <span class='ocrx_word' id='word_1_334' title='bbox 3747 4470 3926 4560; x_wconf 83' lang='lat' dir='ltr'><strong>apud</strong></span> 
     </span>
     <span class='ocr_line' id='line_1_34' title="bbox 842 4583 3927 4680; baseline 0.001 -22"><span class='ocrx_word' id='word_1_335' title='bbox 842 4587 1304 4658; x_wconf 89' lang='lat' dir='ltr'><strong>Bohemorum</strong></span> <span class='ocrx_word' id='word_1_336' title='bbox 1361 4583 1528 4656; x_wconf 92' lang='lat' dir='ltr'><strong>olim</strong></span> <span class='ocrx_word' id='word_1_337' title='bbox 1583 4589 1861 4680; x_wconf 88' lang='lat' dir='ltr'><strong>gentem</strong></span> <span class='ocrx_word' id='word_1_338' title='bbox 1916 4586 2221 4658; x_wconf 85' lang='lat' dir='ltr'><strong>nobilem</strong></span> <span class='ocrx_word' id='word_1_339' title='bbox 2260 4592 2329 4659; x_wconf 92' lang='lat' dir='ltr'><strong>et</strong></span> <span class='ocrx_word' id='word_1_340' title='bbox 2368 4587 2786 4659; x_wconf 88' lang='lat' dir='ltr'><strong>industriam</strong></span> <span class='ocrx_word' id='word_1_341' title='bbox 2840 4588 3199 4678; x_wconf 89' lang='lat' dir='ltr'><strong>quievere;</strong></span> <span class='ocrx_word' id='word_1_342' title='bbox 3256 4587 3379 4661; x_wconf 89' lang='lat' dir='ltr'><strong>sed</strong></span> <span class='ocrx_word' id='word_1_343' title='bbox 3416 4587 3489 4659; x_wconf 89' lang='lat' dir='ltr'><strong>in</strong></span> <span class='ocrx_word' id='word_1_344' title='bbox 3528 4589 3712 4660; x_wconf 88' lang='lat' dir='ltr'><strong>diem</strong></span> <span class='ocrx_word' id='word_1_345' title='bbox 3752 4589 3927 4660; x_wconf 83' lang='lat' dir='ltr'><strong>hane·</strong></span> 
     </span>
     <span class='ocr_line' id='line_1_35' title="bbox 841 4705 3929 4798; baseline -0.001 -18"><span class='ocrx_word' id='word_1_346' title='bbox 841 4705 1302 4780; x_wconf 85' lang='lat' dir='ltr'><strong>stoliditatem</strong></span> <span class='ocrx_word' id='word_1_347' title='bbox 1359 4723 1554 4775; x_wconf 88' lang='lat' dir='ltr'><strong>suam</strong></span> <span class='ocrx_word' id='word_1_348' title='bbox 1613 4709 1683 4776; x_wconf 90' lang='lat' dir='ltr'><strong>et</strong></span> <span class='ocrx_word' id='word_1_349' title='bbox 1737 4705 2092 4778; x_wconf 82' lang='lat' dir='ltr'><strong>vesaniam</strong></span> <span class='ocrx_word' id='word_1_350' title='bbox 2148 4706 2592 4794; x_wconf 85' lang='lat' dir='ltr'><strong>continuant,</strong></span> <span class='ocrx_word' id='word_1_351' title='bbox 2650 4712 2719 4779; x_wconf 91' lang='lat' dir='ltr'><strong>et</strong></span> <span class='ocrx_word' id='word_1_352' title='bbox 2772 4708 3121 4798; x_wconf 86' lang='lat' dir='ltr'><strong>praefatos</strong></span> <span class='ocrx_word' id='word_1_353' title='bbox 3177 4707 3560 4780; x_wconf 87' lang='lat' dir='ltr'><strong>Iohannem</strong></span> <span class='ocrx_word' id='word_1_354' title='bbox 3616 4708 3811 4781; x_wconf 86' lang='lat' dir='ltr'><strong>Huss</strong></span> <span class='ocrx_word' id='word_1_355' title='bbox 3858 4714 3929 4780; x_wconf 89' lang='lat' dir='ltr'><strong>et</strong></span> 
     </span>
     <span class='ocr_line' id='line_1_36' title="bbox 843 4823 3923 4919; baseline 0 -21"><span class='ocrx_word' id='word_1_356' title='bbox 843 4825 1328 4898; x_wconf 89' lang='lat' dir='ltr'><strong>Hieronimum</strong></span> <span class='ocrx_word' id='word_1_357' title='bbox 1392 4823 1822 4906; x_wconf 89' lang='lat' dir='ltr'><strong>Iacobellum</strong></span> <span class='ocrx_word' id='word_1_358' title='bbox 1887 4825 2194 4899; x_wconf 88' lang='lat' dir='ltr'><strong>haeresis</strong></span> <span class='ocrx_word' id='word_1_359' title='bbox 2250 4831 2319 4899; x_wconf 92' lang='lat' dir='ltr'><strong>et</strong></span> <span class='ocrx_word' id='word_1_360' title='bbox 2372 4827 2625 4899; x_wconf 90' lang='lat' dir='ltr'><strong>erroris</strong></span> <span class='ocrx_word' id='word_1_361' title='bbox 2692 4827 2803 4899; x_wconf 89' lang='lat' dir='ltr'><strong>sui</strong></span> <span class='ocrx_word' id='word_1_362' title='bbox 2868 4827 3129 4918; x_wconf 86' lang='lat' dir='ltr'><strong>capita,</strong></span> <span class='ocrx_word' id='word_1_363' title='bbox 3186 4833 3636 4919; x_wconf 87' lang='lat' dir='ltr'><strong>caeterosque</strong></span> <span class='ocrx_word' id='word_1_364' title='bbox 3692 4850 3923 4901; x_wconf 90' lang='lat' dir='ltr'><strong>eorum</strong></span> 
     </span>
     <span class='ocr_line' id='line_1_37' title="bbox 838 4944 3542 5036; baseline 0 -18"><span class='ocrx_word' id='word_1_365' title='bbox 838 4947 911 5018; x_wconf 90' lang='lat' dir='ltr'><strong>in</strong></span> <span class='ocrx_word' id='word_1_366' title='bbox 968 4965 1194 5018; x_wconf 90' lang='lat' dir='ltr'><strong>errore</strong></span> <span class='ocrx_word' id='word_1_367' title='bbox 1249 4964 1613 5036; x_wconf 81' lang='lat' dir='ltr'><strong>sequaceS‚</strong></span> <span class='ocrx_word' id='word_1_368' title='bbox 1671 4944 2011 5036; x_wconf 89' lang='lat' dir='ltr'><strong>singulari</strong></span> <span class='ocrx_word' id='word_1_369' title='bbox 2051 4948 2299 5035; x_wconf 87' lang='lat' dir='ltr'><strong>cultu,</strong></span> <span class='ocrx_word' id='word_1_370' title='bbox 2357 4946 2561 5019; x_wconf 84' lang='lat' dir='ltr'><strong>iuxta</strong></span> <span class='ocrx_word' id='word_1_371' title='bbox 2614 4969 2693 5020; x_wconf 89' lang='lat' dir='ltr'><strong>ac</strong></span> <span class='ocrx_word' id='word_1_372' title='bbox 2750 4947 3043 5020; x_wconf 87' lang='lat' dir='ltr'><strong>Sanctos</strong></span> <span class='ocrx_word' id='word_1_373' title='bbox 3101 4953 3542 5019; x_wconf 88' lang='lat' dir='ltr'><strong>venerantur.</strong></span> 
     </span>
    </p>
   </div>
   <div class='ocr_carea' id='block_1_3' title="bbox 839 5125 1220 5136">
    <p class='ocr_par' dir='ltr' id='par_1_3' title="bbox 839 5125 1220 5136">
     <span class='ocr_line' id='line_1_38' title="bbox 839 5125 1220 5136; baseline 0 1248"><span class='ocrx_word' id='word_1_374' title='bbox 839 5125 1220 5136; x_wconf 95' lang='lat' dir='ltr'><strong> </strong></span> 
     </span>
    </p>
   </div>
   <div class='ocr_carea' id='block_1_4' title="bbox 1223 5125 1660 5134">
    <p class='ocr_par' dir='ltr' id='par_1_4' title="bbox 1223 5125 1660 5134">
     <span class='ocr_line' id='line_1_39' title="bbox 1223 5125 1660 5134; baseline 0 0"><span class='ocrx_word' id='word_1_375' title='bbox 1223 5125 1660 5134; x_wconf 95' lang='lat' dir='ltr'><strong> </strong></span> 
     </span>
    </p>
   </div>
   <div class='ocr_carea' id='block_1_5' title="bbox 846 5213 3929 5403">
    <p class='ocr_par' dir='ltr' id='par_1_5' title="bbox 846 5213 3929 5403">
     <span class='ocr_line' id='line_1_40' title="bbox 1057 5213 3929 5303; baseline 0.002 -25"><span class='ocrx_word' id='word_1_376' title='bbox 1057 5219 1098 5297; x_wconf 88' lang='lat'><strong>¹)</strong></span> <span class='ocrx_word' id='word_1_377' title='bbox 1145 5220 1436 5294; x_wconf 84' lang='lat' dir='ltr'><strong>quomodo</strong></span> <span class='ocrx_word' id='word_1_378' title='bbox 1485 5215 1636 5281; x_wconf 76' lang='lat' dir='ltr'><strong>Cod.</strong></span> <span class='ocrx_word' id='word_1_379' title='bbox 1682 5216 1873 5280; x_wconf 78' lang='lat' dir='ltr'><strong>Rozr.</strong></span> <span class='ocrx_word' id='word_1_380' title='bbox 1923 5217 1971 5297; x_wconf 87' lang='lat'><strong>²)</strong></span> <span class='ocrx_word' id='word_1_381' title='bbox 2018 5225 2227 5296; x_wconf 85' lang='lat' dir='ltr'><strong>postea</strong></span> <span class='ocrx_word' id='word_1_382' title='bbox 2276 5213 2426 5281; x_wconf 79' lang='lat' dir='ltr'><strong>Cod.</strong></span> <span class='ocrx_word' id='word_1_383' title='bbox 2469 5217 2659 5282; x_wconf 83' lang='lat' dir='ltr'><strong>Rozr.</strong></span> <span class='ocrx_word' id='word_1_384' title='bbox 2710 5217 2763 5298; x_wconf 82' lang='lat'><strong>³)</strong></span> <span class='ocrx_word' id='word_1_385' title='bbox 2796 5220 3091 5282; x_wconf 86' lang='lat' dir='ltr'><strong>iudicium.</strong></span> <span class='ocrx_word' id='word_1_386' title='bbox 3124 5217 3249 5284; x_wconf 75' lang='lat' dir='ltr'><strong>Ed.</strong></span> <span class='ocrx_word' id='word_1_387' title='bbox 3282 5218 3461 5303; x_wconf 71' lang='lat' dir='ltr'><strong>Lips.</strong></span> <span class='ocrx_word' id='word_1_388' title='bbox 3511 5218 3567 5301; x_wconf 85' lang='lat'><strong>⁴)</strong></span> <span class='ocrx_word' id='word_1_389' title='bbox 3596 5222 3929 5298; x_wconf 80' lang='lat' dir='ltr'><strong>Beozingne</strong></span> 
     </span>
     <span class='ocr_line' id='line_1_41' title="bbox 846 5317 2945 5403; baseline -0.001 -17"><span class='ocrx_word' id='word_1_390' title='bbox 846 5317 996 5388; x_wconf 84' lang='lat' dir='ltr'><strong>C&#39;od.</strong></span> <span class='ocrx_word' id='word_1_391' title='bbox 1044 5319 1217 5390; x_wconf 74' lang='lat' dir='ltr'><strong>Kost,</strong></span> <span class='ocrx_word' id='word_1_392' title='bbox 1262 5322 1605 5397; x_wconf 86' lang='lat' dir='ltr'><strong>Beehnigne</strong></span> <span class='ocrx_word' id='word_1_393' title='bbox 1648 5319 1773 5384; x_wconf 77' lang='lat' dir='ltr'><strong>Ed.</strong></span> <span class='ocrx_word' id='word_1_394' title='bbox 1819 5318 1999 5403; x_wconf 77' lang='lat' dir='ltr'><strong>Lips.</strong></span> <span class='ocrx_word' id='word_1_395' title='bbox 2050 5321 2099 5400; x_wconf 61' lang='grc'><strong>5)</strong></span> <span class='ocrx_word' id='word_1_396' title='bbox 2149 5324 2502 5382; x_wconf 85' lang='lat' dir='ltr'><strong>eiuscemodi</strong></span> <span class='ocrx_word' id='word_1_397' title='bbox 2555 5319 2705 5384; x_wconf 79' lang='lat' dir='ltr'><strong>Cod.</strong></span> <span class='ocrx_word' id='word_1_398' title='bbox 2754 5321 2945 5384; x_wconf 78' lang='lat' dir='ltr'><strong>Rozr.</strong></span> 
     </span>
    </p>
   </div>
  </div>
 </body>
</html>
