4342 6384
905 546 1054 624 368
2101 572 2328 629 numa
2380 574 2831 631 uanncnms.
3424 549 3561 654 (Α.
3600 552 3699 627 D.
3750 546 4013 650 1429.)

900 756 1347 849 Sigismundo
1403 756 1582 851 Regi
1646 760 2160 851 expeditionem
2218 767 2459 835 contra
2505 763 2763 835 Tureos
2816 760 3133 849 facienti,
3189 766 3433 853 gentes
3488 780 3615 851 pro
3682 758 4013 831 subsidio

899 874 1180 948 mittere
1232 876 1718 969 denegasset):
1777 878 1942 951 hnic
1993 880 2323 971 petitioni
2374 901 2500 970 per
2539 880 3003 955 wladislaum
3057 881 3315 973 Regem
3369 899 3799 970 responsum
3856 884 4003 951 est:

903 1014 1041 1065 non
1096 1015 1248 1067 esse
1303 1015 1637 1085 aequum,
1705 996 2050 1069 Valachos
2105 998 2181 1069 in
2232 998 2573 1091 religione
2628 999 3011 1072 christiana
3064 998 3517 1086 constitutos,
3584 1002 3655 1070 et
3712 998 4009 1088 plenam

897 1112 1032 1184 sibi
1089 1116 1158 1185 et
1195 1113 1438 1205 Regno
1494 1135 1621 1186 suo
1658 1114 1994 1187 Poloniae
2033 1114 2501 1188 obedientiam
2556 1123 2626 1188 et
2664 1118 3163 1190 subiectionem
3198 1120 3662 1208 praestanteS,
3725 1114 4015 1201 invadi,

896 1234 968 1302 et
1019 1252 1158 1303 non
1215 1236 1540 1305 exstante
1603 1253 1818 1305 eausa
1879 1233 2228 1326 legitima,
2296 1236 2781 1317 exterminari,
2850 1257 3005 1309 curn
3058 1237 3227 1308 haec
3282 1239 3467 1309 esset
3522 1235 3775 1309 feritas
3834 1234 3999 1307 bar·

895 1350 1127 1423 barica
1148 1407 1165 1438 ,
1223 1351 1298 1423 in
1352 1351 1793 1425 subditorum
1847 1353 2117 1427 viscera
2171 1358 2441 1427 vertere
2476 1356 2820 1447 gladium,
2878 1376 3170 1447 quorum
3225 1355 3361 1427 etsi
3412 1354 3639 1445 aliqui
3696 1355 3899 1425 furto
3946 1358 4019 1424 et

895 1468 1146 1559 spoliis
1210 1470 1488 1559 vivant,
1564 1471 1637 1542 id
1701 1475 1934 1544 tamen
1995 1494 2135 1543 non
2200 1478 2435 1563 potest
2504 1474 2579 1546 in
2640 1474 3005 1547 universos
3068 1473 3474 1565 retorqueri.
3562 1472 3767 1563 Quod
3836 1492 4009 1544 vero

895 1590 1138 1659 contra
1193 1589 1454 1661 Turcos
1509 1589 1903 1662 subsidium
1955 1611 2095 1661 non
2131 1592 2460 1679 tulerint,
2516 1592 2788 1683 culpari
2838 1613 2977 1665 non
3014 1596 3386 1679 merentur,
3444 1611 3603 1663 cum
3658 1592 4005 1663 mandato

893 1708 1118 1801 regio,
1177 1708 1252 1781 in
1307 1730 1486 1781 anno
1542 1713 1614 1781 et
1640 1708 1760 1786 die
1812 1708 2192 1799 promisso,
2250 1710 2593 1783 exercitui
2642 1711 2837 1802 regio
2875 1710 3128 1797 iuncti,
3186 1731 3409 1801 usque
3462 1709 3551 1781 ad
3590 1709 4008 1782 Danubium

893 1828 1248 1916 venerint,
1307 1832 1378 1899 et
1429 1848 1644 1919 prope
1698 1827 1968 1900 duobus
2033 1828 2391 1900 mensibus
2446 1828 2829 1916 immorati,
2896 1828 3123 1901 redire
3176 1827 3401 1901 coacti
3438 1829 3531 1915 ¹);
3598 1828 4009 1919 culpandus

893 1945 1130 2035 potius
1185 1950 1294 2019 est
1349 1946 1842 2039 sigismundus
1896 1945 2088 2033 Rex,
2149 1946 2273 2037 qui
2327 1947 2415 2018 ad
2465 1947 2909 2037 praefinitam
2962 1946 3144 2019 diem
3198 1967 3337 2018 non
3390 1946 3619 2033 venit,
3676 1966 3847 2018 cum
3884 1967 4001 2017 res

898 2085 1027 2135 sua
1080 2068 1424 2155 ageretur.
1497 2064 1632 2135 His
1687 2067 1758 2136 et
1811 2064 1978 2136 aliis
2041 2063 2613 2156 responsionibus
2677 2085 2799 2156 per
2852 2064 2999 2138 dies
3064 2066 3368 2156 aliquot,
3436 2063 3829 2136 instantiae
3888 2064 4001 2136 Si-

897 2182 1256 2275 gismundi
1308 2182 1526 2273 Regis
1545 2236 1561 2269 ,
1619 2180 1694 2253 in
1749 2182 2274 2272 occupationem
2330 2188 2400 2255 et
2444 2182 2859 2255 divisionem
2912 2186 3138 2255 terrae
3174 2181 3551 2255 Valachiae
3602 2182 4001 2273 plurimum

899 2301 1284 2389 aestuanti,
1341 2320 1754 2391 responsum
1784 2298 1846 2388 ²)
1901 2300 1976 2371 in
2029 2300 2431 2391 praesentia
2484 2300 2897 2374 notabilium
2950 2302 3286 2373 baronum
3340 2300 3425 2371 de
3455 2300 3831 2386 Valachia‚
3874 2301 3999 2391 qui

899 2418 1366 2493 constantiam
1423 2423 1494 2491 et
1547 2416 1751 2491 fidem
1809 2418 2192 2491 Wladislai
2244 2419 2460 2511 Regis
2514 2419 2847 2493 Poloniae
2900 2426 2971 2493 et
3022 2440 3307 2491 suorum
3368 2419 3443 2491 in
3495 2418 3625 2491 illo
3680 2423 4001 2511 tempore

896 2560 1063 2631 erga
1115 2560 1190 2611 se
1243 2536 1516 2629 experti
1573 2542 1765 2610 sunt.
1821 2537 1916 2609 Et
1971 2538 2140 2611 licet
2192 2538 2269 2610 in
2312 2538 2445 2610 hac
2498 2538 3009 2611 concertatione
3063 2538 3333 2629 aliquot
3383 2537 3652 2609 dierum
3710 2538 3997 2610 absum-

894 2664 1094 2749 ptum
1160 2661 1438 2747 tempus
1511 2655 1759 2745 fuerit,
1834 2656 2361 2747 perseverantia
2430 2662 2663 2728 tamen
2727 2656 3105 2729 Wladislai
3167 2656 3383 2747 Regis
3452 2656 3527 2727 in
3598 2657 3989 2747 proposito,

896 2776 1134 2849 cedere
1190 2774 1720 2867 Sigismundum
1772 2775 2036 2867 Regem
2091 2795 2179 2847 ex
2238 2775 2618 2862 sententia,
2684 2779 2754 2847 et
2806 2774 2949 2846 alia
3000 2774 3497 2865 periculosiora
3551 2775 3797 2866 Regno
3856 2776 3991 2847 Po-

895 2894 1127 2967 loniae
1179 2892 1448 2981 moliri,
1515 2874 1766 2985 coegit.
1841 2892 2297 2986 congregatis
2360 2893 2610 2964 deinde
2671 2892 2983 2985 Regibus
3046 2892 3380 2965 ambobus
3444 2898 3513 2967 et
3577 2893 3773 2965 Duce
3836 2894 3994 2966 Wi-

898 3011 1207 3099 thawd0,
1275 3016 1346 3083 et
1409 3032 1646 3083 eorum
1710 3010 2167 3100 consiliariis,
2228 3012 2721 3104 Sigismundus
2785 3012 2939 3083 Rex
3012 3012 3113 3083 ita
3185 3033 3384 3083 orsus
3448 3015 3587 3084 est:
3666 3010 3993 3120 Sancite,

892 3130 1156 3222 iuquit,
1223 3129 1586 3202 Summum
1648 3128 2092 3217 Pontificem,
2161 3134 2242 3201 ut
2294 3128 2677 3202 Concilium
2740 3151 2863 3221 pro
2927 3129 3327 3202 reductione
3382 3129 3853 3204 Bohemorum
3928 3142 3995 3207 et

890 3249 1382 3322 reformatione
1436 3248 1770 3321 ecclesiae
1824 3248 2067 3335 faciat,
2126 3247 2357 3321 iturus
2413 3248 2501 3319 ad
2538 3249 2749 3336 illud,
2809 3248 2869 3321 si
2926 3248 3385 3334 consenserit3
3442 3248 3504 3319 si
3542 3248 3991 3357 dissenserit,

889 3368 1318 3441 authoritate
1371 3387 1526 3441 mea
1587 3366 1770 3438 illud
1835 3372 2406 3459 congregaturus,
2480 3366 2549 3439 N
2552 3387 2627 3439 ec
2680 3365 3067 3439 reductioni
3131 3365 3549 3439 Graecorum
3615 3368 3983 3444 intendere

889 3488 1209 3579 expedit,
1259 3478 1434 3560 'cnm
1489 3506 1697 3557 unam
1752 3486 1956 3558 fidem
2021 3486 2386 3557 nobiscum
2438 3486 2918 3576 profiteantur,
2984 3483 3223 3557 barbis
3276 3485 3624 3557 duntaxat
3680 3493 3753 3559 et
3809 3510 3985 3561 uxo·

889 3606 1088 3679 ribus
1142 3628 1185 3678 a
1237 3604 1440 3677 nobis
1496 3604 1751 3677 secreti
1805 3608 1994 3676 sunt.
2070 3603 2155 3676 Id
2210 3609 2443 3675 tamen
2497 3602 2647 3675 illis
2703 3602 2878 3674 vitio
2942 3622 3081 3673 non
3133 3608 3273 3690 est,
3330 3623 3471 3673 una
3523 3603 3714 3677 enim
3770 3628 3993 3680 uxore

891 3724 1312 3799 Graecorum
1363 3722 1760 3814 presbyteri
1815 3721 2128 3794 contenti
2167 3725 2366 3808 sunt,
2423 3720 2663 3793 Latini
2700 3720 2935 3793 decem
2981 3720 3391 3811 etamplius
3446 3725 3717 3795 tenent.
3776 3726 3990 3797 Scan-

891 3840 1227 3914 dalisavit
1277 3841 1395 3914 hic
1449 3861 1675 3913 sermo
1728 3840 2096 3912 Ruthenos
2150 3839 2449 3931 populos
2502 3838 2649 3910 ritu
2712 3838 3029 3911 viventes
3086 3838 3537 3926 Graecorum,
3598 3845 3673 3913 et
3725 3842 3805 3913 in
3842 3844 3991 3915 suis

889 3960 1326 4033 confirmavit
1380 3960 1763 4033 erroribus:
1821 3962 2105 4050 propter
2143 3958 2326 4050 quod
2366 3958 2626 4049 Regem
2665 3955 3191 4048 Sigismundum
3248 3962 3566 4030 sanctum
3617 3960 3987 4049 vocabant,

889 4079 1368 4165 deducentem,
1425 4078 1630 4150 fidem
1668 4077 2085 4151 Graecorum
2125 4096 2280 4149 esse
2314 4076 2890 4167 praestantiorem
2944 4095 3150 4165 quam
3188 4075 3639 4163 Latinorum3
3698 4084 3989 4170 eratque

891 4195 964 4268 in
1021 4216 1136 4267 ore
1190 4196 1500 4267 omnium
1555 4216 1636 4269 ac
1691 4216 2004 4268 sermone
2040 4194 2560 4281 Ruthenorum,
2620 4192 3111 4285 Sigismundus
3155 4194 3346 4281 Rex,
3404 4194 3703 4267 summis
3758 4197 3987 4269 landi-

887 4315 1020 4386 bus
1073 4314 1279 4386 illum
1335 4312 1800 4399 efferentium,
1869 4314 2052 4403 quod
2120 4311 2539 4385 Graecorum
2602 4312 2818 4384 ritum
2873 4310 3393 4401 propensiorem
3458 4332 3671 4403 quam
3728 4314 3985 4387 Roma·

887 4454 1057 4503 num
1117 4431 1524 4503 iudicasset.
1606 4432 1777 4505 Cum
1841 4430 2140 4521 denique
2216 4429 2617 4516 Franciam,
2683 4427 3047 4520 Angliam,
3115 4429 3599 4517 Almanniam,
3668 4434 3983 4521 Italiam,

887 4549 1328 4637 Bohemiam,
1367 4550 1802 4641 Hungariam
1859 4555 1929 4621 et
1965 4548 2185 4619 totius
2222 4567 2397 4637 pene
2435 4546 2829 4619 Occidentis
2865 4551 3099 4636 partes
3138 4546 3605 4620 seditionibus
3660 4556 3735 4623 et
3770 4552 3983 4625 bellis

886 4668 1320 4760 implicasset
1373 4666 1808 4758 asperrimi8‚
1870 4665 2193 4739 felicitati
2258 4664 2470 4737 etiam
2536 4664 2955 4737 Polonorum
3020 4668 3091 4737 et
3144 4664 3369 4755 quieti
3424 4665 3789 4757 invidens,
3848 4671 3979 4742 Re-

884 4807 1237 4879 gnumque
1291 4787 1524 4877 ipsum
1560 4784 1897 4857 Poloniae
1952 4803 2204 4874 magna
2240 4782 2505 4855 virtute
2560 4802 2863 4855 crescere
2916 4786 2987 4855 et
3024 4782 3445 4856 amoenitate
3480 4784 3679 4875 pacis
3736 4788 3979 4859 florere

887 4903 1162 4992 dolens,
1219 4904 1528 4977 invidiae
1581 4907 1814 4975 motus
1854 4900 2200 4988 stimulis,
2259 4905 2463 4972 atrox
2500 4899 2883 4972 incanduit.
2938 4900 3031 4971 Et
3068 4900 3235 4990 quia
3288 4920 3637 4973 armorum
3694 4924 3980 4976 suorum

887 5024 1156 5115 fragore
1210 5022 1392 5093 illud
1447 5021 1728 5094 turbare
1779 5041 1918 5091 non
1957 5018 2219 5106 valuit,
2276 5018 2532 5091 callida
2570 5017 2881 5108 quotidie
2926 5018 3397 5090 meditabatur
3452 5024 3523 5091 et
3558 5022 3980 5112 exquirebat

892 5140 1221 5227 consilia,
1279 5145 1624 5231 qnatenus
1678 5139 2000 5231 Regnum
2047 5139 2436 5229 praefatum
2482 5135 2691 5209 bellis
2746 5135 3137 5207 involveret
3180 5135 3515 5207 civilibus
3571 5142 3645 5208 et
3698 5139 3973 5211 clande-

1107 5390 1152 5475 ¹)
1198 5391 1384 5450 coacti
1428 5395 1566 5451 sunt
1611 5386 1764 5454 Cod.
1809 5387 2000 5452 Rozr.
2051 5386 2106 5469 ⁹)
2148 5405 2495 5463 responsum
2539 5392 2631 5447 est
2684 5382 2836 5447 cod.
2868 5383 3060 5447 Rozr.
