4342 6384
390 580 522 681 (Α.
550 582 652 671 D.
695 580 926 680 1410.)
1563 604 1790 665 mann
1841 602 2301 657 causamve.
3390 585 3487 657 89

387 810 654 877 rumor,
711 790 1169 880 obsessosque
1223 808 1474 880 magna
1525 787 1890 861 hilaritate
1945 789 2215 861 refecit.
2274 787 2563 861 Veneris
2602 788 2853 879 itaque·
2878 786 2989 860 die
3026 792 3189 860 ante
3228 790 3487 861 festum

392 908 631 981 Sancti
685 908 993 981 Mathaei
1047 908 1399 999 proxima,
1457 907 1724 981 decima
1789 888 1972 981 nona
2031 908 2494 999 Septembris,
2552 908 3138 982 Pruthenicorum
3178 908 3487 981 militum

393 1034 462 1100 et
515 1027 778 1100 civium
830 1025 998 1099 utili
1052 1031 1123 1099 et
1178 1027 1445 1099 salubri
1497 1027 2002 1118 necquicquam
2065 1028 2445 1101 deterritus
2510 1027 2841 1116 consilio,
2908 1028 3193 1100 stativis
3248 1028 3482 1101 iucen-

393 1146 523 1235 siS,
581 1168 670 1219 ex
723 1147 950 1219 medio
1004 1147 1270 1239 gloriae
1333 1147 1594 1237 spatie,
1661 1146 2021 1221 obsidione
2077 1149 2313 1219 soluta
2365 1146 2695 1233 discedit,
2765 1147 2939 1219 victi
2994 1148 3217 1240 magis
3273 1170 3483 1240 quam

391 1265 679 1339 victoris
736 1266 810 1338 in
861 1269 1164 1357 patriam
1218 1267 1525 1340 referens
1580 1268 1902 1339 formam:
1972 1268 2156 1358 quod
2211 1272 2281 1340 et
2332 1265 2448 1341 illi
2502 1268 2577 1338 iu
2631 1266 3081 1339 discessionis
3148 1288 3315 1339 suae
3371 1288 3479 1339 ara

388 1386 606 1459 ticulo
659 1385 970 1459 infausto
1029 1386 1256 1458 omine
1310 1389 1775 1458 monstratum
1831 1391 1960 1459 est.
2021 1389 2203 1458 Dum
2252 1386 2597 1477 siquidem
2644 1386 2826 1477 Regi
2864 1406 3085 1477 equus
3124 1408 3295 1459 suus
3334 1385 3485 1460 Czi-

391 1526 613 1597 szawy
651 1506 731 1595 ¹),
789 1504 904 1578 cui
949 1505 1316 1579 conflictus
1352 1506 1592 1597 magni
1629 1510 1936 1597 tempore
1972 1505 2356 1593 insederat,
2414 1505 2783 1579 duceretur
2819 1505 2907 1576 ad
2945 1505 3483 1593 ascendendum,

392 1629 460 1697 et
513 1645 761 1698 sonoro
817 1626 1150 1713 clamore,
1219 1625 1516 1716 pedibus
1581 1632 1836 1698 terram
1891 1626 2247 1717 scalpens,
2310 1625 2655 1713 hinniret,
2712 1629 2987 1717 strepae
3044 1626 3184 1697 iam
3238 1626 3488 1717 pedem

392 1745 577 1836 Rege
631 1744 1006 1833 inferente,
1066 1745 1299 1818 subito
1355 1745 1609 1818 cadens
1665 1745 2024 1817 extinctus
2083 1750 2222 1817 est:
2281 1745 2527 1817 mortis
2567 1766 2733 1819 suae
2770 1747 2911 1819 fato
2950 1746 3300 1831 indicam,
3362 1766 3489 1836 per

392 1884 738 1937 recessum
791 1864 1062 1957 regium
1117 1886 1158 1935 a
1213 1864 1426 1936 castri
1490 1846 2130 1957 Marienburgensis
2198 1864 2591 1954 obsidione,
2658 1867 2880 1938 laetas
2946 1887 3057 1938 res
3114 1870 3183 1937 et
3238 1886 3482 1937 secun-

391 1984 546 2071 daS,
606 1982 863 2075 quibus
916 1984 1258 2055 hactenus
1311 1984 1469 2056 Rex
1522 2005 1694 2055 usus
1756 1984 2014 2073 fuerat,
2073 2004 2440 2057 occasuras
2489 1986 2633 2057 fore
2670 1985 3014 2076 portendi.
3072 1984 3350 2057 Certum
3392 1984 3484 2055 si-

395 2102 676 2194 quidem
704 2135 708 2139 -
733 2106 913 2191 erat,
979 2103 1119 2175 imo
1176 2102 1680 2191 certissimum,
1755 2107 2064 2178 castrum
2131 2104 2579 2196 Marienburg
2608 2103 2671 2193 2)
2735 2104 2945 2176 unius
3009 2104 3488 2175 tantummodo

391 2222 646 2296 mensis
710 2222 939 2314 spatio
1005 2226 1285 2310 exacte,
1361 2222 1434 2294 in
1495 2226 1916 2314 potestatem
1977 2224 2202 2316 'Regis
2268 2228 2672 2297 venturum:
2748 2245 2902 2295 cum
2978 2222 3247 2296 obsessi
3302 2243 3483 2294 com-

393 2347 654 2431 meatu,
711 2342 958 2415 multis
1013 2342 1216 2415 annis
1271 2341 1345 2413 in
1402 2362 1551 2414 eam
1605 2363 1750 2415 rem
1806 2349 2234 2434 comparato,
2293 2343 2689 2430 deficiente,
2748 2342 3071 2415 mandere
3127 2341 3483 2433 siliginem

392 2467 652 2534 coctam
709 2466 1138 2554 cogerentur.
1199 2461 1347 2553 Quo
1403 2461 1556 2535 cibo
1612 2482 1900 2553 corpora
1951 2464 2255 2535 humana
2307 2462 2569 2535 infecta
2613 2462 2791 2535 etin
2829 2462 3267 2553 dysenteriae
3305 2482 3483 2532 mor-

391 2581 554 2653 bum
607 2602 842 2669 versa,
909 2586 1210 2655 atrocem
1265 2585 1565 2673 pestem,
1634 2601 1773 2673 qua
1824 2580 2116 2672 plurimi
2171 2581 2415 2653 dietim
2481 2582 3073 2674 extinguebantur
3128 2581 3483 2667 mortaleS,

389 2704 902 2774 contraxerant.
957 2700 1120 2773 Non
1174 2701 1490 2775 valentes
1545 2701 1784 2792 itaque
1838 2706 1983 2773 tam
2037 2701 2442 2791 pestiferam
2480 2703 2783 2791 perferre
2822 2703 3041 2789 luem,
3099 2700 3482 2773 Henricum

389 2822 470 2894 de
522 2821 806 2893 Plawen
861 2819 1500 2893 Commendatorem
1556 2820 1822 2912 singuli
1877 2820 2335 2908 conveniunt,
2395 2821 2881 2912 angustiisque
2921 2818 3069 2893 suis
3108 2819 3479 2911 expositiS,

387 2961 522 3012 non
580 2962 654 3013 se
707 2938 1008 3013 ulterius
1066 2939 1448 3012 obsidionis
1505 2939 1864 3014 molestias
1921 2942 2208 3031 propter
2261 2939 2692 3013 imminentis
2747 2938 3026 3027 mortiS,
3086 2960 3263 3030 quae
3308 2939 3483 3011 illos

391 3059 648 3132 sensim
705 3058 1085 3146 consumit,
1151 3059 1573 3149 pericnlum,
1642 3059 2097 3145 toleraturOS,
2167 3060 2287 3131 sed
2344 3063 2572 3133 castro
2629 3079 3037 3133 excessuros
3094 3058 3473 3131 declarant.

387 3179 536 3269 Qua
571 3177 1098 3252 denuntiatione
1145 3178 1495 3251 Henricus
1533 3178 2063 3252 commendator
2097 3180 2548 3270 perterritus,
2607 3180 2877 3271 aliquot
2914 3199 3277 3251 aureorum
3320 3179 3477 3251 mil-

387 3297 483 3371 lia
537 3299 724 3371 inter
777 3297 1096 3370 obsessos
1150 3298 1488 3390 partitur,
1560 3298 2071 3371 instantissime
2127 3298 2541 3391 deprecans:
2609 3302 2958 3390 quatenus
3023 3298 3269 3370 diebus
3326 3302 3480 3370 tan-

384 3418 740 3489 tummodo
797 3417 1194 3509 quindecim
1247 3417 1680 3489 obsidionem
1736 3418 1998 3490 ferrent
2012 3440 2029 3505 ;
2087 3439 2161 3490 se
2216 3418 2567 3491 avisatum
2624 3422 2694 3490 et
2746 3422 3014 3490 certum
3072 3418 3215 3491 fore
3261 3417 3482 3489 disse-

380 3557 574 3625 rens,
641 3536 977 3610 Poloniae
1031 3537 1293 3629 Regem
1348 3536 1433 3609 ab
1491 3536 1848 3609 obsidione
1910 3537 2311 3629 propediem
2364 3556 2823 3610 recessurum.
2895 3536 3029 3627 Qui
3084 3542 3225 3608 tam
3280 3555 3485 3628 prece

388 3676 597 3747 quam
627 3654 690 3745 ³)
743 3656 970 3748 pretio
1023 3656 1440 3748 permolliti,
1509 3656 1859 3729 sustinere
1925 3658 2205 3748 quidem
2272 3656 2700 3729 obsidionem
2758 3654 3005 3728 diebus
3061 3655 3481 3745 quindecim,

383 3796 472 3847 ea
520 3775 916 3848 conditione
969 3775 1368 3863 interiecta,
1425 3780 1506 3847 ut
1559 3776 1716 3849 illis
1765 3776 2019 3866 lapsis,
2075 3781 2391 3867 potestas
2462 3776 2687 3849 omnis
2753 3775 2939 3866 apud
3003 3774 3195 3845 illos.
3224 3774 3309 3847 de
3344 3790 3477 3847 'ca-

381 3898 530 3966 stro
585 3893 916 3969 Poloniae
953 3893 1136 3987 Regi
1171 3893 1513 3981 dedend0,
1571 3894 2022 3982 consisteret,
2078 3894 2556 3985 paciscuntur.
2614 3896 3013 3984 Antequam
3068 3893 3290 3985 igitur
3331 3894 3482 3967 dies

381 4013 499 4085 illi
553 4012 950 4105 quindecim
997 4014 1184 4105 lapsi
1221 4015 1476 4103 forent,
1535 4013 1976 4087 Wladislans
2014 4014 2347 4087 Poloniae
2384 4015 2573 4101 Rex,
2632 4014 3205 4086 dissuadentibus
3246 4018 3317 4085 et
3354 4013 3479 4084 im-

377 4133 842 4223 probantibus
914 4133 1349 4207 fidelissimis
1421 4132 1876 4221 consiliariiS,
1956 4137 2026 4205 et
2089 4133 2597 4207 dissuasionem
2660 4134 2859 4205 illam
2922 4133 3190 4225 gemitu
3246 4138 3317 4204 et
3372 4134 3471 4205 la-

381 4253 626 4326 crimis
699 4253 1320 4345 prosequentibus,
1395 4254 1754 4341 discessit,
1830 4259 1900 4325 et
1953 4252 2405 4325 victoriarum
2464 4273 2745 4325 suarum
2802 4252 3261 4343 sempiternos
3309 4252 3479 4323 titu-

376 4372 496 4443 los
545 4377 689 4445 tam
745 4372 939 4445 facili
996 4376 1066 4445 et
1120 4372 1366 4445 merito
1422 4372 1900 4465 deplangendo
1955 4373 2271 4445 discessu
2300 4373 2363 4462 ⁴)
2422 4373 2749 4447 fuscavit.
2809 4372 2951 4445 Ubi
2990 4377 3140 4443 tum
3180 4371 3482 4462 primum

375 4490 468 4563 ad
524 4491 873 4583 liquidum
947 4492 1304 4583 apparuit,
1379 4491 1687 4564 nescisse
1757 4491 2021 4583 Regem
2091 4496 2253 4583 post
2324 4493 2683 4565 conflictos
2756 4494 2993 4566 hostes
3058 4490 3357 4563 victoria
3412 4496 3483 4563 et

374 4614 686 4701 tempore
751 4611 896 4683 uti:
962 4612 1187 4682 multa
1255 4611 1438 4683 enim
1503 4610 1928 4683 execrabilia
1991 4615 2062 4683 et
2116 4611 2451 4702 pestifera
2512 4612 2699 4684 bella
2760 4632 3078 4684 recessus
3146 4607 3273 4683 ille
3323 4630 3479 4702 per-

371 4728 608 4801 duxit.
667 4730 988 4802 Andreas
1043 4730 1127 4802 de
1184 4730 1538 4802 Thanczin
1594 4731 2021 4803 castellanus
2077 4730 2538 4822 Voynicensis
2587 4730 3037 4805 discessionis
3073 4730 3481 4803 huiusmodi

368 4847 756 4939 primarius
805 4848 1323 4941 ‚prohibebatur
1385 4851 1660 4923 author.
1737 4850 1870 4941 Qui
1933 4871 2091 4922 cum
2155 4850 2342 4923 inter
2406 4850 2749 4923 militares
2813 4851 3278 4943 vulgaresque
3340 4871 3479 4921 non

367 4968 712 5041 mediocri
771 4968 1160 5043 autoritate
1223 4970 1555 5060 polleret,
1624 4969 1828 5043 facile
1897 4969 2361 5060 plurimorum
2428 4992 2514 5043 ex
2579 4968 3076 5043 communitate
3142 4970 3475 5057 militum,

367 5085 741 5181 coniuges,
800 5088 1038 5161 domos
1093 5092 1164 5161 et
1215 5088 1508 5183 pignora
1561 5088 1874 5162 revidere
1936 5088 2425 5181 gestientium,
2494 5088 2761 5161 animos
2808 5089 2903 5183 ⁴ad
2952 5088 3475 5177 discedendum,

367 5458 429 5527 C
593 5360 634 5439 ¹)
679 5362 958 5439 Giszawy
1010 5360 1136 5423 Ed.
1183 5346 1365 5444 Lips.
1429 5360 1478 5441 ²)
1529 5362 2050 5437 Matienburgense
2105 5359 2233 5423 Ed.
2288 5359 2469 5445 Lips.
2534 5360 2587 5441 ³)
2648 5367 2708 5422 et
2764 5358 2890 5424 Ed.
2952 5358 3114 5443 Lips
3195 5358 3251 5440 ⁴)
3308 5361 3479 5421 titulo

424 5459 540 5524 od.
585 5460 773 5527 Rozr.
1695 5464 1708 5475 ⁹

419 5615 470 5657 ,1.
502 5614 692 5665 magon.
721 5616 895 5656 umor.
923 5614 1081 5655 nolon.
1109 5613 1159 5654 r.
1189 5614 1268 5655 rv.
2602 5600 2607 5603 '
3065 5595 3133 5648 12
