<?xml version="1.0" encoding="UTF-8"?>
<!DOCTYPE html PUBLIC "-//W3C//DTD XHTML 1.0 Transitional//EN"
    "http://www.w3.org/TR/xhtml1/DTD/xhtml1-transitional.dtd">
<html xmlns="http://www.w3.org/1999/xhtml" xml:lang="en" lang="en">
 <head>
  <title>
</title>
<meta http-equiv="Content-Type" content="text/html;charset=utf-8" />
  <meta name='ocr-system' content='tesseract 3.04.00' />
  <meta name='ocr-capabilities' content='ocr_page ocr_carea ocr_par ocr_line ocrx_word'/>
</head>
<body>
  <div class='ocr_page' id='page_1' title='image "./dzieawszystkie00unkngoog_0351.png"; bbox 0 0 4342 6384; ppageno 0'>
   <div class='ocr_carea' id='block_1_1' title="bbox 814 553 3902 658">
    <p class='ocr_par' dir='ltr' id='par_1_1' title="bbox 814 553 3902 658">
     <span class='ocr_line' id='line_1_1' title="bbox 814 553 3902 658; baseline 0.001 -26"><span class='ocrx_word' id='word_1_1' title='bbox 814 553 967 633; x_wconf 84' lang='lat'>340</span> <span class='ocrx_word' id='word_1_2' title='bbox 1988 580 2214 633; x_wconf 70' lang='lat' dir='ltr'>unna</span> <span class='ocrx_word' id='word_1_3' title='bbox 2266 579 2724 632; x_wconf 66' lang='lat' dir='ltr'>monemus,</span> <span class='ocrx_word' id='word_1_4' title='bbox 3347 557 3480 657; x_wconf 91' lang='grc' dir='ltr'>(Α.</span> <span class='ocrx_word' id='word_1_5' title='bbox 3519 558 3610 634; x_wconf 84' lang='lat' dir='ltr'>D.</span> <span class='ocrx_word' id='word_1_6' title='bbox 3650 557 3902 658; x_wconf 71' lang='lat'>1420.)</span> 
     </span>
    </p>
   </div>
   <div class='ocr_carea' id='block_1_2' title="bbox 806 763 3904 2414">
    <p class='ocr_par' dir='ltr' id='par_1_2' title="bbox 806 763 3904 2414">
     <span class='ocr_line' id='line_1_2' title="bbox 808 763 3899 858; baseline 0.001 -22"><span class='ocrx_word' id='word_1_7' title='bbox 808 764 1185 858; x_wconf 80' lang='lat' dir='ltr'><strong>legationis</strong></span> <span class='ocrx_word' id='word_1_8' title='bbox 1240 765 1601 857; x_wconf 88' lang='lat' dir='ltr'>princeps,</span> <span class='ocrx_word' id='word_1_9' title='bbox 1680 785 1853 836; x_wconf 89' lang='lat' dir='ltr'>usus</span> <span class='ocrx_word' id='word_1_10' title='bbox 1919 768 2060 851; x_wconf 91' lang='lat' dir='ltr'>est,</span> <span class='ocrx_word' id='word_1_11' title='bbox 2128 768 2200 836; x_wconf 91' lang='lat' dir='ltr'>et</span> <span class='ocrx_word' id='word_1_12' title='bbox 2252 763 2474 851; x_wconf 89' lang='lat' dir='ltr'>dulci,</span> <span class='ocrx_word' id='word_1_13' title='bbox 2543 763 2993 855; x_wconf 88' lang='lat' dir='ltr'>modestoque</span> <span class='ocrx_word' id='word_1_14' title='bbox 3057 785 3138 838; x_wconf 88' lang='lat' dir='ltr'>ac</span> <span class='ocrx_word' id='word_1_15' title='bbox 3199 765 3496 839; x_wconf 88' lang='lat' dir='ltr'>facundo</span> <span class='ocrx_word' id='word_1_16' title='bbox 3561 785 3899 853; x_wconf 88' lang='lat' dir='ltr'>sermone,</span> 
     </span>
     <span class='ocr_line' id='line_1_3' title="bbox 810 883 3899 977; baseline -0 -18"><span class='ocrx_word' id='word_1_17' title='bbox 810 885 933 977; x_wconf 86' lang='lat' dir='ltr'>qui</span> <span class='ocrx_word' id='word_1_18' title='bbox 990 885 1055 958; x_wconf 90' lang='lat' dir='ltr'>ei</span> <span class='ocrx_word' id='word_1_19' title='bbox 1111 884 1451 972; x_wconf 88' lang='lat' dir='ltr'>naturali,</span> <span class='ocrx_word' id='word_1_20' title='bbox 1508 883 1955 977; x_wconf 74' lang='lat' dir='ltr'>gratuitoque</span> <span class='ocrx_word' id='word_1_21' title='bbox 2008 884 2186 955; x_wconf 92' lang='lat' dir='ltr'>dono</span> <span class='ocrx_word' id='word_1_22' title='bbox 2245 883 2490 972; x_wconf 86' lang='lat' dir='ltr'>inerat,</span> <span class='ocrx_word' id='word_1_23' title='bbox 2549 884 2822 959; x_wconf 83' lang='lat' dir='ltr'>cunctis</span> <span class='ocrx_word' id='word_1_24' title='bbox 2875 884 2998 976; x_wconf 88' lang='lat' dir='ltr'>qui</span> <span class='ocrx_word' id='word_1_25' title='bbox 3051 884 3464 972; x_wconf 78' lang='lat' dir='ltr'>audiebant,</span> <span class='ocrx_word' id='word_1_26' title='bbox 3531 885 3604 959; x_wconf 88' lang='lat' dir='ltr'>in</span> <span class='ocrx_word' id='word_1_27' title='bbox 3659 889 3899 977; x_wconf 88' lang='lat' dir='ltr'>stupo-</span> 
     </span>
     <span class='ocr_line' id='line_1_4' title="bbox 806 1003 3899 1094; baseline 0 -17"><span class='ocrx_word' id='word_1_28' title='bbox 806 1026 953 1080; x_wconf 86' lang='lat' dir='ltr'>rem</span> <span class='ocrx_word' id='word_1_29' title='bbox 1020 1011 1161 1078; x_wconf 89' lang='lat' dir='ltr'>tam</span> <span class='ocrx_word' id='word_1_30' title='bbox 1216 1004 1445 1076; x_wconf 86' lang='lat' dir='ltr'>limati</span> <span class='ocrx_word' id='word_1_31' title='bbox 1501 1003 1865 1090; x_wconf 89' lang='lat' dir='ltr'>sermonis,</span> <span class='ocrx_word' id='word_1_32' title='bbox 1924 1003 2248 1076; x_wconf 74' lang='lat' dir='ltr'>certatim</span> <span class='ocrx_word' id='word_1_33' title='bbox 2305 1003 2511 1076; x_wconf 88' lang='lat' dir='ltr'>illum</span> <span class='ocrx_word' id='word_1_34' title='bbox 2567 1003 3054 1094; x_wconf 79' lang='lat' dir='ltr'>laudantibuS,</span> <span class='ocrx_word' id='word_1_35' title='bbox 3111 1005 3503 1093; x_wconf 84' lang='lat' dir='ltr'>conversis,</span> <span class='ocrx_word' id='word_1_36' title='bbox 3571 1005 3753 1078; x_wconf 88' lang='lat' dir='ltr'>nihil</span> <span class='ocrx_word' id='word_1_37' title='bbox 3805 1005 3899 1078; x_wconf 90' lang='lat' dir='ltr'>si-</span> 
     </span>
     <span class='ocr_line' id='line_1_5' title="bbox 814 1122 3904 1216; baseline 0.001 -20"><span class='ocrx_word' id='word_1_38' title='bbox 814 1127 957 1198; x_wconf 92' lang='lat' dir='ltr'>lere</span> <span class='ocrx_word' id='word_1_39' title='bbox 1012 1125 1095 1198; x_wconf 92' lang='lat' dir='ltr'>de</span> <span class='ocrx_word' id='word_1_40' title='bbox 1148 1123 1295 1212; x_wconf 82' lang='lat' dir='ltr'>hie,</span> <span class='ocrx_word' id='word_1_41' title='bbox 1352 1143 1531 1215; x_wconf 87' lang='lat' dir='ltr'>quae</span> <span class='ocrx_word' id='word_1_42' title='bbox 1586 1123 1724 1197; x_wconf 91' lang='lat' dir='ltr'>sibi</span> <span class='ocrx_word' id='word_1_43' title='bbox 1778 1129 1848 1196; x_wconf 93' lang='lat' dir='ltr'>et</span> <span class='ocrx_word' id='word_1_44' title='bbox 1902 1122 2051 1196; x_wconf 88' lang='lat' dir='ltr'>suis</span> <span class='ocrx_word' id='word_1_45' title='bbox 2106 1123 2399 1216; x_wconf 87' lang='lat' dir='ltr'>collegis</span> <span class='ocrx_word' id='word_1_46' title='bbox 2457 1127 2656 1197; x_wconf 86' lang='lat' dir='ltr'>erant</span> <span class='ocrx_word' id='word_1_47' title='bbox 2709 1124 3072 1215; x_wconf 89' lang='lat' dir='ltr'>imposita,</span> <span class='ocrx_word' id='word_1_48' title='bbox 3131 1124 3392 1212; x_wconf 89' lang='lat' dir='ltr'>omisit,</span> <span class='ocrx_word' id='word_1_49' title='bbox 3449 1125 3617 1198; x_wconf 86' lang='lat' dir='ltr'>adeo</span> <span class='ocrx_word' id='word_1_50' title='bbox 3655 1125 3904 1198; x_wconf 82' lang='lat' dir='ltr'>audaci</span> 
     </span>
     <span class='ocr_line' id='line_1_6' title="bbox 816 1243 3899 1337; baseline -0 -20"><span class='ocrx_word' id='word_1_51' title='bbox 816 1251 885 1317; x_wconf 91' lang='lat' dir='ltr'>et</span> <span class='ocrx_word' id='word_1_52' title='bbox 940 1245 1293 1318; x_wconf 82' lang='lat' dir='ltr'>constanti</span> <span class='ocrx_word' id='word_1_53' title='bbox 1354 1243 1555 1318; x_wconf 90' lang='lat' dir='ltr'>corde</span> <span class='ocrx_word' id='word_1_54' title='bbox 1622 1245 2018 1334; x_wconf 85' lang='lat' dir='ltr'>frequenter</span> <span class='ocrx_word' id='word_1_55' title='bbox 2083 1244 2568 1316; x_wconf 83' lang='lat' dir='ltr'>Alexandrum</span> <span class='ocrx_word' id='word_1_56' title='bbox 2637 1244 3108 1318; x_wconf 86' lang='lat' dir='ltr'>Withawdum</span> <span class='ocrx_word' id='word_1_57' title='bbox 3175 1246 3436 1318; x_wconf 87' lang='lat' dir='ltr'>Ducem</span> <span class='ocrx_word' id='word_1_58' title='bbox 3501 1243 3899 1337; x_wconf 86' lang='lat' dir='ltr'>obiurgans,</span> 
     </span>
     <span class='ocr_line' id='line_1_7' title="bbox 811 1363 3900 1456; baseline -0.001 -18"><span class='ocrx_word' id='word_1_59' title='bbox 811 1364 1192 1456; x_wconf 84' lang='lat' dir='ltr'>corripiens</span> <span class='ocrx_word' id='word_1_60' title='bbox 1258 1369 1469 1454; x_wconf 86' lang='lat' dir='ltr'>atque</span> <span class='ocrx_word' id='word_1_61' title='bbox 1532 1384 1854 1455; x_wconf 77' lang='lat' dir='ltr'>carpenS,</span> <span class='ocrx_word' id='word_1_62' title='bbox 1922 1367 2003 1436; x_wconf 86' lang='lat' dir='ltr'>ut</span> <span class='ocrx_word' id='word_1_63' title='bbox 2056 1365 2220 1436; x_wconf 88' lang='lat' dir='ltr'>Dux</span> <span class='ocrx_word' id='word_1_64' title='bbox 2287 1364 2439 1455; x_wconf 90' lang='lat' dir='ltr'>ipse</span> <span class='ocrx_word' id='word_1_65' title='bbox 2501 1363 2716 1437; x_wconf 91' lang='lat' dir='ltr'>bilem</span> <span class='ocrx_word' id='word_1_66' title='bbox 2781 1363 3135 1438; x_wconf 84' lang='lat' dir='ltr'>continere</span> <span class='ocrx_word' id='word_1_67' title='bbox 3209 1363 3489 1455; x_wconf 88' lang='lat' dir='ltr'>saepius</span> <span class='ocrx_word' id='word_1_68' title='bbox 3543 1385 3900 1438; x_wconf 77' lang='lat' dir='ltr'>accensam</span> 
     </span>
     <span class='ocr_line' id='line_1_8' title="bbox 811 1483 3900 1576; baseline -0 -20"><span class='ocrx_word' id='word_1_69' title='bbox 811 1505 949 1557; x_wconf 91' lang='lat' dir='ltr'>non</span> <span class='ocrx_word' id='word_1_70' title='bbox 1002 1488 1265 1575; x_wconf 88' lang='lat' dir='ltr'>posset.</span> <span class='ocrx_word' id='word_1_71' title='bbox 1323 1483 1425 1556; x_wconf 91' lang='lat' dir='ltr'>Ut</span> <span class='ocrx_word' id='word_1_72' title='bbox 1461 1487 1694 1556; x_wconf 88' lang='lat' dir='ltr'>tamen</span> <span class='ocrx_word' id='word_1_73' title='bbox 1732 1489 1883 1556; x_wconf 89' lang='lat' dir='ltr'>erat</span> <span class='ocrx_word' id='word_1_74' title='bbox 1918 1483 2028 1556; x_wconf 87' lang='lat' dir='ltr'>vir</span> <span class='ocrx_word' id='word_1_75' title='bbox 2064 1483 2331 1576; x_wconf 87' lang='lat' dir='ltr'>ingenii</span> <span class='ocrx_word' id='word_1_76' title='bbox 2369 1484 2649 1558; x_wconf 84' lang='lat' dir='ltr'>solertis</span> <span class='ocrx_word' id='word_1_77' title='bbox 2705 1489 2774 1557; x_wconf 89' lang='lat' dir='ltr'>et</span> <span class='ocrx_word' id='word_1_78' title='bbox 2809 1484 3100 1572; x_wconf 88' lang='lat' dir='ltr'>maturi,</span> <span class='ocrx_word' id='word_1_79' title='bbox 3159 1484 3438 1557; x_wconf 82' lang='lat' dir='ltr'>cholera</span> <span class='ocrx_word' id='word_1_80' title='bbox 3483 1504 3900 1574; x_wconf 87' lang='lat' dir='ltr'>compressa,</span> 
     </span>
     <span class='ocr_line' id='line_1_9' title="bbox 811 1602 3902 1695; baseline -0 -18"><span class='ocrx_word' id='word_1_81' title='bbox 811 1605 898 1678; x_wconf 89' lang='lat' dir='ltr'>ad</span> <span class='ocrx_word' id='word_1_82' title='bbox 952 1603 1185 1677; x_wconf 90' lang='lat' dir='ltr'>omnia</span> <span class='ocrx_word' id='word_1_83' title='bbox 1238 1605 1547 1676; x_wconf 86' lang='lat' dir='ltr'>modeste</span> <span class='ocrx_word' id='word_1_84' title='bbox 1600 1603 1992 1694; x_wconf 89' lang='lat' dir='ltr'>respondit,</span> <span class='ocrx_word' id='word_1_85' title='bbox 2050 1609 2119 1676; x_wconf 93' lang='lat' dir='ltr'>et</span> <span class='ocrx_word' id='word_1_86' title='bbox 2175 1602 2480 1695; x_wconf 90' lang='lat' dir='ltr'>singulis</span> <span class='ocrx_word' id='word_1_87' title='bbox 2534 1603 2886 1695; x_wconf 80' lang='lat' dir='ltr'>capitibus</span> <span class='ocrx_word' id='word_1_88' title='bbox 2941 1625 3224 1678; x_wconf 89' lang='lat' dir='ltr'>suarum</span> <span class='ocrx_word' id='word_1_89' title='bbox 3286 1602 3902 1695; x_wconf 85' lang='lat' dir='ltr'>reprehensionum</span> 
     </span>
     <span class='ocr_line' id='line_1_10' title="bbox 811 1722 3904 1815; baseline -0.002 -15"><span class='ocrx_word' id='word_1_90' title='bbox 811 1728 1243 1800; x_wconf 87' lang='lat' dir='ltr'>mansuetam</span> <span class='ocrx_word' id='word_1_91' title='bbox 1298 1723 1603 1798; x_wconf 88' lang='lat' dir='ltr'>reddidit</span> <span class='ocrx_word' id='word_1_92' title='bbox 1654 1723 2208 1814; x_wconf 82' lang='lat' dir='ltr'>responsionem,</span> <span class='ocrx_word' id='word_1_93' title='bbox 2264 1723 2608 1815; x_wconf 87' lang='lat' dir='ltr'>pollicens</span> <span class='ocrx_word' id='word_1_94' title='bbox 2661 1723 3024 1811; x_wconf 84' lang='lat' dir='ltr'>universa,</span> <span class='ocrx_word' id='word_1_95' title='bbox 3081 1723 3338 1814; x_wconf 87' lang='lat' dir='ltr'>quibus</span> <span class='ocrx_word' id='word_1_96' title='bbox 3393 1722 3466 1794; x_wconf 89' lang='lat' dir='ltr'>in</span> <span class='ocrx_word' id='word_1_97' title='bbox 3522 1723 3780 1815; x_wconf 85' lang='lat' dir='ltr'>Regem</span> <span class='ocrx_word' id='word_1_98' title='bbox 3835 1726 3904 1796; x_wconf 90' lang='lat' dir='ltr'>et</span> 
     </span>
     <span class='ocr_line' id='line_1_11' title="bbox 812 1831 3904 1936; baseline -0.001 -20"><span class='ocrx_word' id='word_1_99' title='bbox 812 1845 1133 1936; x_wconf 87' lang='lat' dir='ltr'>Regnum</span> <span class='ocrx_word' id='word_1_100' title='bbox 1200 1841 1623 1933; x_wconf 85' lang='lat' dir='ltr'>deliquerat,</span> <span class='ocrx_word' id='word_1_101' title='bbox 1698 1842 1929 1915; x_wconf 87' lang='lat' dir='ltr'>studio</span> <span class='ocrx_word' id='word_1_102' title='bbox 1997 1843 2436 1934; x_wconf 85' lang='lat' dir='ltr'>propensiori</span> <span class='ocrx_word' id='word_1_103' title='bbox 2499 1865 2574 1916; x_wconf 91' lang='lat' dir='ltr'>se</span> <span class='ocrx_word' id='word_1_104' title='bbox 2647 1831 3208 1930; x_wconf 65' lang='lat' dir='ltr'>emendaturum</span> <span class='ocrx_word' id='word_1_105' title='bbox 3285 1840 3558 1915; x_wconf 84' lang='lat' dir='ltr'>nuntiis</span> <span class='ocrx_word' id='word_1_106' title='bbox 3629 1861 3904 1934; x_wconf 88' lang='lat' dir='ltr'>quoque</span> 
     </span>
     <span class='ocr_line' id='line_1_12' title="bbox 810 1960 3900 2053; baseline -0.001 -19"><span class='ocrx_word' id='word_1_107' title='bbox 810 1963 987 2053; x_wconf 87' lang='lat' dir='ltr'>ipsis</span> <span class='ocrx_word' id='word_1_108' title='bbox 1043 1963 1229 2053; x_wconf 89' lang='lat' dir='ltr'>apud</span> <span class='ocrx_word' id='word_1_109' title='bbox 1284 1983 1357 2035; x_wconf 90' lang='lat' dir='ltr'>se</span> <span class='ocrx_word' id='word_1_110' title='bbox 1411 1961 1683 2053; x_wconf 89' lang='lat' dir='ltr'>aliquot</span> <span class='ocrx_word' id='word_1_111' title='bbox 1738 1962 1983 2035; x_wconf 89' lang='lat' dir='ltr'>diebus</span> <span class='ocrx_word' id='word_1_112' title='bbox 2038 1963 2362 2036; x_wconf 86' lang='lat' dir='ltr'>tractatis</span> <span class='ocrx_word' id='word_1_113' title='bbox 2427 1968 2496 2036; x_wconf 87' lang='lat' dir='ltr'>et</span> <span class='ocrx_word' id='word_1_114' title='bbox 2551 1962 2718 2036; x_wconf 87' lang='lat' dir='ltr'>altis</span> <span class='ocrx_word' id='word_1_115' title='bbox 2773 1963 3131 2036; x_wconf 88' lang='lat' dir='ltr'>honoratis</span> <span class='ocrx_word' id='word_1_116' title='bbox 3197 1960 3636 2048; x_wconf 76' lang='lat' dir='ltr'>muneribuS,</span> <span class='ocrx_word' id='word_1_117' title='bbox 3706 1961 3900 2032; x_wconf 89' lang='lat' dir='ltr'>Wla-</span> 
     </span>
     <span class='ocr_line' id='line_1_13' title="bbox 814 2081 3901 2175; baseline -0.001 -21"><span class='ocrx_word' id='word_1_118' title='bbox 814 2081 1040 2154; x_wconf 88' lang='lat' dir='ltr'>dislao</span> <span class='ocrx_word' id='word_1_119' title='bbox 1094 2082 1430 2154; x_wconf 87' lang='lat' dir='ltr'>Poloniae</span> <span class='ocrx_word' id='word_1_120' title='bbox 1483 2081 1661 2174; x_wconf 86' lang='lat' dir='ltr'>Regi</span> <span class='ocrx_word' id='word_1_121' title='bbox 1730 2103 1857 2172; x_wconf 90' lang='lat' dir='ltr'>per</span> <span class='ocrx_word' id='word_1_122' title='bbox 1919 2081 2083 2154; x_wconf 92' lang='lat' dir='ltr'>illos</span> <span class='ocrx_word' id='word_1_123' title='bbox 2158 2083 2467 2175; x_wconf 91' lang='lat' dir='ltr'>quinque</span> <span class='ocrx_word' id='word_1_124' title='bbox 2531 2083 2760 2155; x_wconf 85' lang='lat' dir='ltr'>millia</span> <span class='ocrx_word' id='word_1_125' title='bbox 2823 2103 3210 2156; x_wconf 87' lang='lat' dir='ltr'>marcarum</span> <span class='ocrx_word' id='word_1_126' title='bbox 3273 2081 3576 2152; x_wconf 89' lang='lat' dir='ltr'>latorum</span> <span class='ocrx_word' id='word_1_127' title='bbox 3626 2101 3901 2172; x_wconf 90' lang='lat' dir='ltr'>grosso-</span> 
     </span>
     <span class='ocr_line' id='line_1_14' title="bbox 812 2200 3904 2293; baseline 0.001 -19"><span class='ocrx_word' id='word_1_128' title='bbox 812 2223 969 2274; x_wconf 89' lang='lat' dir='ltr'>rum</span> <span class='ocrx_word' id='word_1_129' title='bbox 1024 2201 1205 2274; x_wconf 92' lang='lat' dir='ltr'>dono</span> <span class='ocrx_word' id='word_1_130' title='bbox 1260 2200 1477 2276; x_wconf 87' lang='lat' dir='ltr'>misit.</span> <span class='ocrx_word' id='word_1_131' title='bbox 1536 2201 1647 2274; x_wconf 86' lang='lat' dir='ltr'>Ab</span> <span class='ocrx_word' id='word_1_132' title='bbox 1702 2222 1783 2274; x_wconf 92' lang='lat' dir='ltr'>eo</span> <span class='ocrx_word' id='word_1_133' title='bbox 1838 2223 2111 2292; x_wconf 88' lang='lat' dir='ltr'>quoque</span> <span class='ocrx_word' id='word_1_134' title='bbox 2168 2207 2474 2293; x_wconf 88' lang='lat' dir='ltr'>tempore</span> <span class='ocrx_word' id='word_1_135' title='bbox 2531 2202 3006 2276; x_wconf 89' lang='lat' dir='ltr'>molendinum</span> <span class='ocrx_word' id='word_1_136' title='bbox 3061 2201 3323 2278; x_wconf 77' lang='lat' dir='ltr'>Lubioz</span> <span class='ocrx_word' id='word_1_137' title='bbox 3387 2221 3476 2274; x_wconf 84' lang='lat' dir='ltr'>ex</span> <span class='ocrx_word' id='word_1_138' title='bbox 3531 2200 3904 2276; x_wconf 82' lang='lat' dir='ltr'>donatione</span> 
     </span>
     <span class='ocr_line' id='line_1_15' title="bbox 812 2320 2694 2414; baseline 0.002 -21"><span class='ocrx_word' id='word_1_139' title='bbox 812 2321 1028 2413; x_wconf 85' lang='lat' dir='ltr'>Regis</span> <span class='ocrx_word' id='word_1_140' title='bbox 1084 2321 1157 2394; x_wconf 93' lang='lat' dir='ltr'>in</span> <span class='ocrx_word' id='word_1_141' title='bbox 1212 2320 1547 2394; x_wconf 89' lang='lat' dir='ltr'>ditionem</span> <span class='ocrx_word' id='word_1_142' title='bbox 1602 2321 1935 2399; x_wconf 88' lang='lat' dir='ltr'>Prussiae</span> <span class='ocrx_word' id='word_1_143' title='bbox 1990 2320 2314 2414; x_wconf 80' lang='lat' dir='ltr'>Magistri</span> <span class='ocrx_word' id='word_1_144' title='bbox 2368 2322 2694 2396; x_wconf 84' lang='lat' dir='ltr'>redierat.</span> 
     </span>
    </p>
   </div>
   <div class='ocr_carea' id='block_1_3' title="bbox 1590 2683 3142 2758">
    <p class='ocr_par' dir='ltr' id='par_1_3' title="bbox 1590 2683 3142 2758">
     <span class='ocr_line' id='line_1_16' title="bbox 1590 2683 3142 2758; baseline 0 -2"><span class='ocrx_word' id='word_1_145' title='bbox 1590 2685 1835 2758; x_wconf 72' lang='lat' dir='ltr'>nonu</span> <span class='ocrx_word' id='word_1_146' title='bbox 1877 2685 2052 2758; x_wconf 79' lang='lat' dir='ltr'>inter</span> <span class='ocrx_word' id='word_1_147' title='bbox 2094 2683 2528 2758; x_wconf 64' lang='lat' dir='ltr'>muudum</span> <span class='ocrx_word' id='word_1_148' title='bbox 2573 2687 2646 2758; x_wconf 78' lang='lat' dir='ltr'>et</span> <span class='ocrx_word' id='word_1_149' title='bbox 2690 2683 3142 2758; x_wconf 75' lang='lat' dir='ltr'>Pskovienses.</span> 
     </span>
    </p>
   </div>
   <div class='ocr_carea' id='block_1_4' title="bbox 787 2917 3908 5047">
    <p class='ocr_par' dir='ltr' id='par_1_4' title="bbox 787 2917 3908 5047">
     <span class='ocr_line' id='line_1_17' title="bbox 1019 2917 3900 3013; baseline -0.001 -18"><span class='ocrx_word' id='word_1_150' title='bbox 1019 2923 1309 2995; x_wconf 80' lang='lat' dir='ltr'>Aestate</span> <span class='ocrx_word' id='word_1_151' title='bbox 1342 2922 1585 2994; x_wconf 89' lang='lat' dir='ltr'>eadem</span> <span class='ocrx_word' id='word_1_152' title='bbox 1630 2921 2033 2996; x_wconf 82' lang='lat' dir='ltr'>Alexander</span> <span class='ocrx_word' id='word_1_153' title='bbox 2088 2919 2532 2993; x_wconf 87' lang='lat' dir='ltr'>Withawdus</span> <span class='ocrx_word' id='word_1_154' title='bbox 2569 2920 2866 3013; x_wconf 85' lang='lat' dir='ltr'>Magnus</span> <span class='ocrx_word' id='word_1_155' title='bbox 2907 2921 2962 3010; x_wconf 87' lang='lat'>¹)</span> <span class='ocrx_word' id='word_1_156' title='bbox 3013 2920 3175 2992; x_wconf 89' lang='lat' dir='ltr'>Dux</span> <span class='ocrx_word' id='word_1_157' title='bbox 3213 2917 3668 3007; x_wconf 88' lang='lat' dir='ltr'>Lithuaniae,</span> <span class='ocrx_word' id='word_1_158' title='bbox 3703 2939 3900 3011; x_wconf 82' lang='lat' dir='ltr'>prae·</span> 
     </span>
     <span class='ocr_line' id='line_1_18' title="bbox 815 3033 3904 3134; baseline -0.001 -20"><span class='ocrx_word' id='word_1_159' title='bbox 815 3040 1025 3119; x_wconf 81' lang='lat' dir='ltr'>dictis</span> <span class='ocrx_word' id='word_1_160' title='bbox 1078 3040 1294 3134; x_wconf 89' lang='lat' dir='ltr'>regiis</span> <span class='ocrx_word' id='word_1_161' title='bbox 1348 3039 1623 3113; x_wconf 89' lang='lat' dir='ltr'>nuntiis</span> <span class='ocrx_word' id='word_1_162' title='bbox 1676 3040 1751 3114; x_wconf 89' lang='lat' dir='ltr'>in</span> <span class='ocrx_word' id='word_1_163' title='bbox 1805 3040 2169 3116; x_wconf 89' lang='lat' dir='ltr'>Poloniam</span> <span class='ocrx_word' id='word_1_164' title='bbox 2224 3039 2573 3128; x_wconf 90' lang='lat' dir='ltr'>remissis,</span> <span class='ocrx_word' id='word_1_165' title='bbox 2631 3039 3148 3132; x_wconf 86' lang='lat' dir='ltr'>expeditionem</span> <span class='ocrx_word' id='word_1_166' title='bbox 3203 3039 3278 3111; x_wconf 92' lang='lat' dir='ltr'>in</span> <span class='ocrx_word' id='word_1_167' title='bbox 3331 3033 3742 3130; x_wconf 81' lang='lat' dir='ltr'>Pskovitas‚</span> <span class='ocrx_word' id='word_1_168' title='bbox 3781 3039 3904 3130; x_wconf 89' lang='lat' dir='ltr'>qui</span> 
     </span>
     <span class='ocr_line' id='line_1_19' title="bbox 816 3157 3904 3254; baseline -0.001 -19"><span class='ocrx_word' id='word_1_169' title='bbox 816 3165 887 3236; x_wconf 90' lang='lat' dir='ltr'>et</span> <span class='ocrx_word' id='word_1_170' title='bbox 940 3159 1081 3252; x_wconf 89' lang='lat' dir='ltr'>ipsi</span> <span class='ocrx_word' id='word_1_171' title='bbox 1132 3181 1353 3254; x_wconf 89' lang='lat' dir='ltr'>genus</span> <span class='ocrx_word' id='word_1_172' title='bbox 1410 3164 1480 3234; x_wconf 91' lang='lat' dir='ltr'>et</span> <span class='ocrx_word' id='word_1_173' title='bbox 1533 3160 1971 3254; x_wconf 86' lang='lat' dir='ltr'>linguagium</span> <span class='ocrx_word' id='word_1_174' title='bbox 2026 3183 2067 3233; x_wconf 88' lang='lat' dir='ltr'>a</span> <span class='ocrx_word' id='word_1_175' title='bbox 2118 3160 2471 3234; x_wconf 86' lang='lat' dir='ltr'>Ruthenis</span> <span class='ocrx_word' id='word_1_176' title='bbox 2525 3159 2820 3249; x_wconf 84' lang='lat' dir='ltr'>ducunt,</span> <span class='ocrx_word' id='word_1_177' title='bbox 2877 3163 3102 3252; x_wconf 85' lang='lat' dir='ltr'>parat.</span> <span class='ocrx_word' id='word_1_178' title='bbox 3169 3158 3394 3230; x_wconf 82' lang='lat' dir='ltr'>Causa</span> <span class='ocrx_word' id='word_1_179' title='bbox 3445 3157 3618 3231; x_wconf 92' lang='lat' dir='ltr'>belli</span> <span class='ocrx_word' id='word_1_180' title='bbox 3671 3159 3904 3234; x_wconf 88' lang='lat' dir='ltr'>tenuis</span> 
     </span>
     <span class='ocr_line' id='line_1_20' title="bbox 817 3276 3905 3373; baseline -0.001 -19"><span class='ocrx_word' id='word_1_181' title='bbox 817 3286 888 3355; x_wconf 89' lang='lat' dir='ltr'>et</span> <span class='ocrx_word' id='word_1_182' title='bbox 946 3301 1123 3372; x_wconf 90' lang='lat' dir='ltr'>pene</span> <span class='ocrx_word' id='word_1_183' title='bbox 1188 3281 1387 3353; x_wconf 88' lang='lat' dir='ltr'>nulla</span> <span class='ocrx_word' id='word_1_184' title='bbox 1448 3279 1765 3369; x_wconf 88' lang='lat' dir='ltr'>suberat,</span> <span class='ocrx_word' id='word_1_185' title='bbox 1839 3281 2023 3373; x_wconf 86' lang='lat' dir='ltr'>quod</span> <span class='ocrx_word' id='word_1_186' title='bbox 2088 3279 2556 3354; x_wconf 85' lang='lat' dir='ltr'>Pskovienses</span> <span class='ocrx_word' id='word_1_187' title='bbox 2628 3279 2936 3354; x_wconf 87' lang='lat' dir='ltr'>limitare</span> <span class='ocrx_word' id='word_1_188' title='bbox 3011 3278 3320 3352; x_wconf 86' lang='lat' dir='ltr'>dominia</span> <span class='ocrx_word' id='word_1_189' title='bbox 3348 3276 3412 3368; x_wconf 67' lang='grc'>2)</span> <span class='ocrx_word' id='word_1_190' title='bbox 3481 3278 3905 3352; x_wconf 86' lang='lat' dir='ltr'>Lithuaniae</span> 
     </span>
     <span class='ocr_line' id='line_1_21' title="bbox 816 3397 3900 3493; baseline 0 -19"><span class='ocrx_word' id='word_1_191' title='bbox 816 3423 859 3474; x_wconf 89' lang='lat' dir='ltr'>a</span> <span class='ocrx_word' id='word_1_192' title='bbox 912 3399 1119 3474; x_wconf 87' lang='lat' dir='ltr'>terris</span> <span class='ocrx_word' id='word_1_193' title='bbox 1184 3399 1335 3472; x_wconf 89' lang='lat' dir='ltr'>suis</span> <span class='ocrx_word' id='word_1_194' title='bbox 1407 3403 1477 3473; x_wconf 92' lang='lat' dir='ltr'>et</span> <span class='ocrx_word' id='word_1_195' title='bbox 1536 3400 1750 3493; x_wconf 87' lang='lat' dir='ltr'>gades</span> <span class='ocrx_word' id='word_1_196' title='bbox 1812 3401 2294 3474; x_wconf 89' lang='lat' dir='ltr'>Alexandrum</span> <span class='ocrx_word' id='word_1_197' title='bbox 2357 3421 2610 3493; x_wconf 89' lang='lat' dir='ltr'>ponere</span> <span class='ocrx_word' id='word_1_198' title='bbox 2680 3421 2806 3491; x_wconf 89' lang='lat' dir='ltr'>pro</span> <span class='ocrx_word' id='word_1_199' title='bbox 2869 3397 3306 3491; x_wconf 88' lang='lat' dir='ltr'>beneplacito</span> <span class='ocrx_word' id='word_1_200' title='bbox 3363 3419 3502 3470; x_wconf 91' lang='lat' dir='ltr'>non</span> <span class='ocrx_word' id='word_1_201' title='bbox 3557 3399 3900 3474; x_wconf 86' lang='lat' dir='ltr'>sinebant.</span> 
     </span>
     <span class='ocr_line' id='line_1_22' title="bbox 816 3516 3904 3612; baseline -0.002 -16"><span class='ocrx_word' id='word_1_202' title='bbox 816 3523 1121 3596; x_wconf 88' lang='lat' dir='ltr'>Rumore</span> <span class='ocrx_word' id='word_1_203' title='bbox 1159 3525 1393 3594; x_wconf 88' lang='lat' dir='ltr'>autem</span> <span class='ocrx_word' id='word_1_204' title='bbox 1448 3524 1690 3594; x_wconf 89' lang='lat' dir='ltr'>contra</span> <span class='ocrx_word' id='word_1_205' title='bbox 1724 3520 1887 3594; x_wconf 91' lang='lat' dir='ltr'>illos</span> <span class='ocrx_word' id='word_1_206' title='bbox 1926 3541 2051 3612; x_wconf 88' lang='lat' dir='ltr'>per</span> <span class='ocrx_word' id='word_1_207' title='bbox 2086 3521 2562 3593; x_wconf 88' lang='lat' dir='ltr'>Withawdum</span> <span class='ocrx_word' id='word_1_208' title='bbox 2603 3518 2913 3612; x_wconf 88' lang='lat' dir='ltr'>suscepti</span> <span class='ocrx_word' id='word_1_209' title='bbox 2945 3516 3210 3608; x_wconf 75' lang='grc'>1161113)</span> <span class='ocrx_word' id='word_1_210' title='bbox 3259 3517 3652 3608; x_wconf 87' lang='lat' dir='ltr'>intellecto,</span> <span class='ocrx_word' id='word_1_211' title='bbox 3693 3518 3904 3592; x_wconf 85' lang='lat' dir='ltr'>etiam</span> 
     </span>
     <span class='ocr_line' id='line_1_23' title="bbox 816 3637 3906 3731; baseline -0.001 -17"><span class='ocrx_word' id='word_1_212' title='bbox 816 3646 889 3714; x_wconf 92' lang='lat' dir='ltr'>et</span> <span class='ocrx_word' id='word_1_213' title='bbox 942 3641 1122 3714; x_wconf 86' lang='lat' dir='ltr'>hanc</span> <span class='ocrx_word' id='word_1_214' title='bbox 1176 3661 1459 3714; x_wconf 84' lang='lat' dir='ltr'>causam</span> <span class='ocrx_word' id='word_1_215' title='bbox 1514 3639 1587 3712; x_wconf 89' lang='lat' dir='ltr'>in</span> <span class='ocrx_word' id='word_1_216' title='bbox 1626 3644 1851 3712; x_wconf 89' lang='lat' dir='ltr'>totum</span> <span class='ocrx_word' id='word_1_217' title='bbox 1905 3638 2330 3729; x_wconf 88' lang='lat' dir='ltr'>rescindere,</span> <span class='ocrx_word' id='word_1_218' title='bbox 2387 3640 2651 3713; x_wconf 89' lang='lat' dir='ltr'>bellum</span> <span class='ocrx_word' id='word_1_219' title='bbox 2686 3639 2951 3731; x_wconf 87' lang='lat' dir='ltr'>perosi,</span> <span class='ocrx_word' id='word_1_220' title='bbox 3008 3641 3282 3730; x_wconf 85' lang='lat' dir='ltr'>parant.</span> <span class='ocrx_word' id='word_1_221' title='bbox 3337 3637 3578 3712; x_wconf 81' lang='lat' dir='ltr'>Missis</span> <span class='ocrx_word' id='word_1_222' title='bbox 3633 3659 3906 3730; x_wconf 86' lang='lat' dir='ltr'>quoqne</span> 
     </span>
     <span class='ocr_line' id='line_1_24' title="bbox 816 3757 3902 3852; baseline -0.001 -20"><span class='ocrx_word' id='word_1_223' title='bbox 816 3759 1019 3834; x_wconf 88' lang='lat' dir='ltr'>iuxta</span> <span class='ocrx_word' id='word_1_224' title='bbox 1073 3779 1331 3832; x_wconf 90' lang='lat' dir='ltr'>morem</span> <span class='ocrx_word' id='word_1_225' title='bbox 1383 3757 1698 3851; x_wconf 90' lang='lat' dir='ltr'>gentium</span> <span class='ocrx_word' id='word_1_226' title='bbox 1754 3758 2061 3848; x_wconf 87' lang='grc'>1111111116,</span> <span class='ocrx_word' id='word_1_227' title='bbox 2117 3759 2241 3851; x_wconf 89' lang='lat' dir='ltr'>qui</span> <span class='ocrx_word' id='word_1_228' title='bbox 2295 3779 2452 3836; x_wconf 85' lang='lat' dir='ltr'>cum</span> <span class='ocrx_word' id='word_1_229' title='bbox 2488 3757 2704 3852; x_wconf 87' lang='lat' dir='ltr'>regiis</span> <span class='ocrx_word' id='word_1_230' title='bbox 2759 3757 3013 3851; x_wconf 86' lang='lat' dir='ltr'>legatis</span> <span class='ocrx_word' id='word_1_231' title='bbox 3053 3758 3278 3830; x_wconf 86' lang='lat' dir='ltr'>adhuc</span> <span class='ocrx_word' id='word_1_232' title='bbox 3313 3757 3500 3849; x_wconf 87' lang='lat' dir='ltr'>apud</span> <span class='ocrx_word' id='word_1_233' title='bbox 3529 3758 3592 3847; x_wconf 80' lang='lat'>4)</span> <span class='ocrx_word' id='word_1_234' title='bbox 3631 3759 3902 3850; x_wconf 79' lang='lat' dir='ltr'>Trokky</span> 
     </span>
     <span class='ocr_line' id='line_1_25' title="bbox 816 3876 3906 3972; baseline -0.001 -19"><span class='ocrx_word' id='word_1_235' title='bbox 816 3878 1303 3972; x_wconf 87' lang='lat' dir='ltr'>praesentibus</span> <span class='ocrx_word' id='word_1_236' title='bbox 1357 3877 1965 3970; x_wconf 85' lang='lat' dir='ltr'>supervenissent,</span> <span class='ocrx_word' id='word_1_237' title='bbox 2020 3883 2304 3970; x_wconf 86' lang='lat' dir='ltr'>rogant,</span> <span class='ocrx_word' id='word_1_238' title='bbox 2360 3900 2447 3952; x_wconf 88' lang='lat' dir='ltr'>ne</span> <span class='ocrx_word' id='word_1_239' title='bbox 2502 3879 2903 3952; x_wconf 86' lang='lat' dir='ltr'>Alexander</span> <span class='ocrx_word' id='word_1_240' title='bbox 2939 3876 3382 3950; x_wconf 86' lang='lat' dir='ltr'>Withawdus</span> <span class='ocrx_word' id='word_1_241' title='bbox 3435 3878 3586 3952; x_wconf 90' lang='lat' dir='ltr'>illis</span> <span class='ocrx_word' id='word_1_242' title='bbox 3641 3879 3906 3952; x_wconf 89' lang='lat' dir='ltr'>bellum</span> 
     </span>
     <span class='ocr_line' id='line_1_26' title="bbox 820 3997 3903 4090; baseline -0.001 -16"><span class='ocrx_word' id='word_1_243' title='bbox 820 3999 1103 4074; x_wconf 84' lang='lat' dir='ltr'>inferat:</span> <span class='ocrx_word' id='word_1_244' title='bbox 1160 3997 1391 4089; x_wconf 89' lang='lat' dir='ltr'>parati</span> <span class='ocrx_word' id='word_1_245' title='bbox 1446 3998 1685 4070; x_wconf 89' lang='lat' dir='ltr'>cedere</span> <span class='ocrx_word' id='word_1_246' title='bbox 1738 3999 1823 4071; x_wconf 92' lang='lat' dir='ltr'>de</span> <span class='ocrx_word' id='word_1_247' title='bbox 1875 3997 2236 4090; x_wconf 89' lang='lat' dir='ltr'>proposito</span> <span class='ocrx_word' id='word_1_248' title='bbox 2291 4002 2362 4072; x_wconf 89' lang='lat' dir='ltr'>et</span> <span class='ocrx_word' id='word_1_249' title='bbox 2415 3997 2907 4072; x_wconf 88' lang='lat' dir='ltr'>limitationem</span> <span class='ocrx_word' id='word_1_250' title='bbox 2961 4003 3304 4070; x_wconf 90' lang='lat' dir='ltr'>terrarum</span> <span class='ocrx_word' id='word_1_251' title='bbox 3357 4019 3482 4090; x_wconf 90' lang='lat' dir='ltr'>pro</span> <span class='ocrx_word' id='word_1_252' title='bbox 3521 4019 3646 4071; x_wconf 89' lang='lat' dir='ltr'>sno</span> <span class='ocrx_word' id='word_1_253' title='bbox 3699 3997 3903 4072; x_wconf 90' lang='lat' dir='ltr'>bene-</span> 
     </span>
     <span class='ocr_line' id='line_1_27' title="bbox 816 4099 3902 4212; baseline 0 -22"><span class='ocrx_word' id='word_1_254' title='bbox 816 4117 1079 4212; x_wconf 88' lang='lat' dir='ltr'>placito</span> <span class='ocrx_word' id='word_1_255' title='bbox 1132 4117 1556 4208; x_wconf 87' lang='lat' dir='ltr'>permittere.</span> <span class='ocrx_word' id='word_1_256' title='bbox 1614 4117 1821 4189; x_wconf 90' lang='lat' dir='ltr'>Nihil</span> <span class='ocrx_word' id='word_1_257' title='bbox 1858 4123 2089 4190; x_wconf 88' lang='lat' dir='ltr'>motus</span> <span class='ocrx_word' id='word_1_258' title='bbox 2146 4099 2227 4192; x_wconf 66' lang='lat' dir='ltr'>&amp;a</span> <span class='ocrx_word' id='word_1_259' title='bbox 2261 4118 2697 4207; x_wconf 85' lang='lat' dir='ltr'>humilitate,</span> <span class='ocrx_word' id='word_1_260' title='bbox 2755 4119 3246 4210; x_wconf 82' lang='lat' dir='ltr'>aequitateque</span> <span class='ocrx_word' id='word_1_261' title='bbox 3281 4121 3444 4192; x_wconf 89' lang='lat' dir='ltr'>Dux</span> <span class='ocrx_word' id='word_1_262' title='bbox 3484 4119 3902 4208; x_wconf 83' lang='lat' dir='ltr'>Alexander,</span> 
     </span>
     <span class='ocr_line' id='line_1_28' title="bbox 818 4236 3902 4331; baseline 0 -21"><span class='ocrx_word' id='word_1_263' title='bbox 818 4258 1011 4310; x_wconf 86' lang='lat' dir='ltr'>arma</span> <span class='ocrx_word' id='word_1_264' title='bbox 1064 4241 1305 4310; x_wconf 87' lang='lat' dir='ltr'>contra</span> <span class='ocrx_word' id='word_1_265' title='bbox 1360 4236 1525 4308; x_wconf 90' lang='lat' dir='ltr'>illos</span> <span class='ocrx_word' id='word_1_266' title='bbox 1580 4237 1828 4326; x_wconf 90' lang='lat' dir='ltr'>sumit,</span> <span class='ocrx_word' id='word_1_267' title='bbox 1886 4238 2053 4312; x_wconf 89' lang='lat' dir='ltr'>licet</span> <span class='ocrx_word' id='word_1_268' title='bbox 2107 4238 2462 4329; x_wconf 85' lang='lat' dir='ltr'>expeditio</span> <span class='ocrx_word' id='word_1_269' title='bbox 2517 4238 2702 4329; x_wconf 90' lang='lat' dir='ltr'>ipsa,</span> <span class='ocrx_word' id='word_1_270' title='bbox 2759 4240 2956 4311; x_wconf 85' lang='lat' dir='ltr'>velut</span> <span class='ocrx_word' id='word_1_271' title='bbox 3010 4259 3256 4330; x_wconf 87' lang='lat' dir='ltr'>parum</span> <span class='ocrx_word' id='word_1_272' title='bbox 3311 4238 3530 4328; x_wconf 87' lang='lat' dir='ltr'>iusta,</span> <span class='ocrx_word' id='word_1_273' title='bbox 3586 4261 3712 4331; x_wconf 89' lang='lat' dir='ltr'>per</span> <span class='ocrx_word' id='word_1_274' title='bbox 3747 4237 3902 4312; x_wconf 89' lang='lat' dir='ltr'>Sbi-</span> 
     </span>
     <span class='ocr_line' id='line_1_29' title="bbox 816 4341 3904 4451; baseline 0.001 -23"><span class='ocrx_word' id='word_1_275' title='bbox 816 4341 1071 4450; x_wconf 84' lang='lat' dir='ltr'>gneum</span> <span class='ocrx_word' id='word_1_276' title='bbox 1128 4354 1651 4429; x_wconf 74' lang='lat' dir='ltr'>cracoviensem</span> <span class='ocrx_word' id='word_1_277' title='bbox 1708 4357 2110 4450; x_wconf 89' lang='lat' dir='ltr'>episcopum</span> <span class='ocrx_word' id='word_1_278' title='bbox 2167 4359 2421 4431; x_wconf 88' lang='lat' dir='ltr'>fuisset</span> <span class='ocrx_word' id='word_1_279' title='bbox 2475 4357 2613 4430; x_wconf 89' lang='lat' dir='ltr'>sibi</span> <span class='ocrx_word' id='word_1_280' title='bbox 2668 4357 3162 4451; x_wconf 88' lang='lat' dir='ltr'>multipliciter</span> <span class='ocrx_word' id='word_1_281' title='bbox 3197 4358 3539 4433; x_wconf 88' lang='lat' dir='ltr'>dissuasa.</span> <span class='ocrx_word' id='word_1_282' title='bbox 3595 4360 3690 4432; x_wconf 87' lang='lat' dir='ltr'>Et</span> <span class='ocrx_word' id='word_1_283' title='bbox 3742 4380 3904 4450; x_wconf 88' lang='lat' dir='ltr'>sup-</span> 
     </span>
     <span class='ocr_line' id='line_1_30' title="bbox 818 4475 3904 4572; baseline -0 -21"><span class='ocrx_word' id='word_1_284' title='bbox 818 4475 1155 4570; x_wconf 84' lang='lat' dir='ltr'>peditatis</span> <span class='ocrx_word' id='word_1_285' title='bbox 1212 4475 1563 4564; x_wconf 75' lang='lat' dir='ltr'>omnibuS,</span> <span class='ocrx_word' id='word_1_286' title='bbox 1621 4497 1799 4568; x_wconf 87' lang='lat' dir='ltr'>quae</span> <span class='ocrx_word' id='word_1_287' title='bbox 1853 4480 1968 4552; x_wconf 85' lang='lat' dir='ltr'>vel</span> <span class='ocrx_word' id='word_1_288' title='bbox 2024 4479 2162 4571; x_wconf 89' lang='lat' dir='ltr'>ipsi</span> <span class='ocrx_word' id='word_1_289' title='bbox 2194 4478 2255 4568; x_wconf 81' lang='lat'>5)</span> <span class='ocrx_word' id='word_1_290' title='bbox 2310 4479 2425 4552; x_wconf 85' lang='lat' dir='ltr'>vel</span> <span class='ocrx_word' id='word_1_291' title='bbox 2479 4477 2823 4552; x_wconf 88' lang='lat' dir='ltr'>exercitui</span> <span class='ocrx_word' id='word_1_292' title='bbox 2879 4478 3240 4570; x_wconf 86' lang='lat' dir='ltr'>(quoniam</span> <span class='ocrx_word' id='word_1_293' title='bbox 3295 4479 3484 4572; x_wconf 89' lang='lat' dir='ltr'>regio</span> <span class='ocrx_word' id='word_1_294' title='bbox 3521 4478 3904 4554; x_wconf 85' lang='lat' dir='ltr'>Pskovien-</span> 
     </span>
     <span class='ocr_line' id='line_1_31' title="bbox 822 4597 3906 4692; baseline 0.001 -22"><span class='ocrx_word' id='word_1_295' title='bbox 822 4597 1005 4670; x_wconf 90' lang='lat' dir='ltr'>sium</span> <span class='ocrx_word' id='word_1_296' title='bbox 1068 4617 1321 4689; x_wconf 86' lang='lat' dir='ltr'>magna</span> <span class='ocrx_word' id='word_1_297' title='bbox 1390 4617 1479 4670; x_wconf 89' lang='lat' dir='ltr'>ex</span> <span class='ocrx_word' id='word_1_298' title='bbox 1544 4602 1741 4688; x_wconf 84' lang='lat' dir='ltr'>parte</span> <span class='ocrx_word' id='word_1_299' title='bbox 1813 4597 2083 4672; x_wconf 88' lang='lat' dir='ltr'>inculta</span> <span class='ocrx_word' id='word_1_300' title='bbox 2154 4605 2224 4673; x_wconf 88' lang='lat' dir='ltr'>et</span> <span class='ocrx_word' id='word_1_301' title='bbox 2293 4599 2568 4672; x_wconf 89' lang='lat' dir='ltr'>deserta</span> <span class='ocrx_word' id='word_1_302' title='bbox 2643 4601 2790 4688; x_wconf 93' lang='grc'>661)</span> <span class='ocrx_word' id='word_1_303' title='bbox 2863 4597 3024 4672; x_wconf 86' lang='grc'>116111</span> <span class='ocrx_word' id='word_1_304' title='bbox 3095 4599 3351 4686; x_wconf 84' lang='lat' dir='ltr'>forent,</span> <span class='ocrx_word' id='word_1_305' title='bbox 3427 4619 3754 4692; x_wconf 82' lang='lat' dir='ltr'>magnum</span> <span class='ocrx_word' id='word_1_306' title='bbox 3817 4619 3906 4672; x_wconf 86' lang='lat' dir='ltr'>ex</span> 
     </span>
     <span class='ocr_line' id='line_1_32' title="bbox 820 4715 3906 4806; baseline -0 -15"><span class='ocrx_word' id='word_1_307' title='bbox 820 4716 1199 4791; x_wconf 87' lang='lat' dir='ltr'>baronibus</span> <span class='ocrx_word' id='word_1_308' title='bbox 1253 4720 1325 4788; x_wconf 92' lang='lat' dir='ltr'>et</span> <span class='ocrx_word' id='word_1_309' title='bbox 1376 4715 1725 4790; x_wconf 89' lang='lat' dir='ltr'>militibus</span> <span class='ocrx_word' id='word_1_310' title='bbox 1781 4717 2115 4792; x_wconf 89' lang='lat' dir='ltr'>Poloniae</span> <span class='ocrx_word' id='word_1_311' title='bbox 2170 4739 2402 4792; x_wconf 88' lang='lat' dir='ltr'>secum</span> <span class='ocrx_word' id='word_1_312' title='bbox 2459 4717 2718 4792; x_wconf 86' lang='lat' dir='ltr'>ducens</span> <span class='ocrx_word' id='word_1_313' title='bbox 2773 4717 3192 4806; x_wconf 89' lang='lat' dir='ltr'>exercitum,</span> <span class='ocrx_word' id='word_1_314' title='bbox 3249 4723 3472 4791; x_wconf 89' lang='lat' dir='ltr'>terras</span> <span class='ocrx_word' id='word_1_315' title='bbox 3525 4718 3906 4792; x_wconf 85' lang='lat' dir='ltr'>Pskovien·</span> 
     </span>
     <span class='ocr_line' id='line_1_33' title="bbox 787 4835 3908 4929; baseline 0 -19"><span class='ocrx_word' id='word_1_316' title='bbox 787 4859 933 4910; x_wconf 76' lang='lat' dir='ltr'>ses</span> <span class='ocrx_word' id='word_1_317' title='bbox 988 4837 1061 4908; x_wconf 91' lang='lat' dir='ltr'>in</span> <span class='ocrx_word' id='word_1_318' title='bbox 1115 4835 1289 4910; x_wconf 88' lang='lat' dir='ltr'>locis</span> <span class='ocrx_word' id='word_1_319' title='bbox 1344 4835 1573 4910; x_wconf 88' lang='lat' dir='ltr'>bassis</span> <span class='ocrx_word' id='word_1_320' title='bbox 1602 4836 1665 4926; x_wconf 82' lang='lat'>⁶)</span> <span class='ocrx_word' id='word_1_321' title='bbox 1722 4835 1929 4925; x_wconf 85' lang='lat' dir='ltr'>sitas,</span> <span class='ocrx_word' id='word_1_322' title='bbox 1989 4842 2263 4910; x_wconf 77' lang='lat' dir='ltr'>vastare</span> <span class='ocrx_word' id='word_1_323' title='bbox 2317 4857 2724 4929; x_wconf 76' lang='lat' dir='ltr'>aggressae,</span> <span class='ocrx_word' id='word_1_324' title='bbox 2781 4841 3089 4910; x_wconf 87' lang='lat' dir='ltr'>castrum</span> <span class='ocrx_word' id='word_1_325' title='bbox 3143 4836 3550 4910; x_wconf 88' lang='lat' dir='ltr'>Woroniecz</span> <span class='ocrx_word' id='word_1_326' title='bbox 3583 4839 3670 4928; x_wconf 83' lang='grc'>7),</span> <span class='ocrx_word' id='word_1_327' title='bbox 3724 4837 3908 4912; x_wconf 88' lang='grc'>111161</span> 
     </span>
     <span class='ocr_line' id='line_1_34' title="bbox 819 4955 3904 5047; baseline -0 -16"><span class='ocrx_word' id='word_1_328' title='bbox 819 4961 1051 5031; x_wconf 84' lang='lat' dir='ltr'>castra</span> <span class='ocrx_word' id='word_1_329' title='bbox 1110 4955 1603 5044; x_wconf 85' lang='lat' dir='ltr'>Pskoviensia,</span> <span class='ocrx_word' id='word_1_330' title='bbox 1674 4977 1849 5047; x_wconf 87' lang='lat' dir='ltr'>quae</span> <span class='ocrx_word' id='word_1_331' title='bbox 1912 4976 2160 5028; x_wconf 84' lang='lat' dir='ltr'>novem</span> <span class='ocrx_word' id='word_1_332' title='bbox 2227 4955 2704 5028; x_wconf 87' lang='lat' dir='ltr'>tantummodo</span> <span class='ocrx_word' id='word_1_333' title='bbox 2769 4957 3023 5030; x_wconf 87' lang='lat' dir='ltr'>habere</span> <span class='ocrx_word' id='word_1_334' title='bbox 3087 4959 3438 5047; x_wconf 87' lang='lat' dir='ltr'>feruntur,</span> <span class='ocrx_word' id='word_1_335' title='bbox 3505 4957 3904 5045; x_wconf 82' lang='lat' dir='ltr'>secundum,</span> 
     </span>
    </p>
   </div>
   <div class='ocr_carea' id='block_1_5' title="bbox 824 5221 3908 5415">
    <p class='ocr_par' dir='ltr' id='par_1_5' title="bbox 824 5221 3908 5415">
     <span class='ocr_line' id='line_1_35' title="bbox 1038 5221 3906 5312; baseline 0 -21"><span class='ocrx_word' id='word_1_336' title='bbox 1038 5231 1083 5312; x_wconf 91' lang='lat'>¹)</span> <span class='ocrx_word' id='word_1_337' title='bbox 1128 5232 1381 5308; x_wconf 80' lang='lat' dir='ltr'>Magnus</span> <span class='ocrx_word' id='word_1_338' title='bbox 1426 5228 1595 5294; x_wconf 74' lang='lat' dir='ltr'>deest</span> <span class='ocrx_word' id='word_1_339' title='bbox 1638 5229 1712 5293; x_wconf 78' lang='lat' dir='ltr'>in</span> <span class='ocrx_word' id='word_1_340' title='bbox 1766 5227 1918 5292; x_wconf 78' lang='lat'>0001.</span> <span class='ocrx_word' id='word_1_341' title='bbox 1968 5225 2147 5291; x_wconf 83' lang='lat' dir='ltr'>Calv.</span> <span class='ocrx_word' id='word_1_342' title='bbox 2199 5227 2252 5309; x_wconf 68' lang='grc' dir='ltr'>Ω)</span> <span class='ocrx_word' id='word_1_343' title='bbox 2295 5231 2452 5290; x_wconf 90' lang='lat' dir='ltr'>bona</span> <span class='ocrx_word' id='word_1_344' title='bbox 2500 5225 2651 5293; x_wconf 79' lang='lat' dir='ltr'>Cod.</span> <span class='ocrx_word' id='word_1_345' title='bbox 2681 5227 2876 5291; x_wconf 82' lang='lat' dir='ltr'>Rozr.</span> <span class='ocrx_word' id='word_1_346' title='bbox 2925 5227 2982 5307; x_wconf 80' lang='lat'>³)</span> <span class='ocrx_word' id='word_1_347' title='bbox 3027 5231 3169 5290; x_wconf 84' lang='lat' dir='ltr'>belli</span> <span class='ocrx_word' id='word_1_348' title='bbox 3213 5225 3384 5291; x_wconf 73' lang='lat' dir='ltr'>deest</span> <span class='ocrx_word' id='word_1_349' title='bbox 3424 5227 3500 5292; x_wconf 68' lang='lat' dir='ltr'>in</span> <span class='ocrx_word' id='word_1_350' title='bbox 3531 5221 3684 5292; x_wconf 77' lang='lat' dir='ltr'>cod.</span> <span class='ocrx_word' id='word_1_351' title='bbox 3733 5225 3906 5293; x_wconf 83' lang='lat' dir='ltr'>Calv.</span> 
     </span>
     <span class='ocr_line' id='line_1_36' title="bbox 824 5327 3908 5415; baseline -0.001 -18"><span class='ocrx_word' id='word_1_352' title='bbox 824 5333 877 5415; x_wconf 74' lang='lat'>⁴)</span> <span class='ocrx_word' id='word_1_353' title='bbox 922 5335 983 5397; x_wconf 89' lang='lat' dir='ltr'>in</span> <span class='ocrx_word' id='word_1_354' title='bbox 1040 5329 1190 5400; x_wconf 69' lang='lat' dir='ltr'>eod.</span> <span class='ocrx_word' id='word_1_355' title='bbox 1221 5332 1414 5397; x_wconf 81' lang='lat' dir='ltr'>Rozr.</span> <span class='ocrx_word' id='word_1_356' title='bbox 1465 5332 1519 5415; x_wconf 63' lang='grc' dir='ltr'>ὅ)</span> <span class='ocrx_word' id='word_1_357' title='bbox 1566 5335 1680 5396; x_wconf 86' lang='lat' dir='ltr'>sibi</span> <span class='ocrx_word' id='word_1_358' title='bbox 1730 5327 1881 5397; x_wconf 84' lang='lat' dir='ltr'>C&#39;od.</span> <span class='ocrx_word' id='word_1_359' title='bbox 1910 5330 2102 5395; x_wconf 80' lang='lat' dir='ltr'>Rozr.</span> <span class='ocrx_word' id='word_1_360' title='bbox 2150 5330 2206 5414; x_wconf 83' lang='lat'>⁶)</span> <span class='ocrx_word' id='word_1_361' title='bbox 2251 5333 2624 5400; x_wconf 78' lang='lat' dir='ltr'>inferioribus</span> <span class='ocrx_word' id='word_1_362' title='bbox 2672 5328 2825 5395; x_wconf 77' lang='lat' dir='ltr'>Cod.</span> <span class='ocrx_word' id='word_1_363' title='bbox 2857 5329 3052 5396; x_wconf 82' lang='lat' dir='ltr'>Rozr.</span> <span class='ocrx_word' id='word_1_364' title='bbox 3104 5329 3148 5413; x_wconf 78' lang='lat'>²)</span> <span class='ocrx_word' id='word_1_365' title='bbox 3195 5331 3486 5396; x_wconf 80' lang='lat' dir='ltr'>Wranacz</span> <span class='ocrx_word' id='word_1_366' title='bbox 3533 5327 3686 5397; x_wconf 78' lang='lat' dir='ltr'>Cod.</span> <span class='ocrx_word' id='word_1_367' title='bbox 3715 5329 3908 5397; x_wconf 81' lang='lat' dir='ltr'>Rozr.</span> 
     </span>
    </p>
   </div>
  </div>
 </body>
</html>
