4342 6384
863 486 1013 561 612
1999 504 2229 559 menn
2278 504 2794 559 nnonnoums.
3402 476 3545 582 (Α.
3586 474 3683 555 θ’.
3726 470 3985 575 ms.)

856 714 973 767 eos
1027 690 1230 766 unire
1281 692 1605 785 cupiunt,
1662 692 1802 784 ipsi
1856 692 2191 785 pestifero
2246 691 2624 765 schismate
2648 755 2652 757 .
2678 691 3097 763 dividuntur
3133 691 3213 779 ¹).
3272 692 3387 763 Ab
3444 712 3527 763 eo
3568 691 3770 763 enim
3806 693 3979 760 tem—

855 818 1022 907 per'e
1076 812 1316 886 durior
1367 812 1761 886 differentia
1797 818 1868 885 et
1906 811 2109 904 quasi
2165 813 2502 904 quaedam
2538 812 2904 885 hostilitas
2942 812 3128 884 inter
3164 810 3561 884 Concilium
3602 815 3679 883 et
3716 811 3979 900 Papam

857 934 1332 1008 consurrexit:
1389 938 1674 1025 propter
1726 934 1911 1026 quod
1965 934 2293 1006 Iulianus
2350 934 2548 1005 tituli
2594 934 2835 1006 Sancti
2883 933 3142 1026 Angeli
3180 932 3583 1006 Cardinalis
3623 932 3701 1004 in
3742 930 3979 1004 eodem

859 1053 1168 1129 Concilio
1222 1054 1639 1127 Praesidens
1695 1058 1765 1127 et
1819 1055 2162 1147 Legatus‚
2221 1056 2599 1147 pluresque
2654 1053 2781 1125 alii
2818 1053 3260 1141 cardinales,
3319 1052 3642 1127 Concilio
3680 1053 3977 1135 deserto,

860 1176 936 1247 in
992 1174 1426 1248 Florentiam
1481 1196 1556 1247 se
1609 1174 2008 1263 conferunt;
2064 1176 2140 1248 hi
2196 1196 2359 1247 vero
2416 1175 2539 1267 qui
2594 1175 2667 1247 in
2725 1174 3035 1248 Concilio
3101 1180 3498 1262 remanent,
3558 1196 3693 1265 per
3743 1170 3976 1264 publi-

860 1317 1018 1369 cum
1081 1296 1436 1368 decretum
1497 1294 1892 1388 Eugenium
1965 1296 2229 1387 Papam
2295 1296 2596 1388 primum
2664 1297 2750 1369 ab
2820 1295 3431 1369 administratione
3508 1294 3977 1386 suspendunt,

861 1416 1110 1490 deinde
1167 1414 1388 1489 simili
1441 1416 1718 1489 decreto
1772 1437 1813 1488 a
1867 1417 2143 1509 Papatu
2196 1417 2555 1508 deponunt
2610 1420 2679 1489 et
2734 1417 3119 1489 Amedeum
3150 1416 3213 1505 2)
3271 1418 3539 1488 Ducem
3582 1413 3979 1488 Sabaudiae

862 1538 938 1610 in
991 1539 1256 1629 Papam
1311 1536 1616 1629 eligunt,
1679 1556 1884 1628 quem
1941 1538 2249 1611 Felicem
2304 1538 2629 1629 quintum
2686 1542 2961 1610 vocant.
3020 1539 3191 1609 Cum
3248 1542 3487 1609 autem
3546 1540 3693 1608 tam
3750 1536 3975 1625 Euge-

861 1658 1023 1731 nius
1077 1677 1288 1748 quam
1341 1656 1550 1729 Felix
1605 1678 1728 1748 pro
1784 1657 2289 1730 corroborando
2345 1662 2537 1729 statu
2594 1678 2720 1729 suo
2777 1658 3040 1729 multos
3096 1662 3453 1730 creassent
3482 1655 3549 1746 ³)
3606 1676 3697 1728 ex
3756 1654 3977 1747 pluri-

862 1777 996 1851 mis
1051 1778 1228 1850 viris
1283 1777 1806 1870 praestantibus
1862 1779 2084 1850 lectos
2139 1778 2576 1866 Cardinale8‚
2644 1778 2997 1869 Sbigneus
3062 1777 3548 1851 Cracoviensis
3604 1777 3977 1867 episcopus

862 1920 989 1992 per
1039 1904 1426 1991 utrumque
1479 1898 1556 1969 in
1609 1898 2050 1972 Cardinalem
2107 1898 2244 1970 fuit
2299 1903 2575 1973 creatus
2614 1902 2683 1973 et
2720 1905 3114 1990 promotae,
3173 1905 3242 1971 et
3296 1906 3599 1989 uterque
3640 1896 3855 1968 illum
3894 1895 3981 1966 ad

865 2040 941 2092 se
997 2038 1336 2111 suamque
1395 2021 1665 2110 partem
1729 2036 1972 2111 rapere
2036 2019 2417 2093 festinabat
2444 2019 2531 2107 ⁴).
2599 2020 2773 2091 Post
2838 2021 3098 2091 multas
3163 2025 3401 2093 autem
3456 2016 3979 2110 disputationes

868 2161 1026 2212 cum
1082 2138 1368 2212 Graecis
1406 2160 1616 2231 super
1651 2138 2090 2231 processione
2145 2140 2387 2212 Sancti
2444 2140 2755 2230 Spiritus
2794 2162 2834 2212 a
2871 2140 3094 2229 Filio,
3152 2142 3237 2213 de
3288 2137 3737 2232 purgatorio,
3780 2136 3975 2209 aliis-

869 2280 1002 2353 que
1057 2258 1412 2348 articulis,
1467 2259 1544 2332 in
1590 2259 1847 2351 quibus
1895 2260 2349 2333 occidentalis
2395 2260 2713 2333 Ecclesia
2750 2282 2906 2333 cum
2947 2261 3276 2334 orientali
3314 2258 3803 2343 discordabat,
3858 2258 3977 2328 ha-

867 2381 1092 2469 bitas,
1165 2380 1446 2453 tandem
1519 2380 1689 2452 nnio
1759 2380 1972 2471 ‘plena
2035 2384 2277 2452 secuta
2330 2384 2401 2452 et
2454 2382 2729 2452 firmata
2782 2386 2923 2469 est,
2982 2387 3052 2453 et
3107 2390 3343 2453 omnes
3396 2380 3867 2452 difficultates
3914 2383 3979 2449 et

867 2498 1302 2573 differentiae
1365 2499 1842 2571 concordatae.
1912 2498 2325 2571 Patriarcha
2387 2499 3206 2593 constantinopolitanus
3271 2501 3530 2591 Ioseph
3584 2500 3819 2573 altera
3872 2498 3977 2569 die

876 2629 1042 2714 post
1095 2622 1350 2692 factam
1413 2619 1742 2692 unionem
1807 2619 2133 2707 morit-ur,
2202 2624 2274 2692 et
2328 2620 2401 2691 in
2458 2620 2755 2693 eeclesia
2816 2623 3111 2693 fratrum
3185 2620 3761 2693 Praedicatorum
3820 2620 3975 2691 Flo-

868 2741 1138 2815 rentiae
1192 2739 1554 2831 sepelitur.
1611 2740 2005 2831 Imperator
2057 2760 2217 2811 cum
2270 2740 2436 2813 aliis
2490 2742 2840 2814 Praelatis
2896 2742 3229 2815 Graeciae
3284 2746 3357 2812 et
3402 2740 3711 2813 Russiae
3739 2740 3809 2827 5)
3864 2739 3975 2809 do-

873 2881 1065 2934 mum
1117 2880 1472 2947 reversus,
1531 2858 1860 2931 unionem
1912 2859 2234 2951 publicat
2288 2864 2359 2933 et
2412 2860 2763 2945 insinuat,
2823 2880 3031 2953 quam
3085 2861 3293 2952 pauci
3332 2861 3759 2935 Graecorum
3800 2880 3975 2932 com-

885 2980 1344 3067 mendabant,
1399 2979 1608 3051 multi
1654 2979 2037 3051 irridebant
2091 2987 2161 3053 et
2216 2979 2671 3072 sugillabant.
2730 2981 2830 3053 Ut
2884 2986 3119 3053 autem
3172 2982 3437 3053 firmior
3490 2986 3681 3053 esset
3734 2980 3977 3050 huius-

875 3100 1062 3172 modi
1119 3098 1284 3171 unio
1305 3156 1322 3187 ,
1380 3098 1740 3191 Eugenius
1795 3099 1969 3170 duos
2025 3120 2113 3172 ex
2166 3100 2517 3172 Praelatis
2588 3101 2921 3174 Graeciae
2974 3103 3311 3185 Doctores
3366 3105 3437 3173 et
3490 3100 3979 3193 prudentiores

878 3224 1068 3295 creat
1131 3218 1565 3307 CardinaleS,
1632 3218 1963 3292 videlicet
2025 3220 2402 3293 Bessarion
2432 3220 2495 3310 ⁶)
2562 3220 2965 3313 episcopum
3031 3221 3421 3295 Nicaenum
3488 3228 3559 3293 et
3628 3220 3981 3294 Isidorum

879 3339 1482 3431 archiepiscopum
1547 3338 2044 3430 Kyoviensem.
2119 3340 2497 3414 Bessarion
2529 3343 2591 3430 ⁷)
2650 3343 2913 3415 Romae
2976 3343 3346 3430 remansit,
3423 3342 3745 3414 Isidorus
3812 3340 3979 3413 Con·

877 3459 1410 3551 stantinopolim
1464 3459 1833 3532 deferendo
1879 3459 2371 3533 Cardinala-tus
2430 3462 2771 3555 insignia,
2830 3462 3065 3535 rediit.
3124 3463 3476 3555 vigebant
3530 3466 3765 3532 tamen
3806 3460 3985 3531 inter

875 3581 1272 3676 Eugenium
1329 3585 1398 3654 et
1451 3580 1838 3654 Concilium
1895 3581 2291 3655 Basiliense
2328 3583 2593 3655 multae
2627 3582 3096 3669 differentiae,
3154 3590 3224 3654 et
3260 3602 3447 3653 unus
3484 3582 3791 3654 alterum
3827 3581 3981 3671 pln-

877 3703 1075 3776 ribus
1139 3701 1606 3775 confundebat
1669 3701 2026 3793 epistolis,
2096 3702 2307 3774 multi
2369 3703 2599 3794 Reges
2657 3707 2727 3776 et
2780 3700 3145 3793 Principes
3220 3700 3551 3774 catholici
3616 3712 3849 3791 usque
3900 3699 3983 3770 ad

881 3822 1152 3895 obitum
1206 3821 1508 3915 Eugenii
1563 3822 2069 3894 subtrahebant
2139 3822 2462 3913 utrisque
2494 3822 2558 3900 s)
2624 3823 3090 3896 obedientiam
3109 3878 3125 3910 ,
3184 3827 3255 3894 et
3292 3820 3827 3894 neutralitatem
3865 3842 3980 3890 an-

885 3941 998 4014 nis
1051 3940 1324 4033 aliquot
1379 3941 1877 4029 observabant,
1933 3962 2112 4032 quae
2148 3962 2191 4013 a
2227 3943 2590 4015 nonnullis
2626 3942 3015 4017 animorum
3056 3942 3553 4033 appellabatur
3591 3940 3985 4032 suspensio.

1445 4292 1626 4363 'turoi
1670 4292 1967 4365 Rosciam
2011 4293 2356 4365 invadunt.
2400 4294 2701 4366 ubertus
2746 4294 3101 4384 imperator
3143 4294 3434 4366 moritur.

1097 4541 1310 4612 Festo
1366 4538 1789 4611 Nativitatis
1845 4540 2141 4613 Sanctae
2196 4540 2459 4614 Mariae
2512 4542 2960 4630 adveniente,
3020 4541 3341 4633 quamvis
3378 4539 3827 4629 Wladislans
3862 4540 3989 4611 Po·

888 4656 1122 4732 Ioniae
1175 4659 1332 4731 Rex
1387 4658 1591 4731 iuxta
1645 4664 1988 4731 conventa
2023 4659 2336 4733 venisset
2380 4661 2847 4753 personaliter
2881 4662 2956 4733 in
2994 4663 3252 4753 Byecz,
3294 4662 3379 4732 ad
3420 4660 3793 4732 tenendam
3830 4680 3992 4731 con-

895 4778 1292 4851 ventionem
1355 4777 1822 4869 personaliter
1883 4799 2042 4851 cum
2107 4780 2402 4853 Alberto
2468 4780 2943 4853 Romanorum
3008 4790 3077 4853 et
3139 4780 3549 4873 Huugariae
3614 4779 3805 4873 Rege
3872 4800 3993 4871 pro

894 4916 1064 4988 pace
1117 4896 1622 4969 concludenda:
1680 4898 1832 4989 ipse
1886 4903 2120 4972 tamen
2176 4900 2513 4973 Albertus
2568 4902 2977 4974 nullatenus
3016 4899 3255 4974 venire
3292 4900 3549 4992 potuit.
3608 4901 3995 4971 Turcorum

1118 5176 1170 5260 ¹)
1223 5180 1589 5244 naseuntur.
1635 5182 1760 5247 Ea.
1809 5181 1989 5267 Lips.
2047 5184 2098 5263 ς)
2143 5186 2470 5249 amaneum
2512 5186 2640 5250 Ea.
2687 5148 2881 5273 Lips.
2919 5188 2975 5273 ³)
3016 5198 3286 5253 crearent
3332 5187 3485 5253 coa.
3531 5188 3751 5253 maz.
3800 5188 3858 5268 ⁴)
3906 5190 3995 5250 ae-

905 5285 1180 5344 stinebat.
1225 5266 1352 5345 Ed.
1399 5268 1580 5367 Lips.
1629 5284 1686 5366 θ)
1728 5274 2007 5366 Graecis,
2049 5290 2302 5351 Russiae
2346 5295 2457 5351 etc.
2514 5290 2666 5353 Oba.
2718 5284 2895 5357 Cale.
2944 5291 3001 5373 ⁸)
3046 5282 3320 5355 Vinarion
3363 5291 3491 5355 Ea.
3526 5282 3709 5376 Lips.
3746 5290 3797 5371 ¹¹)
3832 5293 3999 5353 visa·

907 5384 1036 5444 rion
1079 5381 1207 5445 Ed.
1251 5381 1431 5468 Lips.
1479 5384 1528 5464 ⁸)
1573 5393 1820 5467 uterque
1867 5384 2019 5451 Cod.
2063 5387 2283 5453 Przez.
2328 5394 2637 5470 utriusque
2679 5392 2807 5457 Ed.
2858 5392 3039 5479 Lips.
