4342 6384
363 592 495 692 (Α.
534 592 625 667 Β.
667 590 919 690 1444.)
1500 614 1725 667 mann
1777 613 2290 702 puonncnms.
3304 588 3450 659 725

362 822 496 894 que
548 821 687 873 non
742 804 1127 873 notassent.
1186 800 1323 873 Sed
1376 798 1767 873 catholicus
1802 798 2105 891 populus
2162 795 2502 871 felicitate
2557 797 2686 869 illa
2737 818 2783 869 a
2817 797 2960 871 Deo
3009 816 3246 871 eorum
3301 816 3444 871 sce-

361 921 627 994 leribus
680 920 859 994 irato
896 920 1340 993 indicabatur
1376 919 1731 1012 indignus
1790 919 2139 992 Asserunt
2195 921 2265 991 et
2300 917 2625 989 nonnulli
2662 916 3080 1009 disciplinae
3117 915 3452 991 militaris

360 1040 605 1133 periti,
682 1040 804 1133 qui
864 1040 1055 1113 bello
1116 1038 1519 1112 huiusmodi
1580 1038 2080 1125 interfuerunt,
2140 1036 2609 1111 wladislaum
2671 1037 2935 1131 Regem
2990 1036 3206 1125 cladi,
3273 1056 3452 1127 quae

361 1166 825 1249 successerat,
882 1158 1311 1233 occasionem
1362 1163 1759 1251 propterea,
1818 1158 2001 1251 quod
2054 1156 2130 1230 in
2164 1178 2440 1251 pugnae
2483 1155 2828 1251 principio
2864 1157 3126 1231 Tureos
3179 1156 3450 1249 fugien-
3551 1170 3559 1177 ·

360 1287 469 1355 tes
508 1281 561 1370 ¹)
616 1284 687 1353 et
723 1278 1037 1353 devictos
1092 1279 1375 1372 longius
1414 1279 1987 1371 prosequebatur,
2022 1276 2467 1370 praebuisse:
2525 1276 2588 1351 si
2627 1276 2812 1350 enim
2847 1277 3128 1351 modum
3181 1275 3256 1350 in
3292 1296 3448 1367 pro-

361 1400 711 1493 sequendo
766 1401 967 1473 hoste
1030 1398 1407 1486 tenuisset,
1466 1399 1725 1471 referre
1778 1398 2214 1490 triumphum
2269 1400 2340 1471 et
2392 1396 2784 1491 praesentis
2846 1396 3248 1471 certaminis
3299 1396 3452 1489 glo>-

356 1520 571 1609 riam,
630 1524 700 1593 et
755 1540 1095 1592 summam
1149 1518 1323 1591 belli
1358 1520 1719 1611 perficere,
1773 1518 1963 1591 haud
2000 1517 2344 1591 incertum
2381 1522 2564 1605 erat3
2619 1522 2894 1610 poterat
2949 1522 3181 1591 tamen
3217 1536 3458 1609 pugna

358 1639 676 1729 rest-itui,
731 1644 1010 1732 poterat
1062 1640 1323 1713 Turcos
1381 1638 1570 1712 vinci
1624 1642 1695 1711 et
1746 1638 2079 1731 propelli,
2138 1638 2201 1710 si
2255 1638 2606 1711 Iohannes
2660 1637 2750 1710 de
2783 1636 3069 1711 Huniad
3123 1638 3194 1708 et
3241 1636 3448 1709 Hun-

357 1780 684 1853 garorum
737 1761 983 1833 cohors
1038 1760 1438 1851 exemplum
1504 1782 1713 1834 suum
1740 1757 1804 1848 2)
1868 1762 2139 1846 secuta,
2205 1758 2488 1850 pronior
2540 1757 2627 1830 ad
2683 1756 2933 1829 bonam
2986 1776 3181 1848 spem
3243 1777 3452 1847 quam

359 1880 449 1951 ad
504 1881 739 1973 fugam
792 1879 1047 1953 fuisset
1076 1878 1163 1969 ³).

359 2243 751 2316 wladislaus
793 2242 968 2329 ilex,
1014 2244 1163 2315 dum
1207 2246 1359 2332 post
1403 2259 1634 2315 caesos
1676 2242 1918 2347 multos
1962 2242 2196 2314 'tureos
2256 2242 2570 2314 inuam
2614 2242 2718 2314 vis
2759 2242 3010 2313 illerum
3053 2244 3452 2348 superesset,

359 2366 429 2436 et
473 2364 792 2436 lohannes
837 2364 918 2435 de
963 2362 1212 2434 flunied
1271 2363 1673 2453 aufugisset,
1733 2364 2163 2453 hortatusque
2226 2380 2370 2435 eum
2416 2364 2635 2449 esset,
2696 2364 2771 2433 ut
2819 2380 2892 2434 se
2937 2362 3092 2451 fuge
3137 2362 3451 2448 salvaret,

608 2483 871 2570 abnuit,
918 2486 989 2556 et
1032 2501 1107 2555 se
1150 2483 1307 2554 mori
1351 2484 1571 2572 petius
1614 2484 1913 2569 honeste,
1958 2499 2150 2573 quern
2191 2482 2618 2572 ignominiose
2665 2482 2894 2555 vivere
2930 2483 3200 2573 delegit.

565 2720 803 2812 Magni
856 2724 1092 2793 autem
1145 2719 1362 2792 animi
1414 2721 1571 2793 Rex
1628 2720 1763 2793 etsi
1817 2742 1857 2793 a
1912 2719 2332 2812 quibusdam
2387 2740 2476 2795 ex
2529 2721 2684 2813 ipsa
2737 2742 2972 2814 pugna
3026 2723 3446 2811 traheretur,

356 2844 429 2913 et
484 2840 769 2931 quidam
821 2839 1028 2912 illum
1082 2861 1125 2912 a
1176 2840 1440 2931 praelio
1496 2840 1863 2914 studerent
1892 2842 1955 2930 ⁴)
1992 2841 2365 2929 abducere,
2423 2840 2595 2915 belli
2631 2841 2928 2934 cupidus
2983 2846 3056 2915 et
3090 2841 3448 2930 victoriae,

357 2980 568 3052 quam
622 2959 760 3033 sibi
811 2963 1084 3052 partam
1147 2959 1289 3032 iam
1341 2960 1645 3049 viderat,
1714 2963 2013 3033 Teuoros
2076 2963 2320 3035 hostes
2384 2961 2590 3054 longo
2653 2960 2865 3035 etiam
2930 2982 3172 3051 cursu,
3239 2961 3450 3035 tertio

353 3084 765 3173 persecutus
820 3083 959 3168 est,
1016 3079 1092 3152 in
1146 3079 1528 3172 multisque
1582 3081 1757 3155 locis
1794 3082 2251 3174 languescens
2304 3081 2647 3173 praelium
2700 3086 2824 3153 aut
2859 3082 3189 3155 definiens
3243 3081 3448 3154 resti-

354 3200 531 3289 tuit3
590 3222 794 3293 quem
850 3220 1007 3273 cum
1044 3221 1133 3273 ex
1170 3222 1517 3273 armorum
1574 3202 1941 3293 splendore
1994 3222 2075 3274 ac
2112 3200 2534 3275 strenuitate
2587 3201 3111 3293 cognovissent,
3167 3203 3255 3274 ad
3291 3224 3447 3293 pro-

354 3320 765 3413 pinquiores
818 3342 1055 3395 eorum
1111 3320 1295 3395 acies
1358 3326 1482 3393 aut
1536 3322 1623 3393 ad
1674 3326 1948 3395 montes
2004 3321 2491 3412 aufugiebant:
2559 3324 2631 3393 et
2683 3321 3146 3395 nihilominus
3203 3327 3308 3395 tot
3361 3344 3449 3395 ex

354 3440 459 3515 eis
513 3444 734 3515 morte
785 3440 1019 3513 affecit
1048 3439 1133 3529 ⁵),
1190 3446 1272 3511 ut
1326 3445 1625 3532 quatuor
1677 3444 1801 3514 aut
1854 3440 2161 3533 quinque
2215 3440 2534 3513 millibus
2587 3462 2924 3533 passuum
2979 3446 3127 3515 erat
3178 3445 3448 3515 stratus

354 3582 645 3654 campus
699 3559 1105 3652 corporibus
1160 3560 1567 3633 occisorum.
1624 3561 1857 3649 Adde,
1917 3560 2101 3652 quod
2154 3560 2241 3633 de
2295 3561 2612 3634 exercitu
2663 3562 2855 3653 regio
2921 3562 3130 3634 multi
3185 3563 3447 3636 cecide-

352 3688 553 3771 runt,
620 3686 691 3755 et
746 3680 1109 3775 signanter
1168 3700 1256 3753 ex
1310 3680 1620 3753 Polonis.
1691 3679 2019 3753 Walachi
2072 3700 2272 3769 vero,
2339 3682 2464 3773 qui
2524 3681 2611 3753 ad
2667 3682 3070 3773 spoliandos
3135 3684 3448 3755 mortuos

352 3802 625 3896 potine,
686 3822 893 3893 quam
948 3800 1034 3872 ad
1070 3801 1587 3892 persequendos
1643 3799 1845 3873 vivos
1888 3800 2127 3873 hostes
2164 3800 2654 3890 intendebant,
2710 3803 2908 3874 nullo
2951 3803 3234 3874 fuerunt
3271 3802 3450 3894 Regi

354 3922 707 4007 subsidi03
762 3921 883 3993 sed
937 3922 1103 3993 dum
1154 3921 1393 4021 hostes
1445 3921 1947 4013 insequebatur
1999 3920 2188 4009 ReX,
2247 3921 2476 4013 spolia
2528 3922 2927 4013 capiebant,
2994 3922 3158 3994 dum
3205 3928 3446 3995 autem

351 4046 603 4137 gentes
658 4040 875 4133 Regis
928 4044 1511 4132 persequerentur
1564 4042 1649 4115 ab
1703 4040 2059 4129 hostibus,
2116 4043 2352 4134 fugam
2407 4042 2688 4114 dabant.
2747 4041 3042 4133 Quidam
3097 4041 3308 4115 etiam
3361 4042 3448 4115 de

352 4162 671 4236 exercitu
725 4159 973 4253 RegiS,
1041 4164 1191 4232 tum
1253 4160 1845 4252 pusillanimitate
1896 4161 2124 4249 ducti,
2203 4165 2352 4234 tum
2417 4182 2754 4253 equorum
2819 4182 3102 4235 suorum
3175 4162 3446 4237 viribus

351 4282 787 4367 diffidentes,
843 4280 1088 4354 relicto
1142 4280 1217 4352 in
1272 4279 1500 4353 medio
1554 4280 2027 4353 dimicationis
2052 4281 2119 4369 ⁶)
2175 4282 2398 4374 Rege,
2454 4281 2542 4353 ad
2596 4281 2950 4353 desertum
3003 4302 3131 4373 per
3175 4287 3446 4355 montes

352 4408 431 4476 et
490 4402 709 4475 silvas
770 4402 1231 4493 confugerunt
1264 4401 1345 4488 7).
1432 4400 1843 4473 Solicitatus
1902 4400 2159 4473 deinde
2221 4400 2658 4474 Wladislaus
2721 4402 2878 4475 Rex
2951 4402 3286 4475 Iohannis
3357 4404 3446 4476 de

354 4522 678 4610 Huniad,
738 4521 859 4614 qui
914 4542 989 4593 se
1042 4520 1181 4593 iam
1236 4541 1274 4594 e
1309 4520 1575 4612 praelio
1628 4540 1753 4612 per
1790 4521 2025 4613 fugam
2078 4521 2548 4611 subduxerat,
2610 4521 3092 4614 frequentibus
3147 4521 3441 4611 nuntiis,

348 4648 439 4715 ut
490 4662 726 4734 pugna
788 4645 859 4715 et
912 4640 1059 4713 acie
1114 4640 1403 4729 omissa,
1470 4662 1704 4713 secum
1758 4662 1901 4712 una
1962 4645 2033 4714 et
2083 4641 2394 4715 locorum
2447 4641 2698 4734 peritis
2765 4644 2931 4735 fuga
2983 4664 3060 4716 se
3114 4643 3442 4731 salvaret,

350 4762 589 4835 animo
644 4760 856 4834 feroci
917 4760 1373 4852 respondem,
1448 4764 1655 4853 negat
1682 4758 1747 4848 ⁸)
1804 4760 1949 4834 sibi
2010 4766 2081 4835 et
2145 4761 2473 4854 sanguini
2537 4782 2662 4835 suo
2727 4764 2961 4855 fugam
3033 4769 3442 4855 competere,

349 4883 707 4974 malleque
760 4903 835 4977 se
886 4880 962 4953 in
1000 4900 1082 4953 ea
1132 4900 1369 4973 pugna
1420 4879 1696 4968 cadere,
1754 4900 1962 4970 quam
1996 4885 2238 4954 contra
2291 4881 2632 4955 maiorum
2685 4903 2970 4955 suorum
3023 4882 3438 4976 dignitatem

348 5002 601 5095 pedem
656 5002 944 5090 referre,
1002 4999 1353 5074 militibus
1409 5001 1559 5073 suis
1612 5002 2005 5094 auspicium
2061 4982 2268 5074 suum
2324 5002 2585 5076 secutis
2640 5004 2971 5092 desertis,
3037 5002 3156 5077 vel
3205 5003 3442 5094 potius

570 5291 615 5371 ¹)
660 5294 964 5354 venientes
1022 5288 1509 5376 muas-1⁹2²)
1557 5293 1685 5353 eius
1747 5287 1901 5354 C'od.
1948 5289 2127 5355 Koet.
2209 5289 2256 5371 3)
2307 5292 2500 5355 fuerit.
2563 5288 2716 5355 Coa.
2779 5290 2954 5355 Kont-
3032 5290 3084 5372 ⁴)
3126 5296 3450 5357 studebant

348 5384 482 5459 Ed.
528 5392 709 5478 Life.
768 5392 819 5475 ⁵)
868 5414 942 5457 ex
987 5397 1074 5457 eis
1117 5396 1516 5457 moriebantur
1557 5390 1683 5457 Ed.
1723 5390 1905 5477 Lips.
1956 5391 2013 5477 ⁸)
2058 5395 2119 5455 in
2162 5396 2360 5457 media
2403 5396 2778 5509 dnnieatioue
2825 5391 2977 5462 God.
3007 5394 3186 5460 Kost.
3237 5396 3291 5479 ⁷)
3333 5398 3444 5459 dif-

350 5500 671 5582 fugierunt.
715 5495 842 5562 Ed.
884 5496 1064 5584 Lips.
1112 5496 1167 5580 8)
1212 5514 1583 5580 nequaquam
1632 5492 1783 5560 cod.
1828 5495 1965 5565 La.
