4342 6384
881 435 1030 513 562
2040 456 2267 517 mem
2318 462 2831 519 momentus.
3400 443 3538 547 (Α.
3564 444 3672 523 D.
3709 443 3985 545 1433.)

864 667 1022 739 gem
1075 648 1425 735 salutant3
1483 646 1739 723 exi-nde
1792 649 2247 741 poscentibus
2284 649 2643 744 Hungaris
2698 620 2973 727 Budam
3002 651 3293 745 navigio
3348 651 3576 742 venit,
3634 656 3708 729 et
3754 652 3981 727 rebus

865 767 1270 861 Hungariae
1309 768 1365 856 ¹)
1419 768 1737 842 vacabat.

861 1131 1190 1221 sviffigu
1235 1131 1550 1221 expulsu
1583 1132 1816 1222 eopia
1855 1134 2088 1205 contra
2131 1133 2605 1225 Sigismundun
2644 1134 2883 1207 Bucen
2906 1134 3207 1225 {agnum
3240 1135 3640 1211 &itha-ito
3690 1136 3971 1227 οοΙΕσῖ,

1445 1253 1566 1325 sod
1607 1253 1916 1340 vincitur,
1961 1256 2044 1327 ‘ot
2085 1254 2231 1325 Bu
2272 1254 2721 1345 Sigimucus
2759 1255 3083 1329 terim
3126 1256 3400 1347 mitur.

1068 1493 1431 1585 Agebatur
1503 1493 1632 1565 sub
1704 1492 1889 1565 idem
1959 1498 2238 1586 tempus
2312 1514 2355 1565 a
2417 1494 2871 1587 sigismundo
2946 1496 3197 1589 Hagno
3270 1496 3461 1570 Duce
3534 1495 3965 1571 Lithuauiae

859 1616 1102 1685 contra
1157 1613 1562 1687 Boleslaum
1617 1612 1975 1707 Switrigal
2031 1614 2480 1688 memorabile
2533 1615 2831 1704 bellum,
2898 1616 3084 1708 quod
3138 1637 3325 1689 nunc
3373 1616 3596 1691 ordiri
3648 1636 3959 1707 pergam.

1065 1734 1230 1804 Dux
1284 1734 1655 1807 Boleslaus
1713 1732 2073 1826 Switrigal
2117 1734 2412 1806 moleste
2456 1735 2687 1807 ferens
2734 1756 2809 1808 se
2854 1735 2939 1807 de
2975 1736 3254 1808 Ducatu
3290 1735 3541 1827 Magno
3588 1734 3965 1809 Lithamas

854 1853 1204 1927 deiectum
1244 1857 1316 1926 et
1351 1853 1724 1945 expulsum
1742 1909 1759 1941 ‚
1800 1852 2239 1946 sigismundi
2276 1854 2747 1927 Romanorum
2784 1852 3239 1945 Imperatoris
3278 1859 3349 1929 et
3386 1855 3797 1949 Hunga'riae
3826 1856 3959 1931 Re-

857 1974 970 2067 'gis
1005 1974 1358 2047 animatus
1381 1978 1467 2047 ‘et
1501 1974 1878 2065 persuasus
1915 1973 2235 2046 consiliis
2274 1980 2345 2046 et
2378 1973 2780 2065 promissis,
2808 1980 3129 2066 repetere
3167 1976 3459 2049 eundem
3496 1976 3854 2051 Ducatum
3888 1975 3961 2049 in

859 2094 1170 2167 animum
1225 2094 1526 2183 inducit,
1582 2095 1944 2186 multaque
1999 2095 2261 2167 dabant
2298 2094 2437 2167 sibi
2474 2094 2784 2167 animum
2821 2116 2935 2167 res
2971 2094 3374 2168 huiusmodi
3406 2095 3955 2189 aggrediendas:

859 2214 1191 2289 maiorem
1229 2212 1412 2289 enim
1447 2218 1717 2307 partem
1753 2215 2068 2287 Ducatus
2123 2214 2435 2288 eiusdem
2490 2215 2729 2307 Magni
2781 2214 2856 2287 in
2912 2236 3041 2287 sua
3094 2215 3360 2289 ditione
3410 2220 3485 2289 et
3536 2216 3955 2303 obedientia,

865 2358 1104 2410 omnes
1134 2334 1465 2409 videlicet
1503 2342 1724 2408 terras
1761 2334 2088 2423 missiae,
2145 2334 2323 2408 mira
2360 2334 2497 2408 sibi
2534 2335 2877 2408 fidelitate
2912 2334 3314 2424 adstrictas,
3356 2334 3741 2409 obtinebat.
3798 2337 3957 2411 Dux

858 2458 1147 2549 iusuper
1174 2455 1668 2549 sigismundus
1699 2455 2086 2545 Koributh,
2129 2455 2251 2547 qui
2280 2455 2484 2528 annis
2522 2454 3001 2548 superioribus
3038 2458 3265 2527 multa
3292 2456 3481 2529 bella
3516 2455 3593 2529 in
3622 2456 3957 2530 Bobenia

857 2577 1492 2665 administraverat,
1535 2595 1744 2667 opera
1779 2576 2287 2649 cruciferorum
2322 2576 2409 2648 de
2444 2576 2767 2663 Prussia‚
2826 2579 2895 2648 et
2932 2596 3058 2667 per
3092 2596 3327 2649 eorum
3362 2580 3589 2649 terras
3628 2576 3719 2648 ad
3752 2577 3955 2649 illum

857 2697 1372 2790 suffragaturas
1411 2696 1550 2768 sibi
1587 2694 1992 2769 advenerat:
2033 2716 2389 2769 senescere
2428 2695 2683 2769 etenim
2728 2717 2929 2767 suam
2970 2696 3567 2769 existimationem
3605 2702 3679 2769 et
3714 2697 3953 2787 despe-

857 2824 1048 2891 ctum
1085 2818 1176 2889 iri
1214 2816 1748 2908 apudBohemos
1777 2815 2049 2904 videm,
2087 2837 2335 2888 rursus
2374 2816 2604 2909 longis
2644 2816 3018 2905 err-oribuS,
3062 2836 3202 2908 quo
3236 2815 3619 2890 diverteret
3646 2815 3949 2909 ignarus,

857 2958 982 3029 per
1017 2936 1382 3009 Prussiam
1437 2940 1842 3027 suspectum
1898 2935 2034 3009 iter
2085 2935 2377 3025 habene,
2434 2958 2558 3027 per
2593 2936 2913 3028 Regnum
2953 2935 3285 3009 Poloniae
3336 2936 3426 3007 ad
3460 2936 3731 3009 Ducem
3786 2934 3949 3008 Sui·

858 3057 1075 3150 trigal
1112 3076 1188 3129 se
1225 3055 1548 3129 contulit.
1605 3056 1820 3128 Cuius
1857 3056 2276 3147 probitatem
2324 3060 2394 3129 et
2430 3055 2504 3127 in
2540 3054 2819 3129 bellicis
2856 3055 3128 3129 artibus
3182 3060 3335 3127 tum
3370 3055 3767 3145 solertiam,
3804 3060 3953 3129 tum

860 3176 1363 3270 experientiam
1391 3178 1555 3248 Dux
1586 3176 1939 3268 Switrigal
1977 3177 2239 3248 dudum
2276 3176 2626 3268 cognitam
2661 3175 2956 3263 bahem,
2998 3176 3307 3248 adventu
3342 3174 3541 3248 illius
3579 3175 3949 3249 admodum

858 3300 1168 3371 laetatus
1225 3301 1364 3386 est,
1423 3318 1710 3388 sperans
1747 3294 1952 3368 illum
2008 3295 2505 3370 certaminibus
2558 3300 2633 3367 et
2668 3296 2876 3368 bellis
2914 3295 3065 3369 suis
3121 3294 3422 3367 maxime
3474 3296 3947 3386 profuturum

855 3418 997 3511 ipsi
1051 3418 1344 3509 insuper
1393 3412 1760 3504 cruciferi,
1829 3438 1986 3489 cum
2041 3416 2298 3508 quibus
2364 3415 2543 3488 alias
2595 3414 2814 3507 ligam
2878 3420 2950 3488 et
3002 3412 3244 3489 foedus
3308 3414 3663 3489 amicitiae
3716 3420 3949 3487 contra

856 3540 1177 3632 Regnum
1232 3536 1566 3609 Poloniae
1620 3538 2041 3625 confecerat,
2101 3535 2419 3608 subsidia
2456 3535 2689 3627 ampla
2740 3534 2817 3606 in
2852 3534 3173 3626 pecuniis
3222 3538 3297 3608 et
3328 3534 3667 3627 gentibus
3722 3556 3943 3626 repro·

857 3660 1265 3746 mittebant,
1335 3678 1416 3729 ea
1481 3677 1604 3747 spe
1661 3656 1797 3729 sibi
1849 3656 2241 3747 proposita,
2299 3660 2380 3727 ut
2445 3656 2507 3727 si
2572 3654 2883 3739 vinceret
2942 3660 3017 3727 et
3056 3656 3347 3727 Ducatu
3411 3654 3679 3727 Ducem
3736 3653 3942 3747 Sigis-

858 3778 1193 3852 mundum
1248 3778 1574 3869 pelleret,
1632 3776 1940 3850 maxima
1994 3782 2231 3849 essent
2284 3775 2369 3848 ab
2408 3774 2535 3848 illo
2592 3774 2927 3868 suffragia
2982 3779 3223 3848 contra
3258 3775 3585 3867 Regnum
3622 3774 3941 3847 Poloniae

859 3898 1194 3972 habituri.
1252 3897 1557 3970 collecto
1611 3895 1850 3987 itaque
1888 3896 2288 3987 praedictus
2324 3896 2488 3968 Dux
2545 3895 2900 3988 Switrigal
2956 3916 3043 3968 ex
3082 3894 3432 3968 Ruthenis
3486 3898 3559 3967 et
3594 3892 3943 3967 Thartaris

859 4023 1072 4112 atque
1127 4016 1456 4090 Bohemis
1511 4014 1612 4089 ac'
1647 4016 1930 4089 Slesitis
1961 4014 2024 4106 Β)
2081 4016 2381 4088 notabili
2434 4015 2782 4103 exercitu,
2834 4019 3097 4088 terram
3150 4014 3576 4089 Litlmaniae
3633 4014 3817 4088 circa
3852 4014 3935 4085 fe·

859 4144 1050 4213 stum
1103 4136 1632 4227 Assumptionis
1687 4135 2121 4207 clandestine
2175 4135 2589 4227 ingreditur,
2647 4139 2729 4207 ut
2784 4134 3065 4207 facilius
3118 4134 3324 4205 fallat
3378 4138 3449 4207 et
3486 4138 3781 4227 occupet
3828 4135 3935 4205 ho-

859 4248 1063 4333 stem.
1121 4256 1250 4331 Cui
1303 4256 1640 4348 Magister
1693 4254 2028 4327 Livoniae
2085 4276 2243 4328 cum
2298 4255 2639 4328 Marsalco
2698 4259 2768 4327 ct
2821 4254 3143 4327 omnibus
3198 4253 3538 4326 Livoniae
3591 4254 3935 4327 Commen-

857 4378 1251 4467 datoribuS,
1311 4396 1438 4449 nec
1473 4396 1610 4447 non
1649 4374 1960 4449 exercitu
1998 4375 2322 4468 Magistri
2360 4375 2689 4448 Prussiae
2740 4380 2885 4447 tam
2924 4394 3012 4447 ex
3046 4373 3441 4447 forensibus
3496 4378 3569 4445 et
3604 4370 3938 4465 stipendio

858 4498 1254 4587 conductiS,
1315 4516 1522 4588 quam
1577 4515 1664 4569 ex
1717 4495 2022 4588 propriis
2077 4496 2369 4583 delecto,
2426 4494 2502 4567 in
2556 4493 2903 4566 auxilium
2958 4493 3185 4581 veni-t,
3254 4497 3324 4566 et
3377 4492 3703 4566 omnibus
3758 4512 3939 4567 exer-

857 4622 1118 4698 citibus
1175 4619 1390 4693 simul
1419 4615 1482 4703 ³)
1547 4615 1809 4689 iunctis
1873 4616 2036 4687 Dux
2103 4614 2599 4707 Sigismundus
2664 4614 3023 4687 Koributh
3084 4612 3487 4705 praeficitur
3550 4612 3629 4685 in
3692 4614 3939 4705 capita-

859 4766 1068 4817 neum
1143 4745 1213 4815 et
1273 4740 1655 4812 ductorem.
1737 4737 1902 4808 Dux
1977 4739 2211 4808 autem
2278 4734 2581 4827 'Magnus
2642 4732 3067 4808 Idthuaniae
3134 4731 3635 4825 sigismundus
3700 4733 3941 4805 horum

859 4864 1169 4937 omnium
1223 4882 1363 4933 non
1416 4858 1728 4951 ignaruS‚
1787 4854 2065 4947 colligit
2127 4855 2213 4928 de
2240 4854 2303 4944 ⁴)
2359 4852 2735 4926 Lithuanis
2792 4852 2941 4925 suis
2981 4858 3241 4945 quanto
3296 4850 3627 4925 maiorem
3682 4854 3942 4944 poterat

861 4984 1277 5069 exercitum
1335 4980 1456 5054 sed
1493 4978 1700 5050 illum
1753 4974 2004 5049 hostili
2058 4974 2405 5048 exercitui
2456 4971 2863 5065 intelligens
2898 4972 3122 5044 multo
3158 4970 3559 5045 inferiorem
3612 4972 3938 5055 futurum,

861 5103 1088 5177 scions
1144 5120 1422 5193 quoque
1477 5119 1563 5173 ex
1619 5096 1994 5170 Lithuanis
2057 5094 2403 5187 plurimos
2458 5093 2627 5183 sibi,
2694 5114 2809 5165 eos
2864 5092 3307 5184 praesertim,
3374 5111 3669 5183 quorum
3720 5096 3941 5183 patres

1078 5357 1124 5447 ¹)
1171 5359 1487 5433 Ungaricis
1532 5356 1657 5420 Ed.
1691 5355 1872 5440 Lips.
1923 5352 1968 5438 ⁹)
2017 5354 2248 5419 Silesiis
2292 5350 2419 5419 Ed.
2466 5347 2647 5438 Lips.
2712 5348 2763 5435 ³)
2808 5348 2931 5413 suis
2974 5346 3103 5415 Ed.
3150 5343 3331 5432 Lips.
3394 5343 3451 5430 ⁴)
3494 5368 3569 5409 ex
3610 5342 3740 5409 Ed.
3772 5342 3938 5431 Lipt.
