4342 6384
797 529 942 601 166
1980 547 2207 599 mmm
2258 544 2713 601 11111111οω00.
3347 514 3482 617 (Α.
3522 516 3613 591 D.
3655 514 3888 614 1414.)

792 753 1041 825 parum
1097 735 1374 805 sensate
1431 733 1500 804 et
1553 731 1863 804 incaute:
1923 729 2044 821 qui
2081 729 2319 802 eodem
2373 731 2751 817 momente,
2811 725 3249 801 velocissimo
3288 726 3535 798 nuntio
3591 725 3665 799 in
3702 727 3885 798 Tho-

791 874 928 923 run
984 852 1070 923 ad
1123 849 1755 924 Commendatorem
1809 848 2259 937 transmisse,
2317 847 2733 942 Magistrum
2787 847 3117 920 Prussiae
3179 846 3593 919 Michaelem
3648 847 3884 918 Koch-

795 970 1080 1044 meister
1134 974 1204 1042 et
1257 971 1776 1042 Thorunensem
1815 968 2452 1041 Commendatorem
2508 968 2591 1040 de
2628 968 2794 1058 fuga
2845 966 3134 1039 Henrici
3187 965 3271 1037 (10
3307 965 3590 1037 Plavven
3628 963 3885 1036 avisat.

797 1091 1230 1182 Quapropter
1283 1089 1450 1180 fuga
1505 1087 1655 1160 eius
1711 1087 1906 1160 illico
1962 1087 2345 1179 intercepta
2401 1090 2541 1176 est,
2599 1091 2669 1160 01
2720 1086 2873 1177 ipse
2928 1085 3276 1158 Henricus
3333 1085 3416 1157 de
3450 1085 3735 1157 Plawen
3772 1105 3887 1157 ca-

794 1213 961 1300 ptus
1017 1213 1088 1281 et
1138 1209 1214 1280 in
1268 1209 1422 1281 loca
1475 1206 1846 1281 remotiora
1898 1208 2245 1297 perlatae,
2303 1207 2509 1299 longo
2547 1209 2855 1298 tempore
2910 1202 3347 1296 captivitatis
3402 1203 3687 1277 acerbae
3738 1224 3887 1274 mo-

794 1327 1042 1400 lestias
1094 1328 1397 1418 perferre
1461 1330 1742 1399 coactus
1809 1327 2033 1416 est1),
2109 1325 2495 1398 maximum
2556 1347 2787 1399 rerum
2852 1324 3067 1418 Regis
3134 1329 3203 1396 et
3270 1323 3497 1415 Regni
3549 1323 3891 1395 Poloniae

797 1444 1274 1518 adiumentum
1303 1445 1390 1535 2),
1449 1445 1512 1517 01
1565 1444 1908 1518 evasisset
1961 1449 2031 1520 et
2066 1447 2224 1519 Rex
2278 1445 2431 1518 eius
2488 1446 2721 1538 fugam
2760 1445 2967 1518 silere
3020 1442 3510 1530 sustinuisset,
3572 1443 3883 1514 futurus,

796 1565 1151 1639 Percitum
1205 1565 1392 1638 enim
1447 1564 1554 1637 ira
1603 1565 1678 1637 in
1719 1565 2075 1655 Ordinem,
2135 1587 2340 1658 quem
2393 1569 2708 1638 ruentem
2764 1567 2851 1637 ab
2906 1561 3324 1637 exterminio
3380 1560 3887 1647 vindicaverat,

799 1705 958 1775 spes
1013 1689 1195 1774 erat,
1252 1683 1647 1757 accessione
1703 1705 1861 1772 sua,
1919 1685 2128 1758 rebus
2164 1683 2521 1758 Polonicis
2557 1683 2763 1756 illum
2816 1705 3024 1776 quam
3060 1680 3363 1754 maxime
3414 1681 3885 1773 profuturum.

800 2163 1195 2234 vladislaus
1238 2163 1377 2234 Rex
1421 2163 1718 2235 Poloniae
1765 2163 2140 2235 sententiae
2203 2163 2590 2252 sigismundi
2633 2163 2829 2253 Regis
2872 2162 3231 2252 utlagariae
3290 2163 3465 2232 inter
3508 2179 3584 2232 so
3630 2163 3701 2232 et
3744 2162 3885 2232 ῦῐιι·

803 2281 1037 2353 citeros
1079 2283 1259 2353 latae
1277 2337 1294 2368 ,
1341 2284 1635 2372 quamvis
1677 2285 1937 2372 iniquae
1956 2339 1973 2370 ,
2017 2287 2237 2355 tamen
2283 2283 2672 2373 acquiescit;
2717 2282 2835 2354 sed
2877 2281 3143 2354 infestis
3184 2281 3649 2353 ruthenorum
3694 2281 3886 2352 arnis

1731 2404 2160 2492 provocatus,
2210 2404 2565 2474 exercitum
2610 2402 2975 2477 conscribit.

1007 2637 1299 2709 Causam
1353 2637 1602 2710 deinde
1657 2658 1855 2710 suam
1910 2636 2347 2710 Wladislaus
2400 2638 2733 2711 Poloniae
2787 2639 2942 2710 Rex
2997 2658 3153 2710 cum
3208 2635 3583 2710 Cruciferis
3638 2642 3707 2710 et
3758 2635 3881 2708 Or-

801 2754 964 2828 dine
1017 2755 1192 2829 iuris
1247 2755 1596 2830 decisione
1647 2755 1917 2848 potius,
1958 2778 2164 2848 quam
2202 2757 2413 2829 armis
2461 2757 2940 2847 expediturus,
2995 2755 3456 2848 Lyaskarium
3510 2755 3600 2828 (10
3636 2755 3879 2829 Grosla-

803 2873 1012 2946 wicze
1062 2875 1725 2948 wladislaviensem
1779 2877 2301 2967 Praepositum,
2366 2875 2779 2969 Magistrum
2833 2876 3134 2948 Paulum
3172 2873 3577 2948 Wladimiri
3630 2875 3877 2947 Decre-

803 2996 1033 3065 torum
1087 2993 1488 3081 Doctorem,
1544 2994 1898 3067 custodem
1937 2992 2491 3082 Cracoviensem,
2548 2995 2960 3087 Magistrum
2998 2995 3284 3068 Petrum
3337 2993 3422 3065 de
3456 2994 3800 3067 Wolfram
3822 2991 3882 3080 ³)

809 3109 1282 3184 Licentiatum
1335 3111 1408 3182 in
1447 3111 1759 3185 Decretis
1815 3115 1884 3185 et
1919 3113 2328 3185 Zawissium
2363 3114 2641 3205 nigrum
2679 3114 2763 3186 de
2803 3113 3093 3187 Garbow
3146 3111 3444 3186 militem
3473 3112 3539 3200 ⁴)
3594 3113 3682 3184 ad
3724 3133 3880 3184 con-

803 3227 1223 3301 tinuandum
1274 3250 1674 3321 processum
1725 3231 1882 3304 litis
1947 3236 2016 3304 et
2069 3251 2319 3305 causae
2374 3235 2615 3305 contra
2668 3231 3083 3321 CruciferOS,
3153 3253 3381 3304 coram
3436 3231 3881 3324 Sigismundo

803 3347 1272 3420 Romanorum
1325 3351 1398 3421 01
1452 3350 1854 3442 Hungariae
1909 3351 2098 3444 Rege
2171 3354 2242 3422 et
2297 3350 2445 3422 suis
2499 3350 2922 3423 consiliariis
2980 3354 3333 3442 coeptum,
3392 3356 3460 3424 et
3514 3351 3603 3422 ad
3646 3354 3879 3442 peten-

803 3465 969 3537 dum
1025 3467 1190 3538 ferri
1244 3487 1330 3540 ex
1382 3469 1743 3558 productis
1805 3469 2257 3557 sententiam,
2318 3491 2523 3560 quam
2578 3468 3014 3543 Wladislaus
3069 3469 3402 3542 Poloniae
3439 3469 3596 3542 Rex
3652 3474 3720 3542 01
3772 3467 3882 3540 0111

805 3584 1192 3658 001101110111
1263 3587 1449 3677 parti
1525 3606 1691 3659 suae
1752 3586 2132 3678 plurimum
2200 3587 2720 3660 arbitrabantur
2788 3589 3253 3679 profuturam,
3329 3587 3632 3676 Budam,
3700 3609 3881 3659 sum-

803 3703 1044 3792 ptibus
1098 3705 1451 3797 regalibus
1507 3706 1778 3778 abunde
1814 3706 2164 3798 provisOS,
2223 3706 2666 3778 transmittit.
2725 3706 2858 3797 Qui
2914 3727 3071 3778 cum
3107 3707 3379 3778 Budam
3416 3707 3490 3778 in
3529 3706 3883 3779 conductu

805 3821 1116 3895 Paschae
1171 3824 1652 3912 advenissent,
1712 3828 1783 3896 et
1835 3845 2062 3896 coram
2117 3825 2428 3896 Iohanne
2483 3824 2949 3916 Strigoniensi
2986 3823 3530 3915 archiepiscopo,
3589 3825 3885 3914 aliisque

807 3939 1208 4030 Hungariae
1260 3941 1636 4014 baronibus
1692 3943 1778 4013 ad
1815 3943 2247 4014 tractandam
2285 3963 2563 4014 causam
2600 3943 2988 4033 deputatis,
3028 3942 3301 4014 iuribus
3338 3942 3881 4014 evidentissimis

807 4075 1086 4128 causam
1140 4059 1614 4147 fulcivissent,
1673 4060 2045 4133 Cruciferis
2098 4062 2226 4151 pro
2264 4082 2388 4132 suo
2443 4061 2782 4132 interesse
2835 4061 3047 4133 etiam
3101 4060 3253 4132 illic
3284 4061 3345 4149 5)
3398 4061 3881 4150 praesentibus

810 4175 881 4243 et
935 4175 1118 4245 facta
1169 4197 1297 4247 sua
1350 4177 1571 4269 magis
1627 4199 1793 4250 auro
1851 4183 1921 4251 01
1973 4179 2231 4269 1110110,
2290 4200 2497 4269 (1110111
2533 4178 2810 4250 iustitia
2862 4177 3479 4270 prosequentibuS,
3536 4180 3881 4252 Iohannes

810 4291 1366 4383 archiepiscopus
1423 4295 1956 4388 Strigoniensis,
2023 4298 2313 4370 caeteris
2370 4297 2519 4369 suis
2573 4296 2863 4389 collegis
2917 4297 3406 4388 probantibus,
3466 4297 3554 4368 ad
3610 4303 3880 4370 senten-

810 4409 950 4481 tiae
1003 4410 1493 4500 prolationem,
1558 4436 1696 4486 non
1754 4415 2032 4506 quidem
2089 4416 2467 4488 secundum
2525 4437 2728 4487 suum
2792 4419 2862 4488 01
2915 4437 3197 4488 0110111111
3252 4416 3677 4507 collegarum
3733 4436 3882 4488 sen-

809 4548 996 4616 sum,
1060 4529 1501 4619 prudentiam
1573 4537 1644 4604 et
1706 4534 2095 4625 ingenium,
2169 4555 2394 4625 neque
2457 4534 2936 4606 testimonium
3008 4534 3289 4607 evidens
3362 4535 3881 4624 productorum,

811 4646 931 4718 sed
993 4647 1195 4719 iuxta
1266 4648 1698 4740 Sigismundi
1769 4653 2239 4724 Romanorum
2311 4658 2381 4724 01
2445 4652 2847 4744 Hungariae
2920 4653 3136 4746 Regis
3209 4653 3747 4724 instructionem
3818 4657 3887 4722 et

811 4766 1211 4837 mandatum
1262 4767 1634 4857 processit,
1701 4773 1770 4842 01
1831 4769 2030 4840 1110111
2095 4769 2169 4840 111
2225 4769 2509 4862 scriptis
2575 4772 2965 4862 proferens,
3032 4770 3505 4844 Wladislaum
3558 4769 3887 4842 Poloniae

811 4881 1073 4973 Regem
1145 4887 1214 4956 et
1273 4885 1576 4957 Polonos
1648 4887 1952 4959 maxima
2023 4908 2144 4978 spe
2218 4889 2619 4961 exultantes
2685 4889 2960 4961 fefellit.
3044 4888 3216 4960 Erat
3281 4889 3464 4960 enim
3540 4888 3888 4961 sententia

811 4999 1244 5088 huiusmodi,
1299 5023 1439 5073 non
1491 5008 1572 5074 ut
1624 5004 1872 5076 Poloni
1928 5010 1997 5077 et
2032 5006 2189 5077 Rex
2244 5027 2479 5079 eorum
2516 5008 2955 5093 autumabat,
3014 5027 3279 5094 crassa,
3336 5006 3459 5079 sed
3514 5006 3782 5079 sterilis
3819 5009 3887 5078 et

1030 5266 1079 5346 ¹)
1123 5275 1360 5330 coactus
1404 5276 1496 5331 est
1538 5268 1764 5333 desunt
1793 5272 1864 5344 in.
1897 5268 2048 5335 Cod.
2084 5269 2260 5336 Galv.
2307 5281 2367 5336 et
2385 5271 2561 5337 Kost.
2610 5273 2663 5356 ⁹)
2710 5276 3072 5336 commodum
3101 5273 3228 5337 Ed.
3260 5273 3441 5357 Lips.
3483 5273 3537 5354 ³)
3581 5275 3890 5336 wolfi-ank

822 5363 974 5432 Cod.
1024 5365 1198 5431 Calv.
1242 5371 1530 5434 Wolfrani
1585 5373 1736 5436 eod.
1782 5372 1955 5436 Kost.
2005 5373 2060 5456 ⁴)
2103 5377 2385 5438 Poloniae
2425 5378 2669 5440 militem
2717 5372 2867 5440 Cod.
2917 5372 3091 5439 Calv.
3142 5375 3193 5456 ⁵)
3234 5378 3450 5437 ibidem
3500 5371 3652 5439 Cod.
3698 5375 3887 5439 Rozr.
