4342 6384
870 540 967 612 56
2052 558 2280 611 mmm
2331 557 2789 611 annuemus.
3425 536 3559 638 (Α.
3599 535 3693 612 D.
3734 534 3957 636 1410.)

864 748 1009 816 tam
1065 744 1339 816 validas
1392 744 1615 817 undas
1670 743 1759 815 ad
1798 743 2208 817 diluendum
2261 742 2444 816 illud
2497 742 2892 817 habiturus,
2948 743 3328 817 Perculsus
3365 743 3584 838 igitur
3635 746 3956 819 huiusce-

864 864 1052 936 modi
1118 885 1431 940 sermone
1493 868 1563 937 et
1624 863 1712 935 ad
1776 885 1849 938 se
1920 865 2274 955 prolatum
2337 867 2568 953 ratus,
2644 864 3046 956 praedictus
3121 865 3473 938 Iohannes
3545 865 3957 956 Sarnowsky

868 985 1223 1057 Bohemus
1296 983 1683 1072 vexillifer,
1758 989 1986 1056 amoto
2059 985 2300 1076 galeae
2385 1005 2551 1057 snae
2625 985 2910 1058 dolabro
2934 1042 2951 1075 ,
3027 985 3318 1057 Nicolao
3391 985 3958 1059 vicecancellario

864 1104 1255 1195 respondit:
1330 1103 1579 1194 Neque
1631 1106 1853 1191 metu,
1918 1123 2143 1194 neque
2209 1124 2362 1176 mea
2424 1107 2706 1195 sponte,
2771 1105 2985 1178 Pater
3036 1105 3444 1178 reverende!
3519 1105 3640 1178 sed
3695 1105 3958 1197 impetn

868 1229 939 1298 et
992 1229 1227 1297 tractu
1279 1223 1701 1316 fugientium
1768 1242 1857 1294 ex
1910 1222 2178 1314 praelio
2243 1227 2314 1296 et
2377 1223 2508 1296 snb
2565 1223 2764 1317 signo
2820 1245 2971 1298 meo
3033 1224 3572 1298 consistentium
3625 1225 3954 1312 militum,

866 1344 1005 1418 huc
1060 1366 1215 1418 sum
1271 1343 1573 1417 delatus,
1631 1340 1898 1416 Milites
1936 1343 2379 1437 antesignani
2427 1365 2514 1418 ex
2553 1344 2885 1416 Bohemis
2941 1349 3012 1417 et
3048 1345 3384 1435 Moravis,
3441 1345 3688 1433 Iawor‚
3739 1343 3953 1436 Sigis-

868 1464 1169 1537 mundus
1226 1464 1651 1556 Rakowyecz
1690 1464 1775 1536 de
1812 1464 2117 1536 Rakowa
2154 1465 2210 1555 ¹)
2249 1469 2319 1538 et
2357 1463 2512 1536 alii:
2571 1463 2760 1552 Tibi,
2818 1465 3181 1556 inquiunt,
3241 1469 3585 1538 testamur
3619 1464 3732 1536 vir
3767 1485 3956 1556 egre-

866 1583 1011 1676 gie!
1087 1583 1269 1676 quod
1334 1583 1553 1656 ductu
1613 1582 1827 1656 huius
1888 1583 2195 1657 hominis
2255 1584 2578 1677 pessimi,
2655 1584 2882 1658 nostri
2943 1585 3428 1678 primipilarii,
3503 1605 3630 1658 nos
3695 1584 3771 1656 in
3833 1586 3957 1656 has

866 1704 1086 1777 silvas
1142 1724 1229 1778 ex
1284 1703 1687 1777 certaminis
1742 1704 1893 1776 loco
1947 1707 2186 1776 trusos
2241 1709 2311 1778 et
2363 1703 2701 1778 adductos
2755 1725 2940 1778 esse:
3009 1709 3080 1778 et
3131 1726 3218 1779 ne
3271 1705 3476 1778 nobis
3532 1707 3738 1797 fugae
3793 1704 3956 1776 faci-

866 1845 1000 1896 nus
1053 1823 1283 1915 possit
1320 1822 1727 1915 exprobrari
1780 1844 1821 1895 a
1858 1844 2240 1916 quoquam,
2282 1824 2568 1898 ductore
2607 1845 2765 1914 suo,
2823 1823 3162 1916 signoque
3199 1825 3386 1916 quod
3423 1826 3591 1912 fert,
3639 1823 3960 1913 desertiS,

867 1945 957 2018 ad
1018 1947 1367 2018 certamen
1430 1942 1871 2017 revertimur.
1954 1943 2202 2036 Neque
2263 1943 2474 2017 dictis
2538 1943 2806 2018 faciunt
2870 1965 3164 2032 moram;
3240 1945 3362 2018 sed
3423 1946 3738 2018 Iohanne
3803 1944 3960 2016 Sar-

868 2064 1152 2155 nowsky
1210 2067 1281 2136 et
1334 2063 1535 2157 signo
1591 2063 1957 2152 derelicto,
2024 2064 2322 2138 celerius
2379 2085 2515 2157 quo
2581 2069 2879 2156 possunt
2929 2064 3335 2153 redeunteS,
3399 2065 3484 2138 ad
3538 2065 3962 2158 palaestram

870 2183 1289 2257 certantium
1342 2184 1651 2257 militum
1703 2183 2218 2258 Polonicalium
2276 2205 2348 2256 se
2403 2183 2802 2278 agminibus
2855 2184 3309 2258 miscuerunt.
3364 2185 3536 2256 Erat
3589 2189 3825 2258 autem
3879 2184 3963 2255 ab

870 2325 949 2378 eo
1004 2307 1311 2395 tempore
1362 2306 1720 2396 praefatus
1774 2304 2123 2377 Iohannes
2181 2303 2594 2397 Sarnowsky
2632 2305 2986 2378 Bohemus
3023 2305 3346 2378 infamis:
3407 2326 3612 2398 quem
3671 2308 3742 2378 et
3787 2324 3963 2376 uxor

868 2425 1182 2517 propria,
1238 2444 1325 2498 ex
1381 2425 1714 2499 Poloniae
1768 2426 2013 2518 Regno
2065 2429 2229 2516 post
2281 2424 2682 2498 conflictum
2717 2421 3120 2499 redeuntem
3137 2483 3154 2514 ‚
3210 2446 3440 2518 neque
3475 2429 3704 2499 castro
3739 2444 3966 2515 neque

869 2546 1072 2618 thoro
1116 2544 1469 2637 excipere,
1526 2545 2143 2620 meticulositatem
2181 2549 2252 2618 et
2287 2545 2526 2638 fugam
2562 2544 2678 2618 illi
2712 2546 3171 2637 exprobrans,
3227 2545 3730 2637 perseveravit.
3793 2543 3959 2635 Qui-

866 2664 999 2736 bus
1054 2666 1502 2740 contumeliis
1561 2671 1773 2759 atque
1826 2665 2271 2758 improperiis
2327 2665 2651 2753 affectu8‚
2708 2685 2930 2756 pauco
2967 2664 3154 2738 vixit
3192 2670 3534 2759 tempore,
3591 2663 3966 2755 taedioque

868 2789 939 2857 et
992 2785 1229 2858 dolore
1282 2785 1565 2859 assiduo
1621 2786 2115 2859 contabescens
2146 2783 2209 2874 2)
2266 2785 2624 2858 extinctus
2679 2789 2810 2858 est.
2868 2785 3095 2857 Fraus
3151 2785 3336 2858 enim
3393 2806 3520 2858 sua
3557 2788 3627 2858 et
3662 2783 3961 2876 pusilla·

868 2902 1191 2994 nimitas,
1246 2927 1457 2997 quam
1514 2927 1593 2979 eo
1648 2906 1763 2980 die
1817 2905 1892 2979 in
1948 2905 2346 2980 Wladislao
2400 2904 2739 2978 Poloniae
2792 2905 3016 2997 Rege,
3075 2905 3404 2998 fugiendo
3441 2904 3840 2977 voluntarie
3877 2923 3964 2976 ex

869 3044 1137 3117 pugna,
1204 3026 1633 3115 ostenderat,
1702 3025 1775 3098 in
1840 3027 2203 3118 vulgarem
2257 3031 2328 3100 et
2381 3025 2566 3117 apud
2623 3024 3154 3118 sigismundum
3217 3026 3625 3119 Hungariae
3677 3025 3962 3118 Regem,

870 3148 942 3218 et
994 3145 1181 3236 apud
1234 3145 1611 3220 Bohemiae
1664 3150 1733 3218 et
1786 3145 2137 3220 Moraviae
2191 3146 2516 3235 barones,
2589 3146 2996 3220 ascenderat
3061 3146 3446 3234 notionem,
3513 3165 3638 3218 nec
3691 3149 3969 3236 poterat

869 3263 1109 3356 aliquo
1162 3286 1489 3357 processu
1544 3265 1879 3358 temporis
1934 3264 2231 3355 aboleri,
2290 3265 2471 3338 dilui
2523 3267 2639 3339 vel
2693 3264 3078 3339 obliterari.
3133 3267 3404 3359 Fugam
3441 3272 3676 3338 autem
3714 3265 3962 3336 huius-

870 3383 1057 3456 modi
1112 3389 1183 3458 et
1234 3384 1766 3473 discessionem,
1832 3385 2191 3476 praefatus
2246 3386 2628 3474 IohanneS,
2697 3385 3375 3477 pusillanimitatene
3427 3389 3518 3458 an
3571 3391 3741 3458 auro
3795 3385 3965 3457 Cru-

868 3502 1151 3578 ciferico
1206 3508 1578 3597 corruptus
1635 3505 1910 3594 fecerit,
1966 3526 2214 3597 parum
2271 3506 2663 3579 constabat.
3497 3500 3506 3508 ’

870 3862 1131 3953 Signum
1172 3861 1240 3933 vi
1283 3859 1570 3935 hostium
1613 3859 1968 3952 collapsum
2011 3860 2388 3934 restituitur
2419 3879 2460 3932 ι
2487 3859 2762 3935 totonis.
2805 3860 3110 3934 hathoni
3143 3879 3184 3932 ι
3213 3860 3665 3950 persecutione
3713 3859 3970 3932 Lithu·

870 3999 1094 4053 norun
1138 3982 1413 4068 reversi,
1459 3998 1739 4072 pugnam
1780 3981 2191 4068 instaurant,
2237 3999 2316 4054 ac
2357 3998 2530 4054 unns
2575 3999 2819 4069 corun,
2865 3982 2973 4072 qni
3017 3982 3087 4053 in
3117 3982 3354 4071 negem
3384 3980 3552 4053 totis
3581 3979 3830 4052 viribus
3859 3981 3968 4050 in·

1087 4104 1309 4191 potu
1352 4101 1542 4188 tacit,
1588 4102 1669 4173 ab
1712 4101 1939 4176 inermi
1985 4102 2261 4191 sbigneu
2305 4103 2388 4174 do
2431 4101 2849 4177 oloschnicza
2891 4101 3150 4174 notario
3195 4100 3372 4189 regio
3419 4097 3754 4172 occiditur.

1080 4346 1498 4421 Lithuanico
1553 4347 1868 4421 exercitu
1924 4347 1996 4420 in
2051 4349 2287 4441 fugam
2351 4353 2539 4438 acto,
2603 4349 2790 4422 inter
2852 4348 3263 4421 Polonicum
3327 4351 3398 4420 et
3460 4344 3966 4419 Pruthenicum

873 4467 1292 4556 exercitum,
1360 4488 1735 4560 suppresso
1797 4488 1921 4559 per
1984 4469 2394 4541 descensum
2459 4469 2700 4540 suavis
2757 4473 2827 4542 et
2881 4468 3232 4541 modestae
3297 4465 3613 4557 pluviae,
3671 4464 3964 4556 ingenti,

716 4679 739 4692 ἱ
870 4588 991 4681 qui
1046 4609 1353 4681 pugnam
1406 4593 1476 4660 et
1527 4593 1920 4680 pugnantes
1972 4589 2470 4676 confundebat,
2527 4590 2848 4680 pulvere,
2905 4587 3316 4660 acerrimum
3377 4585 3818 4658 instauratur
3887 4585 3966 4657 in

870 4709 1047 4782 locis
1102 4708 1321 4781 variis
1374 4711 1748 4781 certamen.
1806 4709 2180 4782 Cruciferis
2237 4729 2509 4801 quoque
2555 4729 2680 4800 pro
2717 4708 3012 4781 victoria
3065 4707 3582 4794 adnitentibus,
3637 4725 3972 4797 magnum

874 4828 1287 4902 banderium
1349 4826 1684 4901 Poloniae
1749 4828 1967 4920 Regis
2034 4828 2445 4915 Wladislai,
2475 4832 2480 4838 ’
2513 4828 2821 4919 aquilam
2887 4828 3118 4901 albam
3177 4826 3444 4898 habens
3497 4846 3622 4917 pro
3677 4824 3971 4917 insigni,

874 4950 1077 5024 cuius
1142 4947 1488 5021 Martinus
1551 4947 1637 5021 de
1702 4948 2306 5022 Wroczimowicze
2360 4947 2719 5022 vexillifer
2770 4947 3283 5035 CracoviensiS,
3349 4945 3556 5018 miles
3616 4946 3702 5018 de
3765 4945 3974 5017 domo

873 5069 1267 5142 Polukosza
1298 5067 1361 5158 3)
1418 5071 1569 5142 erat
1601 5072 1945 5161 gestator,
2000 5069 2394 5163 prolabitur
2429 5067 2680 5141 hostili
2715 5069 2980 5159 impetu
3019 5067 3093 5140 in
3129 5071 3419 5155 terram3
3475 5087 3716 5139 verum
3755 5087 3796 5136 a
3833 5086 3970 5157 pu-

874 5188 1317 5282 gnacissimis
1372 5189 1720 5262 militibus
1775 5197 1845 5263 et
1901 5189 2283 5277 Vemania,
2341 5189 2463 5281 qui
2517 5189 2604 5260 ad
2659 5188 2838 5262 illud
2892 5187 3386 5274 constiterant,
3443 5185 3636 5258 illico
3689 5183 3976 5258 ruinam

1094 5444 1141 5530 ¹)
1184 5446 1489 5508 Rankowa
1536 5441 1686 5512 0οᾶ.
1738 5442 1915 5509 Calv.
1967 5444 2019 5516 ²)
2066 5446 2452 5507 extabescens
2497 5442 2625 5506 Ed.
2672 5441 2850 5528 Lips.
2901 5441 2957 5524 ³)
3001 5443 3324 5504 Palkozicz
3372 5436 3524 5505 God.
3571 5437 3746 5503 Kost.
