4342 6384
379 583 516 684 (Α.
557 584 648 658 D.
689 579 944 680 1430.)
1545 601 1772 654 mann
1825 599 2283 654 mncnms.
3318 585 3469 656 409

391 789 844 881 „mutationis
896 809 1020 882 pro
1075 785 1419 862 Iarinicze
1453 786 2010 879 provenientem
2065 785 2235 860 item
2272 786 2703 878 Mylenkowo
2741 787 2797 877 ¹)
2852 807 3009 861 cum
3048 787 3467 876 tributariis,

391 909 988 1000 „censuariisque,
1046 912 1116 981 et
1167 906 1656 996 redditnariis;
1713 905 1882 979 item
1935 906 2010 978 in
2066 906 2379 978 Blnscha
2410 904 2497 996 ²),
2556 905 2765 979 etiam
2805 927 2893 981 ex
2930 909 3472 982 commutatione

391 1051 558 1123 „pro
614 1027 1164 1103 Wochothnicza
1219 1027 1613 1113 cedentem;
1675 1025 1846 1099 item
1909 1025 2128 1098 villae
2189 1025 2265 1098 in
2318 1025 2733 1099 Wloschina
2762 1024 2822 1116 ³)
2879 1031 2951 1100 et
3003 1028 3078 1099 in
3134 1027 3468 1117 Starzini,

391 1171 608 1242 „quas
661 1147 839 1222 alias
891 1147 1192 1221 Kuczuk
1244 1167 1370 1240 pro
1425 1146 1726 1219 Trebina
1758 1143 2197 1236 possidebat,
2255 1145 2535 1238 aliaque
2572 1145 2804 1218 omnia
2840 1150 2909 1219 et
2948 1147 3229 1239 singula
3263 1146 3467 1236 bona,

391 1269 898 1358 „haereditates
953 1273 1024 1341 et
1073 1265 1583 1359 possessiones,
1641 1264 2040 1354 districtus,
2098 1268 2309 1356 atque
2362 1265 2573 1338 villas
2622 1285 2835 1358 supra
2869 1265 3129 1356 dictas,
3186 1286 3363 1357 quae
3402 1271 3473 1340 et

393 1409 610 1480 „quas
661 1388 850 1461 dicta
903 1385 1199 1460 ecclesia
1250 1385 1644 1474 VilnensiS,
1703 1385 2102 1477 episcopua,
2169 1384 2569 1477 Capitulum
2624 1389 2695 1458 et
2748 1384 3088 1475 ministri,
3145 1386 3220 1459 in
3273 1407 3468 1477 prae-

392 1508 620 1598 „senti
673 1508 1022 1598 obtinent,
1081 1513 1153 1581 et
1205 1507 1282 1579 in
1335 1510 1693 1598 posterum
1731 1523 2059 1578 successu
2097 1505 2288 1578 felici
2325 1509 2715 1596 temporum
2754 1505 3203 1594 obtinebunt,
3260 1510 3470 1596 prout

392 1627 510 1717 „in
563 1627 712 1700 suis
767 1627 974 1701 metis
1027 1631 1100 1701 et
1152 1625 1501 1699 limitibus
1539 1626 1781 1717 longe,
1838 1625 1981 1696 late
2019 1629 2090 1698 et
2125 1624 2854 1699 circumferentialiter
2890 1630 3057 1699 sunt
3092 1625 3471 1698 distinctae

393 1753 508 1837 „et
558 1747 937 1836 limitatae,
995 1767 1150 1820 cum
1207 1744 1530 1819 omnibus
1585 1748 1657 1817 et
1693 1743 1996 1836 singulis
2052 1765 2288 1818 earum
2341 1744 2811 1832 utilitatibus,
2870 1745 3252 1831 fructibus,
3308 1765 3467 1818 cen·

393 1866 662 1956 „sibuS‚
718 1866 1141 1955 redditibus,
1197 1864 1687 1957 proventibus,
1745 1863 1965 1955 agria,
2021 1863 2279 1955 pratis,
2328 1864 2627 1957 campis,
2665 1864 2991 1958 piscinis,
3032 1863 3271 1954 silvis,
3310 1864 3466 1937 bor-

393 1987 566 2075 „ris,
623 1986 933 2075 mericis,
988 1985 1290 2074 rubetis,
1347 1984 1561 2078 gaiiS,
1619 1983 2032 2072 mellificiis,
2088 1983 2619 2073 venationibus,
2670 1984 3285 2078 aucupationibus,
3328 1987 3468 2056 sta-

392 2105 624 2199 „gniS,
679 2105 1006 2193 lacubus,
1060 2104 1438 2196 paludibus
1458 2160 1475 2192 ,
1525 2103 1736 2192 rivis,
1775 2102 1978 2194 aquis
2007 2103 2096 2193 ⁴),
2153 2123 2631 2194 aquarumque
2668 2103 3113 2195 decursibus,
3151 2103 3468 2198 piscinis,

392 2224 844 2318 „piscaturis‚
901 2223 1320 2297 molendinis
1359 2229 1428 2298 et
1465 2223 1777 2314 ipsorum
1833 2223 2357 2316 emolumentis,
2414 2223 2732 2312 tributis,
2791 2225 3209 2316 censuariis,
3266 2244 3468 2299 exac-

391 2344 780 2435 „tionibus‚
845 2342 1511 2432 contributionibus,
1577 2341 2080 2430 solutionibus,
2149 2342 2457 2431 iuribnS,
2524 2344 3180 2434 consuetudinibus,
3246 2343 3465 2417 domi·

393 2464 610 2553 „niis,
664 2463 1246 2556 proprietatibus,
1301 2461 1692 2551 laboribus,
1748 2462 2090 2552 vecturis,
2155 2463 2552 2552 Podwodis,
2620 2464 3077 2553 stationibuS,
3134 2469 3257 2537 aut
3312 2465 3466 2556 qui-

393 2583 678 2674 „busvis
733 2582 1221 2677 pensionibus,
1278 2581 1353 2654 in
1409 2581 1614 2656 terris
1669 2581 2091 2655 Lithnaniae
2145 2581 2299 2654 dari
2353 2585 2423 2655 et
2476 2583 2771 2655 conferri
2818 2583 3087 2671 solitis,
3146 2585 3468 2676 solvique

392 2703 817 2793 „consuetis,
877 2723 918 2774 a
970 2702 1226 2794 quibus
1280 2701 1544 2774 dictum
1598 2701 1954 2774 dominum
2009 2701 2442 2792 episcopum,
2502 2701 2933 2792 Capitulum,
2984 2703 3348 2776 ecclesiam
3400 2709 3469 2777 et

393 2822 794 2912 „ministros
849 2821 1224 2895 eximimus
1280 2825 1350 2895 et
1402 2826 1739 2914 perpetuo
1794 2820 2205 2910 liberamus,
2264 2821 2783 2910 confirmamus,
2839 2821 3302 2912 ratificamus,
3361 2823 3465 2894 in·

394 2961 807 3032 „novamus,
870 2941 1346 3033 gratificamus
1414 2952 1486 3013 et
1547 2940 2044 3033 approbamus,
2117 2940 2567 3014 decernentes
2630 2962 2711 3014 ea
2774 2941 3004 3014 omnia
3066 2947 3136 3015 et
3190 2942 3469 3036 singula

393 3061 914 3154 „suprascripta
967 3066 1038 3135 et
1089 3081 1214 3152 per
1263 3061 1654 3153 praefatum
1694 3061 2069 3132 Dominum
2107 3060 2589 3133 Alexandrum
2626 3059 3101 3134 Withawdum
3138 3062 3468 3155 Magnum

393 3183 697 3270 „Ducem
755 3182 1042 3269 donata,
1100 3180 1442 3274 inscripta
1495 3183 1566 3252 et
1619 3179 1758 3272 ipsi
1813 3179 2146 3254 ecclesiae
2202 3180 2558 3270 Vilnensi,
2606 3181 2884 3253 domino
2931 3180 3286 3276 episcopo,
3342 3183 3466 3255 Ca-

395 3300 664 3392 „pitulo
719 3304 789 3372 et
841 3299 1218 3390 ministris,
1274 3299 1728 3393 privilegia-ta
1781 3303 1850 3372 et
1903 3320 2211 3389 annexa,
2274 3300 2487 3373 robur
2551 3301 2860 3374 obtinere
2922 3306 3297 3394 perpetuae
3348 3301 3463 3375 fir-

394 3419 736 3509 „mitatisz
795 3418 1126 3493 facientes
1181 3424 1250 3493 et
1303 3419 1814 3493 constituentes
1867 3420 2219 3510 praefatos
2274 3419 2633 3493 dominum
2690 3421 3124 3512 episcopum,
3185 3421 3466 3512 Capitu-

394 3541 582 3629 „lum
638 3543 708 3613 et
760 3537 1122 3612 ministros
1185 3559 1264 3613 ac
1317 3539 1815 3612 conventuales
1881 3538 2246 3627 ecclesias,
2312 3559 2513 3612 veros
2577 3539 2925 3628 dominos,
3003 3540 3335 3614 haeredes
3400 3545 3471 3614 et

393 3663 808 3752 „perpetuos
859 3657 1368 3752 praedictorum
1421 3659 1790 3748 bonorum,
1844 3658 2397 3750 possessionum,
2463 3659 2944 3749 districtuum,
3000 3661 3470 3753 villarumque

391 3778 906 3871 „praesentium
970 3781 1040 3852 et
1095 3779 1485 3851 futurorum
1548 3799 2009 3870 possessores,
2075 3779 2345 3852 Harum
2364 3835 2381 3868 ,
2448 3779 2703 3870 quibus
2768 3779 3086 3872 sigillum
3150 3785 3467 3852 nostrum

393 3917 820 3989 „appensum
874 3901 1012 3986 est,
1069 3897 1468 3970 testimonio
1520 3897 1909 3972 literarum.
1965 3899 2226 3972 Actum
2279 3899 2355 3971 in
2408 3899 2707 3991 Trokky,
2762 3898 2916 3990 ipso
2972 3899 3084 3973 die
3122 3899 3463 3973 Undecim

393 4017 740 4107 „millium
805 4017 1205 4111 Virginum,
1281 4019 1484 4090 Anno
1549 4019 1832 4092 Domini
1895 4019 2272 4093 Millesimo
2336 4018 3017 4112 quadringentesimo
3088 4019 3465 4092 tricesimo.

393 4136 931 4226 „Praesentibus
993 4136 1252 4210 ibidem
1317 4137 1626 4211 strenuis
1689 4144 1760 4212 et
1812 4138 2168 4213 nobilibus
2234 4138 2529 4232 Georgio
2595 4138 2773 4211 alias
2847 4138 3257 4235 Gedigowth
3313 4138 3464 4210 Vil-

393 4256 670 4346 „nensi‚
725 4256 1038 4329 Iohanne
1073 4256 1250 4328 alias
1287 4256 1564 4329 Iawnus
1595 4256 1658 4347 ⁵)
1714 4258 2072 4349 Trecensi,
2119 4258 2488 4351 palatinis,
2544 4259 2937 4332 Rumboldo
2968 4259 3030 4348 ὓ)
3084 4263 3310 4331 terrae
3347 4258 3465 4332 Li-

393 4374 766 4464 „thuaniae
819 4376 1194 4464 marsalco,
1253 4375 1620 4450 Gastowdo
1675 4382 1746 4450 et
1801 4378 2133 4451 Dobkone
2188 4377 2273 4450 de
2328 4377 2777 4451 Oleschnicza
2840 4379 3225 4452 castellano
3280 4375 3465 4469 Voy-

392 4495 736 4586 „nicensi,
776 4496 1086 4569 Iohanne
1123 4495 1439 4570 Glowacz
1477 4497 1563 4570 de
1601 4497 2050 4572 Oleschnicza
2095 4497 2325 4590 Regni
2369 4497 2705 4570 Poloniae
2752 4498 3113 4584 marsalco,
3154 4496 3468 4568 Iohanne

347 4679 354 4684 .
395 4615 755 4704 „Taschka
807 4615 891 4688 de
943 4616 1511 4707 Konyeczpolye‚
1568 4616 1848 4689 Andrea
1901 4615 1985 4690 de
2038 4616 2289 4707 Lubyn
2321 4617 2381 4706 ⁷)
2436 4616 2937 4690 succamerario
2984 4613 3465 4702 Dobrzinensi,

395 4733 806 4823 „Vincentio
859 4735 944 4806 de
1001 4733 1466 4824 Schamotuli,
1524 4733 1900 4808 Laurentio
1955 4735 2293 4808 Zaramba
2320 4735 2384 4824 8)
2440 4735 2523 4809 de
2577 4735 2947 4808 Kalinowa
2992 4739 3063 4806 et
3116 4734 3470 4806 Clemente

395 4853 920 4941 „Wanthrobka
947 4851 1011 4942 ⁰)
1067 4851 1152 4925 de
1207 4853 1585 4943 Strzelcze,
1652 4853 2038 4945 multisque
2097 4854 2363 4928 nostris
2418 4853 2579 4927 aliis
2631 4854 2959 4928 fidelibus
3021 4854 3159 4926 fide
3208 4851 3465 4945 dignis,

395 4971 694 5060 „Datum
745 4992 870 5063 per
921 4992 1168 5044 manns
1239 4972 1600 5047 reverendi
1669 4971 1744 5044 in
1815 4973 2090 5047 Christo
2161 4974 2387 5066 patris
2441 4973 2705 5047 domini
2756 4972 3095 5046 Iohannis
3160 4970 3469 5064 episcopi

597 5260 646 5342 ¹)
688 5263 1085 5340 Milyenkowo
1133 5257 1286 5326 cod.
1329 5259 1525 5324 Rozr.
1573 5261 1625 5342 ²)
1671 5262 1887 5326 Blussa
1935 5259 2086 5328 Cod.
2131 5259 2309 5328 Kost.
2358 5264 2409 5345 ⁸)
2450 5263 2774 5326 Woschina
2815 5261 2943 5326 Ed.
2991 5259 3173 5346 Lips.
3223 5258 3275 5343 ⁴)
3308 5265 3470 5340 agris

387 5359 540 5427 God.
583 5361 776 5426 Rozr.
825 5364 879 5445 ⁵)
923 5367 1134 5427 Iarone
1182 5361 1334 5428 Cod.
1379 5363 1573 5434 Rozr.
1622 5363 1675 5447 ⁸)
1721 5367 2049 5429 Romboldo
2097 5364 2251 5430 cod.
2282 5365 2475 5430 Rozr.
2510 5366 2563 5447 ⁷)
2593 5367 2811 5428 Lublin
2852 5363 3005 5429 eod.
3037 5365 3237 5427 Rozr.
3272 5363 3325 5445 θ)
3359 5367 3467 5426 Za-

381 5467 526 5544 rcba
573 5459 724 5528 God.
768 5463 946 5529 Kost.
994 5465 1050 5548 ⁹)
1095 5467 1404 5529 Vatrobka
1449 5463 1601 5530 cod.
1645 5463 1839 5532 Rozr.
3094 5515 3101 5522 ·

436 5615 484 5662 J.
509 5615 702 5672 υιαςω.
729 5615 854 5660 mut.
879 5615 1040 5659 nolon.
1069 5615 1122 5659 r.
1148 5617 1232 5660 rv.
3058 5601 3127 5662 52
