4342 6384
366 597 499 706 (Α.
540 597 630 679 D.
672 598 928 703 ⁸430.)
1549 621 1776 677 mnan
1827 618 2291 678 unnncnms.
3312 601 3461 678 407

363 818 494 885 ret.
561 813 1006 904 Responsum
1062 811 1175 883 illi
1229 833 1266 884 e
1320 809 1619 902 vestigio
1674 831 1802 901 per
1855 808 2240 902 Sbigneum
2278 809 2682 901 episcopum
2720 811 2773 899 ι)
2832 815 2973 883 est:
3028 810 3257 884 Verba
3304 832 3455 899 sua,

363 933 658 1004 honesta
714 932 1027 1023 quidem,
1085 930 1448 1004 effectibus
1505 951 1642 1000 non
1699 949 2105 1021 congruere:
2165 929 2414 1001 literae
2470 929 2653 1002 enim
2710 931 3182 1003 Romanorum
3236 930 3455 1022 Regis

361 1072 486 1142 per
539 1051 939 1142 Baptistam
992 1054 1310 1142 portatae
1365 1054 1436 1122 et
1487 1049 1948 1140 interceptae,
2007 1048 2365 1121 declarant
2418 1052 2489 1122 te
2528 1053 2598 1121 et
2637 1048 2964 1122 Ordinem
3014 1053 3216 1121 tuum
3254 1049 3463 1122 dissi-

363 1170 558 1243 dium
623 1170 808 1243 inter
871 1159 1122 1242 fratres
1191 1168 1624 1261 quaesivisse
1679 1173 1750 1240 et
1802 1189 2237 1260 procurasse.
2302 1169 2466 1240 Dux
2520 1168 2963 1242 Withawdus
3028 1170 3319 1256 timenS,
3378 1190 3466 1240 ne

359 1289 436 1360 in
499 1291 785 1382 longum
851 1289 1248 1362 traheretur
1312 1286 1764 1378 disceptatiO,
1832 1288 2026 1359 illico
2100 1287 2526 1374 assurrexit,
2584 1293 2655 1359 et
2706 1309 2985 1362 recessu
3050 1310 3176 1361 suo
3240 1289 3465 1377 litem,

366 1410 430 1482 si
488 1431 664 1501 quae
717 1410 1202 1482 interventura
1257 1412 1436 1495 erat,
1497 1427 1708 1497 super
1761 1407 2205 1479 coronatione
2243 1407 2501 1494 fienda,
2560 1407 2863 1480 diremit.
2923 1407 3187 1480 Videns
3224 1411 3461 1479 autem

366 1530 531 1601 Dux
567 1529 1010 1602 Withawdus
1047 1530 1252 1620 longe
1291 1549 1366 1600 se
1404 1547 1558 1600 esse
1595 1526 2011 1599 distractum
2051 1547 2092 1597 a
2128 1523 2599 1598 coronationis
2637 1526 3264 1615 consummatione,
3322 1531 3468 1598 tam

367 1649 780 1741 Magistrum
836 1649 1202 1736 Russiae,
1261 1668 1470 1740 quam
1525 1645 1894 1718 universos
1950 1645 2253 1718 Russiae
2292 1644 2656 1736 Principes
2694 1646 3089 1718 licentiavit
3128 1645 3309 1717 etin
3346 1644 3465 1716 do-

367 1790 518 1840 mos
555 1789 823 1856 eorum,
863 1767 1296 1840 notabilibus
1334 1765 1740 1838 muneribus
1776 1765 2185 1853 honoratos,
2224 1764 2549 1836 remittit.
2592 1765 2958 1839 Remansit
2993 1770 3226 1839 autem
3268 1764 3465 1839 Wla-

367 1886 636 1960 dislaus
689 1889 844 1960 Rex
897 1888 1052 1960 illic
1107 1908 1263 1961 cum
1317 1885 1666 1959 Praelatis
1725 1890 1794 1958 et
1847 1883 2297 1976 Principibus
2354 1888 2423 1956 et
2476 1883 2853 1958 baronibus
2919 1885 3103 1970 sum,
3172 1879 3466 1977 quorum

367 2006 824 2079 multitudine
884 2010 1054 2078 tunc
1117 2005 1538 2078 abundabat.
1609 2005 1877 2096 Quibus
1941 2005 2094 2077 illic
2147 2003 2535 2092 stantibus,
2600 2008 2748 2076 tam
2812 2004 3206 2078 Wladislao
3259 2004 3463 2096 Regi,

368 2146 578 2216 quam
633 2125 810 2198 Duci
866 2124 1260 2198 Withawdo
1316 2125 1564 2197 literae
1629 2124 2054 2214 apostolicae
2127 2123 2549 2212 afferuntur,
2618 2123 2875 2216 quibus
2938 2124 3468 2216 congratulatur

369 2245 454 2316 de
509 2265 743 2316 eorum
799 2248 1042 2316 mutua
1113 2243 1602 2316 conventione:
1679 2247 1750 2315 et
1813 2247 2015 2335 rogat
2076 2243 2621 2334 persuadetque,
2697 2247 2779 2314 ut
2832 2243 3273 2316 reconciliari
3328 2242 3467 2316 sibi

369 2364 700 2436 studeant
753 2369 824 2437 et
877 2363 1239 2436 vinculum
1295 2363 1586 2436 fraterni
1640 2362 1896 2435 amoris
1953 2361 2292 2434 strictiori
2348 2363 2691 2435 charitate
2746 2363 3135 2436 observent.
3193 2362 3465 2434 Harum

368 2483 732 2556 literarum
785 2483 929 2556 tale
983 2486 1092 2556 est
1147 2483 1538 2574 exemplar:

587 2602 974 2692 „Martinus
1028 2601 1450 2693 EpiscopuS,
1529 2623 1776 2674 servus
1833 2620 2189 2674 servorum
2243 2600 2404 2689 Dei,
2462 2601 2737 2674 Dilecto
2791 2600 2973 2689 filie,
3031 2600 3254 2673 nobili
3308 2601 3461 2672 viro

372 2722 818 2812 „Alexandro
858 2721 1035 2793 Duci
1073 2721 1321 2813 Magno
1376 2721 1828 2808 Lithuaniae,
1887 2722 2191 2792 salutem
2247 2707 2813 2812 et'apostolicam
2871 2720 3453 2794 benedictionem.

379 2844 798 2932 „Laetamur
853 2847 922 2914 et
977 2842 1378 2914 exultamus
1435 2842 1508 2913 in
1562 2841 1891 2929 Domine,
1961 2841 2345 2914 sentientes
2410 2839 2849 2913 carissimum
2914 2841 2987 2910 in
3050 2839 3326 2935 Christo
3382 2840 3461 2910 fi-

379 2961 597 3053 „lium
653 2965 1006 3050 nostrum,
1060 2959 1534 3033 Wladislaum
1587 2961 1924 3033 Poloniae
1977 2961 2240 3052 Regem
2292 2961 2682 3048 illustrem,
2741 2965 2811 3032 et
2866 2964 2935 3032 te
2970 2959 3263 3031 insimul
3300 2979 3461 3031 con·
3504 2987 3509 2996 ·

381 3081 726 3172 „venisse
785 3081 1161 3172 Speramus
1217 3079 1434 3169 enim,
1493 3080 1676 3172 quod
1730 3081 1872 3152 Deo
1929 3082 2253 3169 authore,
2321 3080 2443 3172 qui
2511 3078 2813 3170 inspirat
2866 3079 3097 3150 omnia
3150 3083 3343 3151 recta
3396 3082 3467 3150 et

381 3205 668 3292 „sancta
719 3200 1044 3289 consilia,
1101 3199 1586 3287 renovabitur,
1644 3200 1760 3272 vel
1814 3199 1953 3272 iam
2007 3205 2341 3272 renovata
2394 3203 2502 3273 est
2539 3198 2723 3271 inter
2768 3219 2894 3270 vos
2950 3199 3257 3270 fraterna
3304 3217 3464 3270 con-

381 3320 688 3410 „cordia,
730 3340 906 3412 quae
945 3319 1312 3392 videbatur
1364 3339 1518 3392 esse
1570 3340 1750 3390 novo
1788 3322 1859 3391 et
1895 3319 2281 3392 execrando
2335 3318 2662 3407 dissidio,
2722 3317 3107 3410 instigante
3166 3317 3455 3406 Satana,

384 3439 855 3532 „perturbata
912 3439 1048 3511 Pro
1103 3439 1304 3511 cuius
1357 3437 1901 3530 reintegratione
1953 3438 2360 3510 concordiae
2417 3437 2745 3510 continue
2788 3437 3207 3529 rogabamus
3243 3437 3467 3508 Deum

385 3559 823 3650 „humiliter‚
881 3558 1363 3649 supplicantes
1419 3558 1482 3630 ei
1515 3555 1601 3648 ²),
1659 3561 1740 3628 ut
1795 3557 1858 3628 si
1911 3557 2131 3629 vellet
2186 3557 2601 3629 catholicam
2654 3557 2862 3630 fidem
2911 3577 3108 3628 suam
3145 3557 3465 3630 illaesam

384 3685 496 3768 „et
553 3679 822 3750 salvam
877 3678 964 3750 ab
1000 3677 1298 3769 impuris
1336 3682 1405 3750 et
1443 3675 1805 3750 sceleratis
1845 3675 2177 3747 Bohemis
2214 3675 2589 3748 haereticis
2626 3694 3071 3764 conservare,
3126 3696 3255 3747 vos
3292 3674 3467 3746 duos

385 3799 810 3887 „catholicos
864 3797 1228 3887 Principes
1283 3796 1689 3889 dignaretur
1740 3796 2068 3868 reducere
2107 3795 2181 3867 in
2217 3794 2517 3886 gratiam
2556 3799 2627 3866 et
2663 3801 2979 3867 mutuam
3018 3794 3465 3881 charitatem3

385 3922 500 4006 „et
555 3916 658 3988 sic
711 3937 868 3988 eum
920 3936 1046 4006 per
1099 3915 1648 3988 misericordiam
1704 3936 1902 3986 sua-m
1959 3916 2307 3987 facturum
2346 3935 2497 3987 esse
2534 3913 2979 4002 confidimus,
3028 3915 3145 3987 vel
3180 3913 3463 3986 fecisse:

385 4056 516 4126 „ex
572 4057 708 4126 quo
764 4055 1011 4107 sensus
1067 4039 1138 4107 et
1191 4035 1486 4126 spiritus
1541 4033 1796 4122 nostri,
1856 4033 1978 4126 qui
2034 4033 2288 4106 mirum
2342 4033 2415 4106 in
2470 4034 2750 4105 modum
2798 4035 2883 4106 de
2919 4037 3155 4107 vestra
3208 4033 3467 4106 discor·

385 4155 543 4246 „dia
596 4154 1093 4243 tristabantur,
1150 4154 1443 4227 recreati
1499 4160 1688 4227 sunt.
1745 4153 2241 4247 Cognoscimus
2280 4152 2465 4227 enim
2503 4152 2587 4226 de
2624 4159 2861 4226 vestra
2898 4153 3261 4226 concordia
3299 4175 3466 4246 pen·

384 4274 590 4364 „dere
643 4273 1010 4346 victoriam
1063 4278 1376 4346 nostram
1438 4295 1562 4366 pro
1617 4294 1828 4346 causa
1891 4273 2084 4362 fidei,
2154 4276 2397 4346 contra
2449 4274 2795 4346 Bohemos
2848 4273 3260 4346 haereticos
3328 4273 3465 4346 Sed

385 4398 596 4484 „tunc
627 4392 688 4483 3)
737 4393 966 4487 magis
1021 4393 1471 4481 laetabimur,
1531 4397 1602 4466 et
1654 4397 2204 4466 consummatam
2241 4393 2608 4466 victoriam
2650 4396 2885 4466 tenere
2922 4392 2995 4464 in
3033 4414 3240 4464 manu
3278 4391 3468 4464 vide-

387 4514 691 4604 „bimurz
750 4535 904 4587 cum
960 4515 1132 4588 haec
1184 4533 1307 4604 per
1361 4517 1520 4584 tuas
1575 4512 1818 4586 literas
1856 4518 1981 4585 aut
2017 4512 2303 4585 nuntios
2351 4513 2610 4586 certius
2648 4513 3051 4586 sentiemus.
3109 4512 3470 4586 Caeterum

387 4634 732 4724 „dilectus
787 4634 980 4707 filius
1034 4633 1404 4720 NicolauS,
1460 4632 1761 4724 praefati
1815 4633 2028 4725 Regis
2071 4634 2489 4707 secretarius
2529 4638 2601 4705 et
2640 4641 2903 4721 orator,
2957 4634 3079 4724 qui
3127 4632 3310 4724 apud
3346 4653 3473 4704 nos

389 4755 570 4842 „fuit
620 4754 732 4826 his
790 4753 1069 4841 diebus,
1128 4752 1210 4824 de
1265 4751 1726 4843 dispositione
1779 4761 2020 4824 nostra
2075 4773 2239 4845 erga
2293 4759 2556 4824 statum
2612 4757 2683 4825 et
2734 4755 3065 4826 honorem
3104 4757 3335 4840 tuum,
3395 4756 3465 4824 et

388 4874 799 4967 „praecipue
863 4873 946 4945 de
1002 4871 1345 4964 singulari
1409 4871 1754 4945 desiderio
1819 4876 2057 4943 nostro
2120 4873 2523 4944 huiusmodi
2588 4873 2991 4946 concordiae
3045 4877 3238 4958 tuae,
3306 4869 3473 4942 viva

388 5013 599 5084 „voce
650 4993 912 5085 poterit
966 4993 1361 5066 informare.
1418 4993 1676 5064 Datum
1733 4993 1996 5064 Romae
2050 4993 2235 5082 apud
2273 4992 2566 5064 Sanctos
2604 4992 3015 5082 ApostoloS‚
3072 4989 3299 5062 Nonis
3336 4989 3467 5060 De-

389 5113 760 5204 „cembriS,
819 5112 1285 5186 Pontificatus
1341 5112 1565 5185 nostri
1621 5132 1800 5184 anno
1855 5112 2496 5203 quatuordecimo“.

594 5368 642 5449 ¹)
687 5369 1138 5432 cracoviensem
1183 5370 1523 5446 episcopum
1571 5363 1723 5432 God.
1768 5363 1961 5429 Rozr.
2010 5365 2066 5446 ²)
2109 5367 2299 5428 eidem
2347 5360 2498 5428 Ood.
2546 5362 2739 5428 Rozr.
2787 5363 2843 5452 ³)
2892 5383 3047 5428 nunc
3096 5361 3248 5434 C'od.
3282 5363 3475 5430 Rozr.
