4342 6384
362 606 498 707 (Α.
536 606 628 683 D.
669 603 921 706 1424.)
1539 632 1764 685 mnan
1817 632 2273 686 unnncnms.
3292 606 3441 681 325

361 813 756 887 Wladislao
810 815 1144 889 Poloniae
1198 816 1377 909 Regi
1433 816 1708 905 suadet,
1764 820 1968 907 pacta
2005 814 2391 889 Marchioni
2428 815 3037 909 Brandeburgensi
3074 814 3440 907 promissa,

359 934 780 1025 negligenda
832 956 968 1007 non
1025 956 1197 1008 esse.
1255 936 1472 1009 quta
1525 956 1731 1026 quam
1788 934 2359 1007 deliberationem
2414 956 2523 1008 res
2576 940 2735 1008 acta
2781 940 2921 1024 est,
2978 941 3048 1009 et
3086 934 3442 1027 Stolpensi

359 1052 542 1125 Duci
577 1052 884 1125 Marchio
922 1054 1568 1147 Brandeburgensis
1605 1054 2080 1147 praepositae,
2122 1054 2531 1147 praesertim
2569 1077 2725 1129 cum
2764 1060 2833 1127 et
2869 1055 3214 1128 Martinus
3252 1055 3445 1145 Papa

361 1172 688 1263 quintus,
743 1194 828 1245 ne
883 1173 1191 1245 affinitas
1247 1196 1404 1246 cum
1459 1174 1854 1247 Marchione
1909 1175 2262 1265 praedicto
2318 1176 2629 1247 confecta
2680 1173 3211 1247 dissolutionem
3261 1173 3439 1247 acci-

361 1296 594 1383 peret,
653 1292 1022 1365 viscerosis
1080 1293 1306 1367 literis
1363 1294 1855 1367 intercedebat.
1916 1294 2220 1386 Quarum
2278 1300 2474 1368 tenor
2528 1294 2845 1386 seqnitur
2898 1298 2967 1367 et
3021 1299 3127 1367 est
3181 1293 3389 1365 talis:

579 1411 965 1499 „Martinus
1011 1413 1432 1505 Episcopus,
1491 1436 1734 1486 servus
1775 1434 2132 1486 servorum
2171 1413 2332 1501 Dei,
2390 1414 2811 1487 charissimo
2850 1413 2921 1485 in
2959 1413 3233 1487 Christo
3272 1411 3441 1498 filio,

371 1530 808 1618 „Wladislao
863 1532 1194 1605 Poloniae
1249 1534 1426 1624 Regi
1493 1532 1792 1619 illustri,
1869 1534 2169 1605 salutem
2236 1538 2304 1605 et
2357 1533 2810 1624 apostolicam
2872 1530 3441 1606 benedictionem.

371 1651 1042 1739 „Commendandum
1099 1658 1206 1725 est
1259 1653 1576 1744 nuptiale
1630 1653 1886 1725 bonum
1935 1654 2008 1725 in
2047 1652 2469 1725 Christianis
2522 1652 2953 1741 hominibus,
3012 1652 3194 1743 quod
3231 1648 3441 1722 adli-

371 1769 624 1858 „citam
679 1772 1246 1864 propagationem
1301 1772 1586 1844 humani
1639 1773 1944 1863 generiS,
2003 1778 2074 1845 et
2127 1772 2720 1845 confirmationem
2768 1771 3167 1844 universam
3205 1768 3441 1841 Domi-

374 1910 550 1977 „nus
589 1891 962 1964 ordinavit.
1005 1892 1137 1964 Sed
1177 1892 1342 1964 illae
1380 1898 1547 1964 sunt
1585 1893 1872 1983 nuptiae
1921 1892 2142 1984 magis
2192 1892 2656 1984 exoptandas,
2706 1912 2793 1963 ex
2831 1892 3119 1983 (luibae,
3175 1893 3449 1981 praeter

373 2008 612 2098 „illam
682 2030 1111 2083 communem
1177 2011 1500 2083 omnibns
1569 2012 1985 2100 utilitatem,
2052 2011 2195 2084 alia
2260 2012 2594 2103 quaedam
2660 2031 2911 2103 magna
2971 2010 3151 2083 bona
3204 2028 3447 2101 prove-

375 2130 624 2217 „niunt
678 2134 749 2203 et
801 2130 1064 2223 Regnis
1121 2136 1190 2204 et
1242 2132 1556 2223 populis;
1624 2132 1866 2223 quales
1933 2136 2098 2203 sunt
2151 2132 2474 2223 nuptiae,
2542 2152 2719 2222 quae
2772 2130 3217 2203 celebrantur
3267 2127 3452 2199 inter

375 2248 769 2337 „illustre8,
827 2272 868 2321 a
922 2250 1178 2341 quibus
1241 2252 1498 2342 pendet
1563 2252 1940 2323 multarum
2003 2252 2317 2344 gent-ium
2372 2272 2511 2343 pax
2567 2258 2637 2324 et
2692 2251 2907 2323 salus,
2976 2248 3145 2321 Cum
3210 2246 3447 2337 itaque

375 2367 819 2457 „iamdudum
877 2369 1300 2442 senserimus
1359 2375 1458 2457 te,
1517 2370 1842 2443 dilectam
1881 2370 1953 2442 in
1991 2370 2268 2443 Christo
2306 2370 2524 2442 filiam
2578 2375 2922 2457 nostram,
2980 2372 3213 2440 natam
3256 2370 3445 2437 tuam

377 2487 794 2580 „Hedv-igim
851 2488 1302 2579 despondisse
1350 2490 1422 2561 in
1460 2510 1744 2561 uxorem
1794 2489 2047 2561 dilecto
2087 2489 2265 2577 filio,
2323 2489 2547 2561 nobili
2599 2488 3025 2561 adolescenti
3065 2484 3444 2571 FridericO,

377 2611 582 2695 „nato
638 2606 878 2679 dilecti
931 2606 1063 2679 filii
1117 2607 1376 2680 nobilis
1423 2608 1606 2696 heri,
1665 2607 2004 2680 Friderici
2066 2606 2490 2680 Marchionis
2529 2605 3205 2699 Brandeburgensis‚
3263 2626 3445 2677 eam-

377 2746 552 2816 „que
604 2726 1066 2818 personaliter
1119 2726 1573 2799 constitutam
1629 2727 1702 2798 in
1756 2731 2130 2817 conspectu
2190 2726 2604 2799 Serenitatis
2642 2732 2835 2814 tuae,
2893 2726 3269 2798 assistente
3322 2744 3442 2793 no-

376 2844 624 2933 „tabili
679 2845 1209 2939 congregatione
1271 2846 1784 2933 Praelatorum,
1842 2846 2210 2925 baronum.
2272 2846 2577 2919 militum
2624 2846 2852 2938 Regni
2890 2846 3029 2934 tui,
3078 2865 3201 2936 per
3238 2842 3449 2916 verba

377 2964 502 3053 „de
555 2966 905 3055 praesenti
963 2966 1400 3037 consensisse
1455 2969 1524 3037 et
1577 2970 1976 3057 acceptasse
2015 2966 2085 3037 in
2125 2966 2453 3037 maritum
2508 2987 2711 3037 suum
2767 2965 3193 3056 legitimum,
3250 2981 3447 3053 prae-

377 3085 644 3172 „fatum
709 3082 1142 3157 Fridericum
1207 3085 1430 3176 ipsius
1497 3085 1918 3157 Marchionis
1985 3090 2261 3174 natum3
2334 3086 2569 3158 eodem
2633 3083 2990 3157 Friderico
3052 3081 3451 3154 Marchione

375 3203 631 3291 „etiam
687 3202 1015 3277 similiter
1075 3210 1480 3297 acceptante
1535 3205 1606 3277 in
1662 3225 1949 3279 uxorem
2015 3205 2401 3297 legitimam
2468 3205 2617 3278 vice
2684 3208 2756 3278 et
2809 3203 3087 3275 nomine
3150 3200 3284 3273 filii
3340 3199 3452 3271 sui

376 3322 788 3414 „praedicti;
845 3327 914 3395 et
967 3343 1122 3395 cnm
1177 3325 1308 3397 hoc
1363 3324 1880 3396 matrimonium
1938 3324 2333 3397 videremus
2392 3324 2671 3415 utrique
2724 3323 2908 3415 parti
2963 3322 3443 3405 honorificum,

377 3463 497 3530 „ac
553 3442 799 3513 multis
861 3442 1190 3532 gentibus
1258 3443 1398 3515 fore
1465 3444 1805 3515 salutare:
1873 3443 2121 3515 laetati
2188 3462 2429 3515 sumus
2486 3443 2557 3515 in
2612 3443 2937 3530 Domino,
2998 3445 3066 3513 et
3119 3438 3450 3512 continuo

380 3561 758 3653 „gratulati
813 3560 1236 3633 sublimitati
1291 3567 1484 3649 tuae,
1543 3562 2031 3635 existimantes
2089 3568 2156 3634 te
2198 3562 2752 3652 prudentissime
2792 3562 2846 3649 ¹)
2902 3559 3343 3643 consuluisse
3380 3562 3449 3631 et

378 3680 811 3772 „providisse
876 3679 1096 3770 quieti
1162 3682 1542 3753 senectutis
1599 3688 1758 3754 tuae
1814 3686 1882 3754 et
1937 3681 2154 3753 statui
2212 3681 2399 3753 filiae
2456 3688 2648 3768 tuae,
2717 3700 2795 3753 ac
2858 3680 3013 3771 paci
3076 3684 3453 3771 perpetuae

381 3800 649 3891 „Regni
703 3799 834 3871 tui.
900 3800 1177 3872 Etenim
1235 3821 1390 3873 cum
1445 3805 1728 3892 propter
1790 3799 2343 3893 magnitudinem
2398 3806 2468 3872 et
2522 3800 3012 3872 excellentiam
3081 3804 3272 3870 tuam
3328 3798 3449 3867 ha-

381 3920 616 4007 „beres
670 3919 1078 3990 facultatem
1133 3940 1216 3991 ex
1275 3919 1595 3991 omnibus
1651 3919 1962 4011 Regibus
2021 3925 2090 3992 et
2143 3919 2593 4009 Principibus
2649 3918 3067 3992 Christianis
3120 3936 3451 4009 generum

382 4036 756 4129 „eligendi‚
814 4036 1018 4108 illum
1075 4037 1407 4127 accepisti
1471 4038 1740 4128 potine,
1811 4060 2012 4128 quem
2081 4037 2291 4110 iustis
2357 4058 2443 4110 ex
2498 4036 2729 4111 causis
2794 4036 3197 4110 existimare
3256 4038 3453 4126 potes

381 4156 553 4245 „tibi
609 4156 1312 4247 obsequentissimum
1368 4156 1624 4246 filium,
1681 4158 1868 4229 filiae
1901 4155 1964 4245 2)
2021 4162 2183 4229 tuae
2238 4156 2796 4229 amantissimum
2850 4155 3079 4227 virum
3135 4175 3287 4227 csse
3344 4156 3449 4225 fu·

382 4281 690 4364 „turum‚
750 4296 1046 4367 eumque
1099 4276 1253 4347 ideo
1310 4277 1756 4350 nutriendum
1814 4282 1884 4349 et
1937 4276 2390 4348 erudiendum
2458 4276 2586 4349 sub
2642 4280 2765 4364 tua
2794 4274 2855 4364 3)
2922 4274 3297 4365 disciplina
3348 4294 3452 4345 re-

383 4394 539 4486 „gia
595 4394 994 4485 suscepisti.
1053 4396 1162 4467 Ex
1193 4396 1257 4484 4)
1312 4397 1442 4469 hoc
1498 4396 1707 4468 etiam
1765 4395 2206 4467 matrimonio
2254 4394 2629 4468 declarasti
2664 4394 3170 4487 benignitatem
3208 4394 3453 4465 volun-

383 4514 594 4602 „tatis
649 4517 812 4585 tuae
867 4534 1030 4605 erga
1083 4515 1509 4587 Almannum
1565 4516 2004 4608 sanguinem,
2081 4515 2267 4605 apud
2333 4536 2536 4606 quem
2593 4518 2738 4586 tam
2792 4516 3077 4586 charum
3132 4517 3201 4586 et
3256 4512 3458 4585 dulce

383 4632 679 4725 „pignus
746 4633 1084 4705 collocare
1150 4634 1474 4722 voluisti,
1541 4655 1667 4706 nos
1732 4654 2006 4725 quoque
2071 4655 2227 4706 cum
2284 4639 2522 4706 nostra
2574 4633 2901 4725 prosapia
2956 4633 3039 4704 de
3094 4633 3451 4717 Columna,

383 4772 507 4840 „ex
563 4772 700 4842 qua
754 4752 1130 4823 carnaliter
1183 4752 1332 4824 nati
1388 4774 1663 4839 sumus,
1723 4753 2169 4825 obstrinxisti
2226 4753 2595 4825 affinitatis
2634 4751 2939 4843 vinculo,
2997 4750 3213 4837 Nam,
3272 4748 3455 4821 sicut

382 4871 506 4958 „ab
559 4869 872 4961 antiquis
926 4872 1346 4962 accepimus,
1405 4872 1526 4963 qui
1582 4871 1876 4963 priscam
1937 4872 2275 4963 originem
2330 4877 2639 4945 nostram
2676 4891 2799 4962 per
2837 4890 3083 4942 manus
3124 4868 3455 4941 traditam

383 4990 504 5078 „ab
559 4988 1074 5081 antiquioribus
1129 4991 1558 5077 retulerunt,
1616 4994 1856 5063 nostra
1909 4990 1993 5062 de
2047 4991 2384 5063 Columna
2447 4991 2790 5078 Romana,
2857 4995 2928 5062 et
2978 4988 3457 5090 praesentium

387 5108 970 5200 „Burgraviorum
1009 5108 1078 5180 N
1082 5108 1697 5202 orimbergensium
1738 5110 2032 5197 Domus,
2093 5129 2270 5200 quae
2308 5110 2517 5182 etiam
2564 5111 2876 5181 Romana
2914 5107 3133 5181 fuisse
3170 5107 3452 5195 dicitur,

384 5477 436 5543 C
584 5381 630 5459 ¹)
692 5382 1012 5457 prudenter
1072 5378 1198 5442 Ed.
1260 5378 1440 5465 Lips.
1506 5378 1560 5457 ²)
1619 5387 1680 5443 et
1737 5382 1894 5442 filiae
1957 5376 2111 5445 Cod.
2170 5378 2363 5443 Rozr.
2428 5379 2479 5459 ³)
2542 5380 2651 5443 sub
2696 5398 2815 5443 una
2860 5376 3011 5443 cod.
3058 5378 3235 5442 Kost.
3284 5376 3337 5459 ⁴)
3381 5373 3461 5441 Et

429 5480 526 5546 od.
572 5480 766 5546 Roma
