4342 6384
379 484 512 586 (Α.
551 485 644 559 Β.
683 482 938 584 1434.)
1547 512 1773 565 mann
1825 511 2288 567 trunncmus.
3324 492 3474 568 525

373 693 719 785 episcopi,
771 700 932 787 post
985 694 1376 769 discessum
1428 699 1731 791 regium,
1789 698 1994 772 cuius
2047 698 2599 793 indignationem
2638 702 3024 788 metuebat,
3066 700 3140 773 in
3178 690 3465 774 audien-

373 813 474 887 tia
527 814 1091 890 consiliariorum
1158 817 1286 891 tali
1343 820 1865 893 commendatus
1921 826 2030 893 est
2084 841 2431 893 sermone:
2492 819 2853 908 Graviter,
2930 822 3195 913 inquit,
3266 826 3336 894 et
3383 821 3471 893 li-

371 939 566 1023 bere,
625 936 762 1011 etsi
817 937 1104 1011 auribus
1160 939 1374 1031 regiis
1429 961 1700 1029 severe,
1759 947 1840 1013 ut
1893 944 2088 1014 retur
2143 941 2327 1032 ipse,
2369 947 2438 1014 et
2474 939 2902 1033 importune,
2962 941 3135 1015 meis
3182 948 3367 1017 certe
3404 946 3473 1015 et

375 1057 669 1130 aliorum
723 1057 1213 1148 fidentissime,
1272 1067 1342 1133 ct
1397 1066 1478 1132 ut
1532 1061 2060 1135 Cracoviensem
2124 1062 2564 1155 episcopum,
2633 1062 2975 1137 Stanislai
3042 1061 3473 1135 sanctissimi

376 1179 662 1273 dignum
721 1199 1222 1268 successorem,
1282 1181 1549 1269 decuit,
1608 1182 1973 1255 verissime
2030 1183 2309 1255 locutus
2349 1204 2457 1270 es;
2514 1203 2624 1255 me
2663 1182 3003 1271 omnium,
3062 1204 3237 1275 quae
3276 1204 3472 1256 enar-

377 1299 612 1387 rabaS,
670 1300 1024 1374 conscium
1079 1321 1263 1389 esse,
1321 1306 1689 1394 tecumque
1745 1302 2006 1375 sentire
2059 1302 2279 1391 nosti,
2338 1302 2616 1395 publice
2656 1304 2712 1392 ¹)
2769 1308 2999 1377 tamen
3054 1324 3176 1397 per
3212 1309 3472 1376 metum

379 1442 514 1491 non
570 1440 841 1493 ausum.
899 1421 1122 1493 Tanta
1177 1426 1409 1493 tamen
1464 1443 1589 1514 pro
1646 1422 1754 1494 tui
1791 1423 2100 1497 muneris
2140 1424 2369 1496 officio
2408 1422 2665 1495 fiducia
2700 1424 3071 1497 charitatis
3106 1424 3475 1516 impletum

379 1546 516 1627 est,
575 1546 656 1611 ut
710 1540 842 1614 tibi
894 1563 1020 1633 pro
1074 1543 1410 1616 hodierna
1463 1543 1538 1615 in
1593 1545 1853 1636 Regem
1909 1544 2445 1636 reprehensione
2501 1549 2572 1616 et
2626 1546 2923 1617 tolerata
2977 1545 3476 1635 tolerandaque

380 1660 832 1750 contumelia,
891 1662 1372 1735 remissionem
1427 1664 1732 1736 omnium
1789 1664 2172 1738 facinorum
2225 1665 2543 1756 pontifex
2600 1664 2753 1757 ipse
2787 1664 3137 1757 pontifici,
3188 1670 3257 1737 et
3295 1686 3473 1736 mor-

382 1781 550 1855 talis
609 1783 920 1872 mortali,
981 1806 1022 1855 a
1074 1784 1418 1858 Pontifice
1471 1794 1752 1858 aeterno
1808 1785 2098 1859 audeam
2153 1784 2494 1878 polliceri.

923 2140 1276 2215 rudericus
1320 2141 1592 2214 Busche
1635 2142 1777 2216 Dux
1821 2158 1862 2215 a
1904 2142 2162 2215 Polonia
2206 2143 2500 2216 funditur
2544 2146 2615 2216 et
2660 2144 2943 2233 rugatur.

595 2390 1013 2483 Compositis
1069 2390 1309 2464 taliter
1362 2390 1437 2462 in
1491 2392 1694 2463 Nova
1747 2390 2049 2464 Civitate
2086 2391 2395 2483 publicis
2432 2392 2675 2479 rebuS,
2736 2391 3171 2465 Wladislaus
3212 2391 3367 2463 Rex
3408 2388 3479 2461 in

387 2513 784 2585 Cracoviam
821 2511 1212 2609 sprocessit;
1269 2511 1506 2603 ibique
1545 2510 1938 2599 residendo,
1989 2512 2340 2603 reliquum
2379 2511 2963 2605 Quadragesimae
3002 2517 3277 2603 tempus
3318 2528 3477 2584 exe-

385 2632 526 2725 git,
598 2633 874 2705 Pascha
945 2652 1218 2724 quoque
1284 2632 1564 2704 Domini
1633 2631 1785 2705 illic
1848 2632 2253 2707 celebravit.
2322 2632 2447 2705 Cui
2513 2652 2669 2706 cum
2732 2632 3136 2704 nuntiatum
3202 2630 3477 2711 fuisset,

388 2752 574 2845 quod
627 2754 790 2825 Dux
843 2752 1245 2825 Fridericus
1300 2753 1635 2841 Russiae,
1694 2753 1814 2845 qui
1871 2754 1956 2826 ob
2010 2754 2271 2827 delicta
2324 2753 2694 2845 quaedam,
2758 2752 2990 2845 patria
3044 2752 3349 2837 deserta,
3408 2748 3482 2821 in

391 2872 799 2947 Bohemiam
864 2894 938 2945 se
1003 2875 1428 2960 contulerat,
1496 2880 1564 2946 et
1629 2894 1846 2946 annos
1911 2874 2185 2966 aliquot
2250 2874 2349 2946 ibi
2405 2872 2919 2961 commorando,
2990 2871 3480 2957 conditionem,

391 2994 706 3087 linguam
763 2998 832 3066 et
885 3015 1110 3067 mores
1165 2994 1632 3067 Bohemorum
1686 2994 2042 3081 induerat,
2101 2996 2397 3068 collecta
2450 3016 2658 3067 manu
2724 2994 3223 3079 Bohemorum,
3291 2992 3483 3063 clan-

391 3114 664 3187 destine
719 3134 806 3187 ex
862 3114 1174 3187 Moravia
1226 3116 1660 3207 procederet,
1725 3136 1806 3187 ea
1859 3112 2249 3189 intentione
2304 3121 2373 3189 et
2427 3114 2691 3203 anime,
2756 3120 2839 3186 ut
2892 3114 3235 3207 quendam
3292 3132 3483 3185 mon-

393 3239 534 3307 tem
589 3234 673 3308 de
726 3255 940 3327 prope
1003 3239 1309 3307 castrum
1375 3235 1692 3309 Ozorstin
1722 3234 1783 3324 2)
1855 3236 2165 3329 positum
2240 3239 2639 3328 occuparet,
2722 3238 2791 3308 et
2846 3234 3269 3307 fortalitium
3334 3232 3490 3304 illic

395 3354 701 3447 erigens,
761 3360 900 3427 tam
956 3356 1290 3428 Poloniae
1341 3352 1564 3448 squam
1625 3356 2031 3449 Hungariae
2085 3357 2331 3449 Regna
2385 3355 2633 3448 spoliis
2689 3357 3093 3427 lacesseret:
3167 3353 3361 3427 illico
3416 3352 3490 3424 in

393 3474 510 3547 die
562 3476 979 3564 Parasceve,
1035 3476 1613 3549 inundationibus
1669 3497 2008 3568 aquarum
2063 3496 2150 3551 ex
2206 3476 2636 3549 resolutione
2671 3473 2945 3547 nivium
2981 3474 3485 3565 necquicquam

398 3594 873 3683 obstantibuS,
931 3595 1196 3670 milites
1251 3597 1485 3670 curiae
1542 3618 1708 3669 suae
1763 3597 2210 3671 transmittit.
2270 3596 2406 3689 Qui
2460 3595 2596 3669 etsi
2649 3596 3021 3687 plerasque
3074 3615 3219 3682 reS,
3281 3614 3485 3684 supe-

395 3716 611 3787 rando
665 3716 956 3788 flumina
1008 3717 1212 3809 aquis
1267 3718 1540 3806 inflata,
1597 3717 1994 3806 amiserint,
2052 3718 2189 3809 ipsi
2248 3722 2477 3789 tamen
2535 3738 2771 3789 omnes
2826 3716 3212 3789 incolumes
3260 3714 3347 3785 ad
3385 3714 3485 3783 lo-

398 3858 557 3913 cum
611 3837 1128 3930 pervenienteS,
1186 3840 1574 3929 praefatum
1629 3837 2063 3911 Fridericum
2119 3840 2379 3911 Ducem
2434 3856 2591 3910 cum
2648 3835 2797 3909 suis
2845 3835 3166 3908 omnibus
3206 3856 3487 3925 compu-

398 3962 636 4032 lerunt
692 3960 957 4052 fugere,
1017 3964 1086 4031 ct
1140 3959 1490 4032 destinata
1543 3958 1797 4050 exequi
1851 3961 2249 4031 vetuerunt.

477 4312 864 4385 vladislaus
907 4313 1046 4385 Rex
1089 4313 1388 4386 roloniae
1431 4314 1502 4385 in
1545 4313 1794 4385 Grodek
1841 4316 1912 4385 et
1954 4330 2134 4385 soror
2179 4313 2322 4384 eius
2365 4312 2733 4384 Alexandra
2777 4310 3102 4384 {novin
3146 4309 3416 4382 Bucinna

1551 4434 1620 4505 in
1664 4433 1934 4505 Ploezko
1977 4434 2357 4505 moriuntur.

613 4680 818 4755 Feria
873 4681 1176 4754 secunda
1228 4686 1388 4772 post
1441 4681 1870 4754 Conductum
1926 4682 2239 4755 Paschae
2292 4680 2643 4773 proxima,
2702 4679 3138 4752 Wladislaus
3194 4679 3347 4751 Rex
3406 4698 3493 4751 ex

403 4802 738 4877 cracovia
792 4822 1152 4895 egressus,
1209 4801 1284 4873 in
1341 4806 1560 4873 terras
1615 4800 1918 4875 Russiae
1971 4822 2094 4893 per
2147 4802 2395 4873 solitas
2461 4800 2802 4874 stationes
2856 4798 3295 4892 procedebat.
3364 4800 3496 4870 De-

407 4927 720 4997 creverat
773 4927 1008 4994 autem
1037 4918 1101 5009 3)
1156 4942 1380 5012 usquc
1435 4922 1508 4993 in
1564 4921 1812 4994 Halicz
1864 4921 2259 5013 pervenire:
2327 4920 2790 4994 constitutum
2856 4920 3037 4993 enim
3096 4924 3245 4993 erat
3274 4920 3361 5009 4),
3418 4922 3500 4991 ut

405 5043 485 5115 in
537 5041 786 5115 Halicz
846 5041 1244 5133 Stephanus
1301 5040 1718 5132 Woyewoda
1770 5039 2160 5114 Moldaviae
2219 5042 2305 5111 ad
2360 5062 2558 5114 suam
2614 5039 3079 5114 Serenitatem
3146 5039 3501 5113 accederet

628 5318 674 5399 ¹)
717 5320 945 5397 prolixe
993 5312 1146 5380 cod.
1193 5315 1368 5380 Kost.
1433 5312 1490 5401 ⁹)
1535 5318 1781 5379 Korstin
1847 5312 2000 5379 Cod.
2047 5314 2223 5379 Kost.
2273 5316 2582 5378 Corschtin
2627 5312 2753 5377 Ed.
2800 5312 2981 5399 Lips.
3046 5312 3097 5395 ⁸)
3144 5316 3299 5375 enim
3348 5308 3500 5377 Cod.

405 5421 601 5487 Rozr.
650 5418 702 5498 ⁴)
749 5442 820 5483 eo
865 5422 1024 5499 quod
1069 5422 1448 5484 constitutum
1493 5424 1620 5480 erat
1667 5413 1818 5482 cod.
1865 5416 2056 5481 Rozr.
