4342 6384
932 536 1081 641 670
2099 560 2326 613 unm
2378 554 2890 611 Duonncmus.
3490 528 3640 630 (Α.
3682 525 3778 601 Ι).
3815 522 4004 622 mn.)

1164 869 1381 941 Poloni
1428 871 1499 940 et
1542 868 1853 967 Lithuani
1891 886 1977 941 ex
2018 867 2468 941 Parczoviensi
2519 867 2957 939 conventione
3001 882 3071 938 re
3113 866 3365 938 inrecta
3411 865 3798 937 «incedunt.

1139 1107 1404 1181 Habita
1466 1113 1574 1180 est
1644 1128 1769 1198 pro
1834 1107 1945 1180 die
2020 1106 2262 1179 Sancti
2328 1105 2615 1178 Martini
2687 1106 3056 1179 conventio
3129 1104 3204 1177 in
3258 1105 3590 1179 Parczow
3667 1104 4000 1197 generalis,

934 1228 1119 1301 inter
1173 1226 1403 1320 Regni
1466 1226 1799 1300 Poloniae
1863 1227 1949 1300 ab
2004 1248 2176 1314 una,
2245 1232 2315 1299 et
2379 1227 2694 1300 Ducatus
2759 1226 2996 1319 Magni
3051 1225 3474 1298 Lithuaniae
3541 1225 3911 1296 Praelatos
3951 1231 4002 1296 et

934 1347 1227 1420 barones
1290 1348 1615 1439 partibus
1680 1347 1766 1419 ab
1832 1348 2090 1436 altera,
2162 1352 2448 1439 propter
2511 1346 2946 1420 tractandam
3020 1346 3446 1438 aequitatem
3519 1345 3720 1417 inter
3784 1345 4002 1416 Ducem

933 1467 1358 1541 Lithuaniae
1413 1467 1852 1540 Kazimirum
1912 1473 1981 1541 et
2036 1468 2298 1541 Ducem
2354 1467 2760 1540 Boleslaum
2815 1468 3190 1554 Masoviae,
3249 1487 3462 1559 snper
3517 1471 3760 1541 terrae
3795 1463 4000 1537 Drohi·

937 1588 1205 1661 czensis
1260 1588 1685 1678 differentia,
1745 1610 1949 1680 quam
2008 1588 2157 1679 ipse
2213 1589 2374 1660 Dux
2431 1589 2802 1661 Boleslaus
2860 1588 2931 1661 in
2967 1589 3177 1679 plena
3229 1587 3512 1660 tenebat
3569 1585 4000 1679 possessione,

938 1713 1204 1781 exorta.
1262 1708 1374 1781 Ad
1415 1729 1623 1800 quam
1676 1710 1840 1781 dum
1897 1708 2208 1781 Praelati
2263 1714 2332 1782 et
2385 1708 2679 1781 barones
2726 1708 3057 1781 Poloniae
3111 1708 3316 1781 iuxta
3369 1708 3846 1782 constitutum
3879 1726 3999 1777 cou-

938 1827 1333 1917 venissent,
1388 1829 1685 1902 barones
1740 1833 1972 1901 tamen
2026 1828 2451 1902 Lithuaniae
2507 1829 2780 1920 aliquot
2834 1829 3080 1902 diebus
3136 1828 3522 1921 expectati,
3595 1827 3866 1900 tardius
3913 1845 3998 1897 ve-

938 1954 1219 2036 nerant,
1278 1949 1603 2041 pluribus
1658 1949 1926 2023 nuntiis
1984 1949 2306 2041 perprius
2362 1949 2702 2043 fatigatis.
2761 1950 3064 2035 Venerat
3111 1950 3324 2023 etiam
3379 1950 3464 2022 ad
3503 1946 4000 2021 conventionem

938 2069 1325 2160 praefatam
1379 2070 1843 2161 personaliter
1908 2072 2070 2142 Dux
2134 2070 2437 2142 Michael
2491 2070 2942 2159 Lithuaniae,
3010 2091 3341 2163 quorem,
3411 2069 3602 2162 quod
3662 2072 3860 2161 patre
3905 2086 3998 2137 suo

945 2189 1137 2263 Duce
1175 2189 1425 2281 Magno
1467 2190 1916 2283 Sigismundo
1954 2189 2378 2263 Lithuaniae
2415 2191 2682 2263 iniusta
2734 2212 2902 2263 nece
2940 2192 3257 2277 orbatus,
3316 2190 3527 2263 etiam
3586 2190 3680 2261 ab
3717 2188 3998 2259 universo

940 2308 1363 2399 patrimonio
1420 2331 1546 2383 suo
1602 2332 1725 2403 per
1779 2311 2039 2384 Ducem
2093 2311 2532 2384 Kazimirum
2587 2310 3042 2400 Lithuaniae,
3100 2311 3214 2383 cui
3267 2311 3351 2383 de
3405 2310 3668 2383 castris
3725 2308 3998 2401 pluribus

940 2429 1147 2501 fidem
1201 2436 1272 2503 et
1327 2430 1791 2503 obedientiam
1849 2452 2045 2506 suam
2112 2436 2395 2503 secutus
2459 2436 2793 2520 cesserat,
2861 2432 3227 2518 exclusuS,
3294 2452 3418 2524 per
3485 2432 3746 2503 fratres
3799 2424 3995 2501 uxoris

942 2570 1139 2638 suae,
1199 2550 1427 2623 Duces
1484 2550 1868 2638 Masoviae,
1936 2551 2168 2623 aliena
2233 2552 2417 2643 stipe
2483 2551 2728 2625 vivens
2785 2557 3324 2640 sustentaretur,
3389 2552 3763 2643 requirens
3815 2546 3994 2622 consi-

939 2670 1184 2743 liarios
1239 2672 1602 2760 Poloniae,
1660 2676 1742 2743 ut
1795 2672 1998 2743 iuxta
2051 2671 2444 2746 iuramenta
2497 2694 2655 2744 cum
2711 2678 2908 2764 patre
2963 2694 3090 2744 suo
3143 2672 3417 2759 habita,
3475 2692 3764 2763 operam
3799 2671 3994 2741 darent

940 2812 1068 2883 pro
1131 2791 1537 2883 patrimonii
1604 2792 1717 2864 sui
1780 2792 2252 2865 restitutione.
2337 2792 2650 2866 Veniunt
2688 2794 2742 2883 ¹)
2809 2800 2877 2867 et
2941 2793 3157 2867 Ducis
3223 2793 3536 2865 Boleslai
3614 2793 3894 2866 barones
3943 2793 3993 2859 et

946 2910 1373 3000 consiliarii,
1431 2912 1779 2985 ostensuri
1814 2933 1941 3003 per
1977 2911 2254 3001 literae,
2294 2912 2669 3005 privilegia
2708 2917 2776 2986 et
2811 2914 3256 3004 probationes
3294 2913 3691 3005 legitimas,
3749 2933 3822 2984 se
3855 2911 3994 2983 inste

943 3037 1203 3105 terram
1258 3032 1795 3105 Drohiczensem
1850 3033 2248 3125 possedisse
2277 3032 2364 3113 2).
2421 3034 2620 3108 Licet
2657 3038 2889 3108 autem
2944 3035 3184 3126 plures
3222 3038 3567 3107 tractatus
3627 3033 3866 3109 diebus
3897 3026 3990 3101 ali-

946 3155 1117 3245 quot
1169 3151 1471 3226 fuissent
1534 3152 1719 3225 inter
1777 3154 2003 3245 partis
2065 3154 2438 3247 utriusque
2500 3153 2943 3228 consiliarios
3009 3154 3411 3247 interpositi
3483 3176 3611 3246 pro
3681 3147 3994 3229 eoncordia

944 3276 1015 3347 et
1068 3272 1643 3347 determinatione
1698 3273 2246 3349 differentiarum
2301 3276 2847 3367 praedictarum,
2905 3276 3073 3349 licet
3129 3297 3402 3368 quoque
3457 3274 3842 3349 consiliarii
3889 3272 3988 3342 Bo·

943 3392 1150 3467 leslai
1203 3392 1419 3466 Ducis
1473 3394 1851 3487 privilegia
1906 3402 1976 3469 et
2032 3396 2466 3469 munimenta
2519 3402 2663 3469 tam
2719 3398 2937 3471 Ducis
2991 3398 3226 3491 Magni
3268 3396 3658 3470 Withawdi
3691 3394 3774 3485 ³),
3827 3410 3988 3485 quam

943 3513 1161 3587 Ducis
1214 3514 1453 3607 Magni
1491 3514 1959 3608 Sigismundi,
2018 3516 2458 3609 originaliter
2493 3517 3023 3609 produxissent,
3083 3518 3473 3591 clarissime
3527 3515 3860 3590 testantia
3888 3521 3988 3583 ter·

941 3656 1091 3708 ram
1145 3635 1682 3710 Drohiczensem
1746 3638 1833 3710 ad
1897 3638 2160 3711 Ducem
2227 3638 2631 3710 Boleslaum
2695 3637 3048 3710 Masovia'e
3121 3643 3190 3711 et
3245 3659 3409 3710 suos
3472 3639 3988 3730 praedecessores

942 3755 1369 3847 pertinuisse
1424 3761 1494 3829 et
1550 3754 1933 3849 spectasse,
1993 3764 2061 3831 et
2117 3778 2390 3849 semper
2445 3757 2620 3829 iuris
2659 3757 2769 3829 sui
2828 3757 3023 3829 illam
3082 3757 3298 3830 fuisse
3329 3758 3416 3847 4):
3474 3759 3772 3831 barones
3803 3761 3986 3827 tamen

944 3876 1367 3951 Lithuaniae
1419 3878 1697 3950 nullum
1753 3878 2018 3951 iustum
2074 3870 2413 3951 iudicium
2469 3879 2843 3951 voluerunt
2899 3881 3066 3951 tunc
3121 3878 3389 3966 subire,
3447 3890 3834 3951 asserentes
3879 3874 3984 3944 Du-

950 4016 1099 4069 cem
1153 3997 1505 4071 Masoviae
1569 3999 1969 4071 Boleslaum
2036 3998 2220 4087 iure,
2277 3999 2340 4071 si
2379 3998 2560 4090 quod
2598 3999 2916 4087 haberet,
2972 4020 3199 4091 neque
3253 4000 3326 4071 in
3365 3999 3514 4071 vita
3551 3998 3766 4071 Ducis
3801 3987 3988 4083 Magni

948 4116 1331 4189 Withawdi
1360 4116 1422 4206 5)
1477 4140 1682 4191 usum
1722 4140 1903 4207 esse,
1962 4119 2081 4193 sed
2120 4120 2314 4192 Duce
2368 4120 2619 4212 Magno
2658 4118 3109 4212 Sigismundo
3167 4126 3459 4207 mortuo,
3519 4126 3774 4193 terram
3807 4116 3984 4207 ipsam

948 4236 1293 4310 violenter
1348 4257 1745 4329 occupasse.
1819 4240 2386 4332 Requirebantur
2439 4240 2650 4313 etiam
2706 4246 2873 4313 tunc
2925 4241 3217 4313 barones
3271 4241 3729 4328 Lithuaniae,
3782 4242 3854 4309 ut
3897 4252 3982 4323 pa·

949 4356 1357 4431 trimonium
1412 4358 1592 4431 Duci
1646 4360 1974 4433 Michaeli
2030 4361 2343 4435 ablatum
2396 4361 2797 4449 redderent;
2855 4361 2978 4433 sed
3030 4362 3566 4453 responderunt:
3643 4359 3890 4432 nullam
3929 4370 3984 4420 se

951 4479 1039 4550 ad
1092 4478 1164 4550 id
1219 4482 1641 4570 potestatem
1681 4481 2029 4555 tractandi
2084 4488 2208 4555 aut
2244 4482 2616 4556 definiendi
2660 4481 2930 4574 aliquid
2969 4482 3342 4572 accepisse.
3401 4481 3659 4572 Sicque
3693 4501 3764 4553 re
3807 4470 3982 4564 magis

946 4598 1235 4685 infecta,
1293 4620 1503 4692 quam
1556 4603 1989 4689 concordata,
2045 4602 2431 4677 discessum
2487 4608 2614 4675 est.
2673 4602 2775 4675 Ea
2831 4623 2942 4676 res
2981 4601 3453 4675 Wladislaum
3509 4597 3892 4693 Hungariae
3933 4596 3982 4661 et

920 4719 1282 4793 ·Poloniae
1336 4720 1601 4814 Regem
1656 4727 1725 4794 et
1778 4744 1927 4810 eoS,
1998 4723 2119 4814 qui
2176 4745 2409 4797 secum
2465 4723 2706 4798 Budae
2759 4724 3232 4811 morabantur,
3299 4720 3740 4795 consiliarios
3791 4711 3978 4793 movit,

949 4841 1487 4933 consultumque
1545 4848 1655 4915 est
1716 4841 2172 4915 Lithuaniam
2239 4842 2718 4930 dividendam,
2783 4841 3361 4934 partiendamque
3413 4840 3487 4913 in
3543 4842 3779 4934 plures
3825 4832 3978 4908 Prin·

949 4959 1171 5050 cipeS,
1246 4965 1327 5033 ut
1398 4966 1749 5052 potestate
1822 4962 2224 5052 imminuta,
2310 4962 2721 5051 insolentia,
2797 4982 2972 5055 quae
3047 4982 3134 5034 ex
3219 4962 3347 5033 illa
3421 4961 3798 5045 oriebatur,
3861 4971 3976 5025 0011·

954 5077 1366 5171 quiesceret.

1172 5354 1216 5433 ¹)
1266 5356 1571 5420 Venerunt
1617 5354 1770 5421 Cod.
1815 5355 1995 5420 Kost.
2044 5354 2097 5436 2)
2140 5358 2465 5435 possidere.
2517 5352 2670 5419 Cod.
2717 5353 2852 5417 Lis.
2902 5355 2950 5435 ³)
2996 5355 3220 5417 Vitoldi
3270 5350 3420 5418 Coa.
3469 5351 3686 5417 Przcz.
3733 5349 3780 5431 ⁴)
3820 5346 3977 5409 focium

841 5548 863 5567 .
958 5454 1085 5519 Ed.
1118 5455 1299 5541 Lipe.
1352 5456 1403 5539 ⁵)
1451 5461 1675 5521 Vitoldi
1724 5455 1876 5523 Cod.
1921 5458 2138 5522 Przcz.
