4342 6384
398 621 533 728 (Aa
574 615 663 703 D.
704 598 958 727 11144.)
1568 647 1797 707 menn
1848 649 2362 707 noonncmus.
3353 636 3394 709 7
3401 634 3500 709 03

398 838 569 910 tatis
622 836 947 929 pluribus
995 834 1317 908 scutellis
1353 838 1426 908 et
1462 836 1652 909 vasis
1690 836 2043 931 argenteis
2099 842 2169 911 et
2207 836 2462 927 aureis,
2520 852 2884 911 munerum
2921 835 3073 913 loco
3103 840 3497 916 Wladislao

395 957 579 1050 Regi
630 976 673 1029 a
724 957 1016 1030 Caesare
1072 955 1479 1045 destinatis,
1535 956 1781 1047 paucis
1838 957 2260 1049 legationem
2317 957 2727 1031 absolvunt:
2797 956 3082 1049 Pacem,
3139 960 3497 1054 inquiunt,

396 1076 739 1149 Dominus
790 1080 1031 1149 noster
1080 1076 1462 1148 Turcorum
1516 1076 1909 1168 Imperator
1963 1078 2342 1166 Amurath,
2417 1082 2500 1149 ut
2563 1080 2727 1152 tuac
2781 1078 3138 1154 Maiestati
3192 1083 3496 1174 compla-

398 1196 657 1285 cuerit,
712 1197 1166 1289 temporalem
1221 1198 1347 1268 aut
1396 1196 1803 1269 diuturnam
1856 1200 2086 1270 tecum
2154 1200 2226 1270 et
2278 1194 2524 1290 Regno
2579 1202 2702 1271 tuo
2766 1194 3172 1294 Hungariae
3223 1202 3500 1275 firmare

394 1338 559 1405 nos,
614 1318 823 1408 plena
876 1316 1305 1389 authoritate
1358 1316 1553 1403 data,
1612 1314 2040 1403 transmisit,
2098 1314 2230 1389 sub
2267 1313 2381 1388 his
2437 1316 2981 1409 conditionibuS,
3039 1324 3120 1393 ut
3175 1322 3498 1395 omnibus

396 1437 651 1509 castris
715 1458 839 1529 per
898 1436 1131 1527 ipsum
1195 1439 1267 1509 et
1330 1439 1805 1508 antecessores
1861 1455 2025 1507 suos
2091 1436 2511 1528 conquisitis
2567 1447 2637 1511 et
2691 1438 3072 1512 Turcorum
3125 1438 3500 1533 praesidiis

394 1560 739 1631 hactenus
792 1554 1086 1628 munitis
1142 1558 1213 1627 et
1264 1554 1613 1645 possessis
1667 1554 1741 1626 in
1796 1554 2085 1643 Rascia,
2144 1552 2475 1629 videlicet
2513 1556 2940 1650 Golubyecz‚
3001 1560 3379 1634 Smiderow
3417 1562 3496 1651 1),

396 1680 685 1749 Zarnow
714 1674 801 1765 2),
877 1675 1429 1765 Kruschowyecz
1460 1670 1547 1763 3),
1631 1673 1921 1762 Kowin,
1996 1673 2334 1763 Sewerin,
2409 1676 2839 1751 Nowobardo
2869 1679 2959 1769 ⁴),
3044 1680 3378 1754 Srebrnik
3410 1680 3496 1770 5),

358 1794 779 1869 Ostrwicza
806 1794 895 1884 θ),
972 1794 1183 1868 Surin
1212 1790 1300 1883 ⁷),
1374 1789 1693 1866 Kosznik
1720 1792 1810 1883 ⁸),
1876 1791 2258 1885 Koperhan
2283 1794 2374 1886 ⁹),
2430 1794 2811 1889 Prokopia,
2878 1798 3343 1892 Laskowyecz
3381 1802 3496 1891 ²⁰),

397 1914 861 2008 Zyelonigrod
898 1914 1012 2005 ¹¹),
1070 1918 1283 2005 atque
1340 1910 1473 1986 toti
1509 1912 1807 1986 Raeciae
1861 1918 1935 1985 et
1970 1912 2083 1987 illi
2137 1915 2329 2007 parti
2364 1913 2480 2006 ¹²),
2539 1938 2747 2009 quam
2785 1915 3136 2009 Despotus
3192 1918 3497 2009 tenebat,

396 2036 745 2108 Albaniae
806 2038 1141 2127 perpetuo
1212 2032 1348 2106 tibi
1411 2029 1643 2120 cedat,
1718 2024 2059 2125 Bulgaria
2124 2036 2276 2107 tota
2339 2035 2643 2128 Imperio
2710 2056 2836 2109 suo
2900 2044 3288 2127 remaneat3
3361 2040 3499 2112 duo

396 2155 535 2228 filii
573 2154 864 2245 Despoti
919 2174 1006 2226 ex
1044 2152 1461 2244 captivitate
1500 2153 1889 2225 solvantur.
1949 2153 2142 2226 Haec
2180 2153 2486 2227 Graecus
2543 2160 2613 2229 et
2656 2176 2796 2228 non
2831 2158 3061 2249 plura.
3118 2158 3500 2251 Legatione

396 2274 558 2366 ipsa
592 2272 683 2363 ¹³)
736 2274 811 2346 in
868 2275 1211 2346 secretum
1275 2270 1648 2345 consilium
1710 2270 1969 2345 reiecta
2006 2272 2123 2362 ¹⁴),
2190 2294 2428 2347 omnes
2491 2274 2988 2368 Hungarorum
3051 2277 3362 2351 Praelati
3429 2282 3498 2351 et

396 2396 725 2482 barones,
784 2414 1077 2485 quorum
1132 2391 1539 2480 multitudo,
1579 2390 1772 2484 Rege
1806 2391 2202 2486 mandante,
2257 2410 2382 2486 pro
2419 2392 2826 2469 huiusmodi
2880 2398 3280 2489 spectaculo
3335 2418 3495 2470 con·
3533 2386 3540 2393 ’

398 2517 720 2601 venerat,
778 2516 1097 2602 censent,
1156 2511 1579 2603 persuadent
1632 2516 1705 2583 et
1757 2511 2168 2601 decernunt,
2226 2528 2385 2585 cum
2421 2514 2566 2586 tam
2619 2514 2920 2588 utilibus
2976 2516 3498 2590 conditionibus

400 2633 837 2706 nullatenus·
871 2628 1339 2723 spernendam·
1382 2651 1537 2704 esse
1590 2650 1865 2723 pacem
1930 2632 2108 2705 scire
2164 2653 2240 2705 se
2295 2638 2633 2725 quantum
2689 2634 3056 2729 sanguinis
3111 2634 3223 2709 sui
3279 2658 3495 2728 quon-

398 2752 560 2823 dam
617 2754 851 2824 fusum
906 2754 1015 2823 est
1068 2750 1147 2822 in
1181 2750 1700 2843 oppugnatione
1755 2750 2151 2843 Golubyecz
2191 2753 2440 2843 castri,
2499 2750 2682 2845 quod
2735 2772 2922 2829 nunc
2967 2754 3119 2829 sine
3158 2756 3498 2850 sanguine

398 2872 797 2963 recuperari
850 2874 1114 2962 potest3
1174 2870 1419 2962 quanti
1456 2870 1744 2962 insuper
1798 2871 1895 2944 sit
1932 2877 2240 2945 castrum
2280 2872 2658 2945 Smiderow
2714 2878 2858 2947 tam
2898 2874 3041 2948 situ
3099 2894 3308 2968 quam
3346 2897 3494 2948 mu·

401 2992 669 3065 uitione
724 2990 1178 3063 fortissimum
1240 2994 1312 3063 et
1347 2990 1529 3063 nulli
1584 2990 2001 3082 secundum,
2052 2994 2300 3085 quanti
2334 2993 2531 3067 locus
2569 2993 3002 3067 Nowobardo
3039 2988 3130 3086 1ὅ)
3187 2996 3260 3068 111
3297 2996 3498 3089 copia

401 3116 766 3206 argentum
822 3110 1251 3184 fodientibus
1286 3116 1685 3203 praestans,
1743 3112 1992 3203 quanti
2029 3116 2179 3185 tota
2215 3111 2472 3187 Rascia
2525 3116 2598 3187 et
2631 3132 2793 3206 pars
2832 3112 3208 3205 Albaniae,
3249 3116 3496 3208 quanti

402 3252 543 3325 pax
597 3234 753 3325 ipsa
818 3253 859 3305 a
920 3235 1063 3304 tam
1128 3230 1386 3303 infesto
1450 3234 1521 3303 et
1584 3231 1790 3321 duro,
1864 3234 2275 3326 potentique
2337 3235 2573 3323 hoste,
2651 3234 2931 3309 solicita
2993 3234 3497 3311 deliberatione

402 3354 804 3426 aestimant.
858 3352 1209 3444 Despotus
1263 3351 1417 3443 ipse
1455 3351 1822 3445 Georgius,
1880 3352 2019 3425 iam
2060 3372 2204 3445 spe,
2246 3354 2383 3426 iam
2420 3358 2612 3427 metu
2651 3354 3044 3446 tabescens,
3083 3353 3495 3430 nuncwla-

404 3474 710 3545 dislaum
766 3472 1062 3563 Regem,
1116 3491 1303 3543 nunc
1356 3470 1723 3544 universos
1776 3472 2247 3562 consiliarios,
2306 3493 2488 3546 nunc
2544 3474 2892 3567 singulos,
2949 3494 3087 3547 non
3141 3478 3286 3547 tam
3339 3496 3493 3568 pre·

402 3594 601 3665 cibus
655 3612 866 3682 quam
920 3589 1291 3663 uberrimis
1346 3589 1656 3664 lacrimis
1711 3596 2071 3665 consecrat
2124 3595 2196 3665 et
2247 3596 2476 3685 rogat:
2533 3613 2621 3667 ne
2667 3592 3094 3668 occasionem
3147 3594 3321 3669 bene
3375 3615 3492 3688 ge·

399 3712 657 3785 rendae
710 3710 813 3783 rei
867 3710 1463 3801 praetermittant,
1520 3732 1607 3784 ne
1645 3716 2031 3785 castrorum
2087 3716 2158 3785 et
2197 3712 2738 3787 fortissimorum
2793 3718 2864 3787 et
2898 3712 3497 3788 nobilissimorum

400 3836 475 3905 et
528 3835 870 3904 terrarum
926 3830 1419 3902 foecundarum
1481 3830 1940 3922 deditionem,
2005 3832 2669 3925 restitutionemque
2731 3832 2934 3925 parvi
2989 3833 3284 3924 faciant}
3350 3839 3493 3907 tam

403 3952 679 4025 facilem
752 3948 1345 4043 recuperationem
1422 3954 1529 4023 tot
1591 3954 1967 4043 terrarum,
2040 3956 2148 4025 tot
2221 3957 2642 4042 castrorum,
2716 3974 2855 4025 non
2925 3952 3001 4025 in
3065 3975 3194 4027 sua
3265 3955 3493 4027 solum

400 4076 672 4159 aetate,
748 4071 872 4144 sed
935 4070 1147 4143 etiam
1200 4068 1276 4141 in
1329 4070 1577 4143 multis
1632 4072 1935 4145 saeculis
1988 4073 2396 4147 nullatenus
2451 4073 2834 4165 speraturi3
2907 4094 2996 4147 ne
3057 4074 3494 4147 charissimis

399 4191 845 4285 pignoribus,
904 4190 1053 4263 filio
1088 4194 1386 4282 utroque
1442 4211 1516 4264 se
1551 4190 1914 4282 patiantur
1965 4192 2219 4265 orbari.
2277 4192 2588 4267 Moestus
2641 4194 2814 4267 haec
2867 4192 3042 4266 flens
3098 4197 3167 4267 et
3221 4194 3494 4267 eiulans

356 4312 373 4323 ’
401 4316 617 4404 atque
670 4309 1046 4383 caesariem
1084 4308 1370 4400 capitis,
1427 4309 1817 4402 barbaeque
1855 4312 2149 4403 capillos
2205 4313 2578 4405 decerpens
2615 4309 3111 4407 ingeminabat.
3169 4312 3493 4386 Omnium

400 4432 645 4522 itaque
698 4431 1017 4503 ultroneo
1081 4428 1375 4501 consilio
1449 4432 1519 4501 et
1582 4450 1911 4519 assensu,
1987 4431 2117 4504 sub
2182 4432 2701 4506 conditionibus
2765 4433 3181 4525 propositiS,
3255 4454 3493 4525 pacem

401 4571 562 4625 cum
616 4550 839 4622 Turco
876 4549 969 4639 ¹⁶)
1023 4549 1097 4621 in
1134 4548 1544 4622 decennium
1598 4551 1860 4624 firmari
1913 4550 2215 4642 placuit,
2275 4554 2619 4645 quatenus
2676 4553 2807 4625 sub
2847 4552 3074 4645 spatio
3129 4551 3256 4626 illo
3297 4553 3492 4626 Wla-

404 4671 676 4743 dislaus
732 4669 922 4757 Rex,
977 4668 1357 4742 domestico
1392 4670 1579 4742 bello
1632 4668 1709 4741 in
1746 4673 1971 4742 totum
2026 4670 2341 4745 extincto
2397 4676 2468 4745 et
2519 4668 2770 4745 throno
2826 4692 2952 4745 suo
3004 4673 3080 4745 in
3127 4668 3494 4766 Hungaria

622 4909 669 4991 ι)
713 4910 1031 4972 swiderow
1074 4906 1200 4970 Ed.
1224 4905 1405 4991 Lips.
1460 4906 1507 4988 ²)
1552 4908 1787 4969 Zamow
1816 4906 1943 4971 Ed.
1969 4906 2149 4993 Lips.
2199 4908 2252 4990 8)
2299 4910 2694 4972 Krzizowiecz
2729 4906 2881 4974 Cod.
2904 4908 3082 4975 Kone.
3113 4912 3494 4974 Kussowiecz

402 5011 533 5077 Ed.
578 5011 760 5097 Lips.
836 5010 891 5094 ⁴)
936 5012 1379 5075 Norochardow
1442 5009 1569 5073 Ed.
1632 5008 1815 5095 Lipe.
1894 5011 1945 5092 ο)
1992 5014 2308 5075 Sta-zehnik
2377 5008 2531 5077 cod.
2584 5012 2724 5075 Im.
2789 5015 3080 5076 Szebrnik
3137 5012 3264 5078 Ed.
3311 5012 3493 5097 Εὗρε.

404 5116 461 5199 ⁸)
508 5117 858 5194 Ostrzynica
905 5110 1057 5178 Cod.
1104 5111 1237 5178 Lis.
1287 5114 1649 5177 Ostrowicza
1710 5110 1862 5178 Cod.
1907 5112 2126 5178 Przez.
2207 5113 2258 5194 ⁷)
2305 5117 2609 5193 Schurzyn
2672 5112 2825 5181 Cod.
2881 5114 3016 5181 Lis.
3077 5118 3293 5195 Syriko
3341 5112 3494 5180 Cod.

402 5216 623 5283 Przez.
672 5216 721 5298 ⁸)
773 5218 1000 5279 Rosnik
1044 5214 1173 5279 Ed.
1215 5214 1397 5299 Lips.
1444 5216 1501 5297 ⁹)
1536 5218 1849 5296 Copethar
1881 5214 2034 5281 Cod.
2065 5216 2206 5281 [Aa.
2237 5220 2560 5295 Koperban
2593 5218 2722 5281 Ed.
2746 5216 2929 5303 Dipo.
2985 5219 3062 5299 ¹⁰)
3091 5220 3496 5282 Liaskowieez

402 5320 534 5384 Ed.
579 5319 761 5404 Lips.
820 5306 901 5405 ¹¹)
947 5319 1305 5395 Siedinigrot
1357 5316 1510 5383 cod.
1556 5313 1775 5383 Przez.
1832 5316 1910 5401 ¹²)
1953 5322 2308 5401 Laskouiec‚
2352 5318 2610 5382 Albania
2652 5328 2830 5399 atque
2872 5328 3000 5384 tota
3041 5318 3276 5403 Raecia,
3321 5329 3382 5383 et
3425 5342 3499 5394 ex

402 5426 509 5485 illa
552 5428 720 5501 parte
764 5422 1143 5501 Zielonigrod
1190 5418 1342 5485 Cod.
1374 5420 1510 5485 Lis.
1581 5417 1657 5503 ¹⁸)
1702 5426 1816 5485 hac
1878 5420 2030 5488 Cod.
2078 5420 2255 5487 Kost.
2333 5420 2411 5504 ¹⁴)
2457 5422 2702 5487 reducta
2745 5421 2872 5489 Ed.
2927 5422 3110 5509 Lipe.
3189 5420 3266 5506 ¹⁵)
3309 5416 3495 5486 Nero-

406 5526 681 5587 chardow
725 5523 851 5586 Ed.
898 5522 1078 5607 Lips.
1136 5522 1207 5605 ¹⁸)
1252 5544 1384 5587 cum
1428 5527 1789 5603 Imperatore
1831 5528 2158 5589 'rnrcorum
2203 5525 2328 5590 Ed.
2375 5524 2554 5610 Lipe.
