4342 6384
359 551 492 652 (Α.
531 551 626 626 D.
665 548 918 651 ¹420.)
1547 574 1776 626 amsa
1826 571 2288 626 unnncnms.
3300 553 3459 626 269

360 759 854 853 sigismundus
909 759 1108 832 clade
1163 761 1308 832 tam
1361 757 1720 851 insperata
1771 762 1844 832 et
1889 761 2179 832 cruenta
2216 759 2273 848 ¹)
2324 759 2725 852 perculsus„
2766 779 2922 832 cum
2958 756 3283 849 reliquiis
3322 755 3453 830 mi-

359 879 682 953 serabilis
735 878 1120 966 exercitae,
1175 878 1408 952 tristis
1463 884 1912 970 moestusque
1965 877 2405 972 Hungariam
2455 878 2743 970 repetiit
2770 877 2857 968 ²).
2914 877 3331 952 Ceciderunt
3366 897 3457 950 ex

357 999 664 1073 Moravis
728 999 1262 1092 quatuordecem
1317 1019 1633 1090 proceres
1649 1055 1668 1087 ,
1743 1018 1832 1071 ex
1895 999 2257 1093 Hungaris
2273 1056 2290 1088 ‚
2348 998 2779 1091 caeterisque
2840 998 3169 1091 gentibus
3246 1019 3457 1089 quam

359 1120 673 1211 plurimi.
730 1121 916 1208 Arx,
973 1119 1426 1212 Sigismundo
1479 1119 1672 1212 Rege
1725 1119 2122 1208 recedente,
2188 1118 2661 1212 Pragensibus
2714 1117 2951 1192 dedit-a
2983 1116 3069 1207 ³).
3126 1119 3347 1191 Erant
3380 1117 3457 1189 in

359 1238 714 1313 territorio
783 1237 1146 1326 Pilznensi
1217 1239 1576 1330 complura
1647 1237 2008 1328 coenobia,
2083 1239 2337 1330 opibus
2392 1243 2463 1312 et
2516 1237 2895 1312 structuris
2958 1237 3298 1330 insignia,
3367 1256 3456 1310 ex

361 1359 618 1452 quibus
669 1359 972 1434 Zischka
1006 1359 1316 1452 quinque
1353 1359 1762 1432 combussit.
1817 1359 1908 1432 In
1943 1359 2368 1434 monasterio
2404 1379 2567 1432 vero
2606 1357 3107 1432 Kladroviensi
3136 1357 3225 1446 ⁴),
3282 1377 3453 1448 quo·

361 1480 552 1552 niam
607 1479 952 1553 munitius
1007 1484 1189 1567 erat,
1244 1478 1674 1571 praesidium
1727 1478 1989 1571 posuit.
2047 1479 2209 1552 Huc
2263 1477 2759 1572 Sigismundus
2796 1477 3179 1552 exercitum
3218 1475 3453 1549 admo-

363 1599 498 1686 vit3
557 1598 679 1672 sed
731 1598 1034 1672 Zischka
1085 1598 1160 1672 in
1213 1617 1374 1672 eum
1427 1599 1756 1688 ducente,
1811 1597 2006 1690 turpi
2060 1599 2230 1691 fuga
2280 1597 2603 1688 recessit,
2658 1618 2787 1672 nec
2840 1596 2964 1670 diu
3015 1600 3263 1689 postea
3316 1597 3453 1668 Bo-

362 1718 662 1792 hemiam
717 1718 1030 1811 reliquit.
1085 1719 1388 1793 Zischka
1438 1719 1774 1811 posthaec
1809 1719 1900 1790 ad
1933 1717 2255 1792 Pilznam
2309 1719 2601 1806 ducens,
2658 1721 2931 1792 tentata
2980 1715 3208 1812 magis
3246 1737 3457 1808 quam

363 1839 650 1911 obtenta
701 1838 1222 1931 expugnatione
1275 1838 1592 1930 (videbat
1645 1838 1832 1911 enim
1867 1837 2110 1912 urbem
2149 1838 2425 1932 egregie
2460 1837 2770 1928 defendi)
2808 1836 2996 1910 viam
3031 1835 3275 1929 petiit,
3330 1857 3455 1927 op·

362 1956 662 2050 pidoque
715 1958 1017 2050 potitus,
1073 1959 1448 2050 populares
1503 1979 1660 2032 cum
1713 1957 2197 2032 sacerdotibus
2243 1961 2505 2032 frustra
2550 1957 2826 2032 veniam
2862 1961 3183 2050 petentes
3220 1954 3454 2029 incen-

363 2078 492 2151 dit.
548 2077 900 2170 Oppidum
951 2078 1202 2152 deindo
1233 2078 1295 2168 5)
1351 2078 1504 2153 Rab
1557 2078 2009 2172 impugnans,
2075 2081 2380 2152 alterum
2446 2080 2727 2154 oculum
2778 2077 3051 2166 amisit3
3115 2097 3244 2152 nec
3296 2096 3455 2168 pro-

366 2203 604 2290 pterea
656 2201 1084 2272 castrensem
1138 2199 1478 2288 laborem,
1535 2204 1660 2271 aut
1711 2199 1814 2273 rei
1867 2198 2205 2273 militaris
2266 2219 2505 2274 curam
2559 2198 2829 2273 omisit:
2896 2217 3285 2290 coecusque
3333 2217 3461 2288 po·-

365 2317 610 2409 pulus,
683 2337 966 2391 coecum
1038 2319 1283 2392 ducem
1347 2322 1630 2392 secutus
1695 2323 1826 2392 est.
1898 2319 2289 2412 Pragenses
2352 2318 2429 2392 in
2492 2318 2745 2412 oppido
2809 2317 3115 2408 Verona,
3192 2316 3267 2390 in
3322 2335 3459 2408 quo

365 2435 789 2528 praesidium
845 2437 1282 2531 sigismundi
1312 2438 1376 2527 θ)
1432 2441 1614 2528 erat,
1671 2442 1907 2532 capto,
1963 2439 2209 2530 paucis
2264 2437 2455 2512 vitae
2506 2437 2918 2527 reservatiS,
2985 2441 3295 2512 caeteros
3348 2434 3457 2507 in-

369 2556 736 2647 terimunt,
793 2559 982 2632 Brod
1037 2555 1545 2632 Theutonicum
1599 2563 2040 2652 expugnant,
2106 2558 2474 2630 Kuthnam
2532 2579 2805 2650 quoque
2860 2562 2931 2632 et
2983 2556 3163 2630 alias
3216 2555 3459 2648 plures

369 2675 724 2767 civitates,
781 2677 1195 2752 dedentibus
1251 2699 1324 2752 se
1379 2677 1780 2770 oppidania,
1837 2679 1912 2751 in
1964 2682 2385 2771 potestatem
2440 2677 2818 2772 accipiunt.

531 3031 758 3121 Legati
802 3031 1216 3105 Bohemorum
1260 3033 1638 3122 negativum
1681 3032 1765 3104 de
1809 3032 2225 3123 suscipiendo
2266 3032 2487 3122 unguo
2528 3031 2871 3104 Bohemiae
2910 3046 3295 3121 responsu

1221 3171 1260 3226 a
1304 3151 1656 3226 wladislao
1695 3153 1998 3226 Poloniae
2042 3152 2217 3244 nego
2262 3153 2614 3244 accipiunt.

574 3401 758 3472 Data
809 3399 1260 3491 responsione
1313 3401 1500 3494 apud
1552 3401 1884 3476 Wolborz
1938 3400 2377 3475 Wladislaus
2430 3400 2765 3474 Poloniae
2800 3400 2957 3474 Rex
2994 3399 3267 3472 nuntiis
3322 3401 3461 3472 Bo-

371 3517 694 3608 hemiciS,
758 3541 883 3612 per
936 3521 1184 3594 solitas
1247 3520 1588 3594 stationes
1651 3521 1850 3594 vadit
1903 3521 1978 3594 in
2033 3525 2290 3595 terram
2355 3519 3019 3608 Sandomiriensem,
3086 3518 3337 3592 deinde
3388 3519 3465 3592 in

372 3639 906 3728 Lublinensem,
963 3640 1304 3732 expost'1)
1361 3661 1524 3714 vero
1563 3641 1636 3714 in
1672 3641 1974 3714 Russiae
2029 3661 2221 3714 oram
2272 3639 2655 3714 descendit.
2722 3641 2873 3732 Qua
2933 3644 3329 3732 peregrata,
3388 3637 3464 3710 in

373 3758 908 3851 Nyepolomicze
959 3779 1084 3850 pro
1138 3757 1253 3831 die
1307 3757 1550 3832 Sancti
1603 3759 1922 3848 Martini,
1987 3759 2417 3834 consiliariis
2470 3757 2969 3834 ecclesiasticis
3024 3762 3096 3832 et
3150 3758 3461 3832 saecula-

374 3878 564 3952 ribus
617 3877 986 3952 convenire
1040 3877 1214 3951 illuc
1269 3879 1518 3968 iussis,
1573 3879 1890 3968 advenit,
1949 3884 2020 3954 et
2073 3879 2605 3973 sigismundum
2642 3880 3117 3953 Romanorum
3153 3881 3225 3952 et
3260 3879 3461 3950 Hun-
3530 3905 3535 3910 ·

372 3999 604 4091 gariae
665 3999 926 4091 Regem
987 3998 1175 4092 apud
1237 4000 1534 4093 Pragam
1598 3999 2032 4088 conflictum,
2106 4000 2521 4074 Wenceslao
2593 3997 2949 4091 Oppaviae
3003 3999 3195 4070 Duce
3247 3996 3465 4070 celeri

375 4118 618 4192 nuntio
673 4117 812 4191 sibi
864 4118 1468 4212 consignificante‚
1525 4123 1674 4192 tum
1731 4120 2032 4211 primum
2085 4120 2399 4212 agnovit.
2454 4121 2923 4193 Bohemorum
2978 4117 3218 4210 itaque
3271 4118 3462 4210 lega-

375 4238 558 4312 tione
615 4238 963 4330 frequenti
1017 4237 1515 4312 deliberatione
1568 4239 1946 4329 ventilata,
2003 4239 2267 4314 nemini
2304 4238 2479 4312 satis
2519 4238 2820 4331 placuit,
2876 4239 3199 4331 Regnum
3238 4238 3465 4312 Bohe-

379 4358 555 4433 miae
609 4379 768 4432 cnm
822 4357 1230 4432 haeresibus
1285 4363 1356 4430 et
1411 4358 1908 4448 seditionibuS,
1973 4359 2435 4452 cladibusque
2488 4359 2883 4448 intestinis,
2940 4359 3235 4434 haerede
3272 4357 3467 4431 insu-

377 4499 493 4569 per
545 4477 894 4571 legitimo,
953 4477 1408 4570 sigismundo
1463 4478 1932 4552 Romanorum
1989 4484 2060 4553 et
2113 4479 2521 4572 Hungariae
2572 4480 2795 4573 Rege,
2854 4484 3173 4567 extante,
3222 4476 3345 4568 qui
3380 4476 3471 4548 ad

376 4597 554 4670 illud
607 4619 650 4672 a
701 4601 902 4690 parte
955 4596 1234 4670 iustiori
1288 4602 1696 4690 assumptus
1741 4603 1814 4674 et
1849 4604 2221 4674 coronatus
2258 4603 2438 4687 erat,
2496 4599 2791 4672 assumi:
2841 4599 2917 4672 in
2954 4599 3271 4690 hancque
3308 4617 3463 4670 sen·

377 4719 666 4792 tentiam
721 4717 1188 4791 Bohemorum
1242 4717 1516 4792 nuntiis
1569 4739 1980 4810 responsum
2061 4723 2194 4793 ost.
2266 4721 2359 4792 Et
2424 4717 2863 4792 Wladislaus
2924 4716 3257 4792 Poloniae
3312 4716 3469 4790 Rex

379 4836 810 4930 propositum
867 4858 1072 4909 suum
1127 4836 1278 4909 illis
1333 4837 1694 4931 detegens,
1753 4838 1980 4931 Regni
2032 4839 2369 4913 Poloniae
2420 4839 2681 4912 finibus
2736 4860 2811 4912 se
2864 4840 3269 4911 contentum
3325 4837 3471 4908 fore

381 4963 448 5030 et
497 4955 772 5031 nullius
826 4956 1100 5030 externi
1155 4977 1354 5050 egere
1409 4979 1484 5030 se
1535 4959 1895 5050 professus
1959 4963 2101 5047 est,
2177 4959 2641 5052 Regnumque
2704 4956 3079 5031 Bohemiae
3151 4976 3309 5029 cnm
3362 4975 3471 5027 ar-

587 5249 640 5329 ι)
691 5249 918 5312 crudeli
978 5244 1132 5313 Cod.
1193 5247 1386 5312 Rozr.
1449 5245 1503 5328 ²)
1555 5249 1620 5310 in
1661 5249 2028 5326 Hungariam
2088 5250 2285 5312 rediit.
2344 5244 2498 5312 cod.
2542 5245 2735 5310 Rozr.
2799 5244 2853 5325 ³)
2896 5246 3099 5308 dedita
3151 5251 3261 5309 est.
3316 5243 3470 5309 cod.

379 5349 564 5420 Rezr.
627 5349 682 5428 ⁴)
731 5351 1120 5414 Cladronensi
1186 5349 1340 5414 0001.
1401 5349 1594 5413 Rozr.
1654 5351 2124 5434 (Kladrubensi).
2190 5349 2242 5432 ⁵)
2288 5357 2485 5417 autem
2548 5346 2701 5419 God.
2755 5348 2947 5416 Rozr.
3004 5346 3059 5430 ⁸)
3102 5350 3471 5436 Sigismundi

379 5455 554 5536 Regis
602 5451 758 5520 Coa.
803 5451 995 5516 Rozr.
1046 5451 1097 5534 ⁷)
1143 5461 1354 5534 postea
1400 5449 1552 5520 Cod.
1595 5452 1790 5520 Rozr.
