4342 6384
383 583 524 686 (n.
557 584 648 660 D.
689 582 948 685 1⁴30.)
1528 608 1756 661 mn
1807 607 2323 663 momentus.
3335 586 3485 665 013

383 796 566 870 enim
623 795 876 867 Caesar
927 815 1082 866 curn
1138 808 1390 886 magno
1443 798 1512 867 et
1567 795 1732 869 forti
1787 794 2102 869 exercitu
2155 795 2447 869 veniens
2468 852 2491 883 ,
2544 800 2881 888 occupata
2934 800 3003 870 et
3038 796 3111 869 in
3148 796 3487 873 ditionem

383 938 580 990 suam
636 919 786 989 tota
837 915 1116 989 redacta
1170 915 1457 1004 Rascia,
1514 920 1828 988 castrum
1882 916 2263 989 Smiderow
2299 918 2379 1005 ¹),
2440 916 2626 1009 quod
2661 918 3017 1010 Despotus
3052 918 3330 991 noviter
3368 938 3483 991 au-

383 1059 508 1130 pra
563 1036 961 1109 Danubium
1017 1034 1292 1128 magnis
1349 1037 1748 1127 sumptibus
1805 1037 2294 1110 aedificaverat
2349 1042 2419 1111 et
2472 1037 2731 1131 viginti
2797 1038 3106 1130 quinque
3170 1039 3486 1113 turribus

386 1158 815 1246 muniverat,
877 1156 1171 1231 obsedit.
1231 1156 1342 1228 Ad
1379 1158 1857 1248 repellendum
1898 1158 2137 1250 itaque
2193 1154 2399 1231 illum
2430 1156 2493 1247 ²)
2551 1157 2637 1231 ab
2694 1157 3087 1247 obsidione,
3150 1159 3489 1232 Albertus

385 1281 541 1352 Rex
595 1279 918 1371 precibus
974 1278 1266 1369 Despoti
1321 1277 1616 1351 Rasciae
1673 1276 2011 1371 Stephani
2070 1279 2471 1352 solicitatus
2538 1284 2611 1352 et
2652 1280 2885 1353 victus
2940 1279 3283 1366 lacrimiS,
3342 1280 3488 1351 col-

385 1403 568 1473 lecto
621 1420 709 1471 ex
763 1397 1124 1491 Hungaris
1179 1402 1252 1469 et
1307 1397 1454 1470 suis
1510 1399 2018 1472 Austrensibus
2051 1398 2112 1489 ³)
2169 1399 2515 1487 exercitu,
2575 1404 2815 1472 contra
2870 1400 3129 1473 Turcos
3186 1422 3323 1473 non
3363 1420 3483 1473 ex-

388 1522 690 1613 pectatis
744 1519 1036 1592 auxiliis
1091 1520 1464 1611 processit,
1521 1520 1609 1591 ad
1665 1512 2142 1612 repellendum
2200 1519 2365 1592 illos
2420 1542 2462 1593 a
2516 1519 2811 1613 praefati
2848 1521 3069 1594 castri.
3102 1520 3487 1594 obsidione.

391 1641 638 1715 Multis
704 1642 944 1733 itaque
1008 1639 1254 1712 diebus
1321 1640 1395 1711 in
1461 1662 1701 1733 campo
1767 1646 2265 1729 commoratus,
2341 1640 2589 1715 videns
2662 1640 2931 1714 animos
2998 1642 3493 1735 Huugaromm

393 1768 462 1836 et
517 1762 804 1834 timidos
857 1766 928 1834 et
979 1759 1478 1852 pusillanimes
1533 1763 1621 1833 ad
1676 1782 2126 1853 congressum
2156 1762 2243 1850 ⁴),
2302 1762 2551 1834 videns
2608 1761 2821 1835 etiam
2858 1762 3245 1835 exercitum
3285 1784 3491 1835 suum

390 1882 750 1956 barbarico
805 1880 1238 1967 inferiorem,
1294 1880 1663 1974 confligere
1717 1880 2022 1954 distulit.
2082 1883 2350 1955 Tureus
2405 1898 2569 1955 vero
2624 1880 2907 1955 interim
2946 1884 3131 1955 facta
3166 1882 3493 1974 pactione

393 2024 550 2077 cum
605 2001 820 2075 castri
893 1999 1272 2074 Smiderow
1301 1998 1364 2089 ⁵)
1435 2002 1856 2090 rectoribus,
1925 2002 2171 2075 multis
2236 2001 2733 2095 largitionibus
2797 2003 2963 2076 illos
3017 2022 3491 2095 corrumpens,

395 2130 622 2197 castro
658 2122 1047 2215 praedicto,
1095 2122 1240 2193 situ
1277 2126 1348 2195 et
1385 2122 1774 2195 munitione
1818 2122 2239 2209 fortissimo,
2285 2123 2555 2216 potitus
2594 2128 2733 2211 est,
2773 2128 3283 2216 excoecatoque
3318 2124 3492 2197 Des-

395 2245 544 2338 poti
599 2243 778 2331 filio,
838 2242 1039 2315 ouius
1095 2258 1398 2316 sororem
1454 2242 1528 2315 iu
1583 2243 2026 2317 matrimonio
2082 2245 2454 2333 habuerat,
2513 2244 2797 2316 domum
2849 2244 3049 2317 abiit.
3108 2244 3241 2316 Tot
3287 2243 3495 2315 malis

398 2371 466 2439 et
521 2363 1022 2437 acerbitatibus
1077 2361 1360 2435 animus
1410 2364 1693 2437 Alberti
1745 2365 1963 2457 Regis
2021 2370 2353 2457 tanquam
2407 2364 2517 2456 pii
2552 2369 2621 2437 et
2658 2364 2993 2437 catholici
3044 2363 3401 2456 Principis
3430 2362 3493 2453 ὅ)

398 2486 734 2571 afflictus,
808 2484 974 2557 dum
1046 2483 1436 2575 peponibus
1513 2484 1809 2557 nimium
1874 2485 2375 2571 oblectaretur,
2442 2484 2919 2557 valetudinem
2952 2484 3013 2573 ⁷)
3080 2488 3363 2557 acutam
3426 2487 3498 2556 et

399 2605 863 2698 dysenteriam
920 2604 1304 2692 contraxit,
1361 2610 1432 2677 et
1485 2605 1652 2676 dum
1707 2605 1917 2677 solito
1972 2605 2257 2677 assiduo
2313 2606 2651 2697 languore
2704 2608 3113 2693 vexaretur,
3152 2605 3229 2677 in
3262 2604 3497 2677 reditu

400 2748 526 2798 suo
559 2727 648 2799 de
685 2724 1090 2798 huiusmodi
1128 2725 1606 2816 expeditione,
1650 2726 1723 2797 in
1761 2726 1938 2797 villa
1974 2726 2481 2817 archicpiscopi
2511 2724 3017 2817 strigoniensis
3053 2725 3415 2817 Langdorf
3434 2724 3499 2815 θ)

401 2865 612 2938 supra
666 2845 1067 2918 Danubium
1104 2844 1274 2933 sita,
1334 2846 1407 2917 in
1444 2844 1694 2937 vigilia
1750 2845 2056 2918 Simonis
2113 2850 2185 2919 et
2236 2845 2487 2933 Iudae,
2546 2844 2824 2917 condito
2864 2850 3317 2933 testamentO,
3376 2845 3495 2917 de-

401 2968 618 3041 cessit
672 2972 742 3039 et
795 2966 868 3037 in
923 2965 1108 3037 Alba
1162 2965 1382 3057 regali
1439 2967 1760 3057 sepultus
1817 2972 1956 3039 est:
2025 2965 2363 3057 Princeps
2418 2965 2613 3037 mitis
2670 2969 2739 3037 et
2793 2966 3157 3038 modestus
3206 2969 3277 3037 et
3330 2964 3497 3038 reli-

399 3087 633 3180 gionis
699 3087 1124 3159 christianae
1188 3090 1456 3158 amator
1512 3085 2106 3174 ferventissimus,
2174 3086 2373 3179 nigro
2430 3083 2719 3177 capillo,
2790 3102 3073 3177 corpore
3128 3089 3377 3177 vegeto
3432 3087 3503 3157 et

399 3208 719 3296 robusto,
780 3207 1002 3279 oculis
1055 3206 1472 3299 grandibus,
1531 3205 1730 3279 tibiis
1786 3206 2148 3294 tenuibus,
2207 3206 2437 3297 capite
2490 3205 2789 3277 rotundo
2829 3210 2899 3277 et
2936 3204 3241 3293 decenti,
3292 3206 3503 3277 vultu

399 3327 616 3401 hilari
671 3332 740 3400 et
776 3330 1020 3415 rubeo,
1079 3326 1290 3399 labiis
1328 3326 1796 3417 tumentibuS,
1855 3325 2398 3399 excrescentium
2436 3330 2509 3399 et
2542 3325 3175 3418 disproportionem
3222 3324 3298 3397 in
3334 3326 3499 3399 den-

403 3449 598 3521 tibus
653 3449 951 3535 habens,
1011 3466 1188 3539 quae
1243 3447 1356 3519 illi
1411 3448 1577 3519 dum
1639 3446 1912 3520 ridebat
1966 3448 2080 3518 vel
2134 3446 2583 3537 loquebatur,
2650 3445 3031 3537 aliqualem
3094 3443 3501 3518 deformita-

402 3575 546 3643 tem
601 3567 961 3662 ingerebat
989 3570 1078 3657 ⁹).

1241 3920 1512 4010 Legatie
1554 3920 1890 3992 turcorum
1937 3919 2020 3992 1111
2063 3919 2367 3991 roloniae
2409 3920 2667 4009 aegon.

615 4172 994 4243 Turcorum
1049 4170 1303 4243 Caesar
1355 4170 1782 4243 Amurathes
1837 4170 1926 4241 ad
1979 4168 2453 4242 Wladislaum
2518 4167 2853 4242 Poloniae
2917 4169 3179 4262 Regem
3234 4168 3505 4242 notabi-

407 4293 546 4367 lem
601 4290 929 4364 nuntium
985 4312 1142 4363 cum
1197 4289 1654 4382 amplissimis
1711 4289 1912 4362 donis
1971 4288 2425 4377 transmittit,
2491 4289 2935 4381 primumque
3000 4310 3198 4362 suam
3266 4288 3506 4363 amici-

405 4414 580 4485 tiam
645 4410 918 4503 expetit
980 4416 1050 4483 et
1104 4410 1320 4503 ligem
1394 4415 1606 4503 atque
1679 4411 1956 4498 foedus,
2031 4410 2283 4483 deinde
2358 4428 2489 4481 sua
2562 4409 2795 4481 omnia
2849 4410 2936 4482 ad
2988 4409 3511 4502 beneplacitum

407 4555 614 4607 suum
671 4532 901 4619 offert3
956 4535 1306 4623 postremo
1355 4530 1521 4623 quia
1558 4530 1876 4604 audierat
1913 4530 2120 4603 illurn
2159 4552 2318 4603 cum
2356 4531 2649 4603 Alberto
2688 4529 3157 4603 Romanorum
3196 4534 3267 4604 et
3304 4530 3506 4603 Hun-

403 4652 644 4747 gariae
696 4653 886 4745 Rege
940 4653 1206 4725 bellum
1257 4672 1496 4744 gerere
1533 4651 1648 4740 ¹⁰),
1707 4651 2078 4725 subvenire
2132 4650 2247 4723 illi
2284 4654 2353 4723 et
2390 4644 2711 4742 pecuniis
2747 4655 2817 4724 et
2854 4636 3135 4724 centurn
3188 4648 3510 4723 millibus

408 4773 771 4848 hominum
827 4772 1112 4847 exhibet
1165 4777 1236 4844 et
1288 4772 1741 4864 repromittit.
1800 4770 2239 4845 Wladislaus
2296 4775 2531 4844 autem
2568 4772 2725 4847 Rex
2770 4770 3019 4845 nuntio
3054 4770 3353 4864 benigne
3390 4790 3510 4862 ap-

629 5085 675 5164 1)
723 5083 1052 5162 Sinderoph
1111 5079 1240 5144 Ed.
1300 5078 1483 5165 Isips.
1547 5079 1603 5160 Ω)
1649 5082 1782 5143 illos
1827 5078 1954 5143 Ed.
2000 5079 2182 5164 Lips.
2247 5079 2302 5157 ³)
2350 5080 2682 5141 Austriaois
2745 5074 2898 5141 Cod.
2948 5078 3082 5141 Lis.
3137 5079 3517 5141 Australibus

410 5186 542 5253 Ed.
589 5186 774 5271 Lipe.
836 5185 892 5269 ⁴)
935 5188 1016 5248 ad
1059 5186 1562 5263 congrediendum
1604 5182 1732 5247 Ed.
1785 5182 1968 5267 Εὗρε.
2035 5182 2086 5262 ⁵)
2135 5183 2521 5261 semidei-oph
2566 5178 2727 5245 Cod.
2774 5180 2951 5245 Koat.
3010 5183 3317 5247 sindurov
3365 5175 3518 5244 cod.

414 5290 552 5353 Lea.
600 5289 654 5365 ⁸)
697 5292 884 5368 Regis
926 5286 1055 5351 Ed.
1101 5287 1284 5372 Lips.
1337 5286 1390 5369 ⁷)
1436 5289 1866 5365 aegritudinem
1910 5284 2038 5349 Ed.
2098 5284 2283 5369 Lipe.
2348 5282 2399 5365 8)
2445 5286 2769 5363 Landorph
2820 5280 2973 5349 Cod.
3018 5282 3198 5349 Koat.
3255 5283 3308 5363 ⁹)
3354 5284 3519 5363 inge·

413 5396 648 5456 rebant.
691 5391 818 5457 Ed.
867 5390 1046 5476 szps.
1106 5390 1184 5472 ¹⁰)
1234 5410 1414 5469 agere
1463 5387 1618 5455 Coa.
1675 5389 1853 5459 Galv.
