4342 6384
1232 452 1384 524 482
2077 550 2080 552 -
2441 474 2670 527 mann
2721 474 3184 528 monemus.
3782 452 3914 551 (Α.
3958 454 4046 528 D.
4083 453 4342 551 1432.)

1236 657 1571 730 transiret
1623 656 1698 730 in
1750 658 2327 750 perpetuitatem:
2385 663 2456 732 et
2509 659 2594 731 ob
2652 658 2722 731 id
2777 665 2946 733 tunc
3000 660 3189 733 Duei
3246 660 3697 752 Sigismundo
3753 660 4048 734 cancelli
4096 661 4342 751 positi,

1232 799 1319 851 ne
1376 782 1597 850 terras
1652 777 2019 866 Podoliae,
2077 779 2535 867 Luczensem‚
2592 778 2898 867 Wethli,
2957 779 3245 867 Olesko,
3306 781 3605 867 Hrodlo,
3646 780 4033 871 Lopaczin‚
4072 780 4167 850 ad
4206 781 4342 852 Re-

1232 918 1447 989 gnum
1501 897 1836 970 Poloniae
1888 897 2357 989 pertinenteS,
2416 903 2730 991 usurpet.
2791 898 3131 972 Omnibus
3185 900 3423 990 itaque
3477 900 3614 972 rite
3661 898 4108 991 compositiS,
4172 899 4342 971 feria

1235 1020 1487 1107 quarta
1539 1016 1613 1089 in
1670 1017 1781 1090 die
1838 1017 2133 1091 Sanctae
2191 1017 2566 1111 Hedvigis,
2621 1021 2981 1110 praefatus
3036 1020 3201 1090 Dux
3249 1018 3778 1111 Sigismundus,
3836 1018 4342 1091 consentienti-

1236 1137 1368 1208 bus
1420 1135 1777 1209 universis
1833 1136 2184 1210 Praelatis
2239 1142 2310 1209 et
2366 1138 2659 1229 Boyaris
2699 1138 2755 1225 1)
2811 1137 3269 1227 Lithuaniae,
3325 1159 3449 1228 per
3504 1138 3884 1230 Sbigneum
3933 1138 4342 1229 episcopum

1235 1255 1793 1343 cracoviensem,
1857 1276 1981 1347 per
2034 1255 2487 1329 traditionem
2551 1256 2804 1348 gladii,
2868 1257 3022 1331 vice
3087 1261 3156 1330 et
3210 1257 3488 1331 nomine
3552 1257 3930 1329 Wladislai
3985 1257 4214 1349 Regis
4277 1262 4342 1329 et

1237 1374 1464 1467 Regni
1518 1374 1884 1462 Poloniae,
1941 1375 2025 1447 de
2080 1377 2359 1450 Ducatu
2413 1377 2666 1469 Magno
2696 1375 2759 1465 2)
2815 1376 3238 1449 Lithuaniae
3303 1382 3413 1449 est
3478 1377 3850 1449 institutus
3923 1383 3992 1449 et
4047 1377 4342 1448 investi·

1237 1500 1379 1567 tus,
1436 1494 1529 1566 Et
1583 1493 1751 1566 licet
1805 1493 2142 1568 cruciferi
2196 1495 2280 1567 de
2333 1495 2660 1583 Prussia‚
2728 1497 3144 1587 expulsione
3200 1495 3585 1589 Switrigali
3651 1496 4050 1584 intellecta,
4112 1497 4342 1568 misis-

1239 1619 1398 1686 sent
1450 1613 1538 1686 ad
1592 1613 1855 1686 Ducem
1912 1613 2442 1705 Sigismunduin
2497 1616 2888 1707 praefatum
2951 1620 3064 1706 (ut
3119 1615 3442 1707 superius
3507 1616 4045 1707 descripsimus)
4113 1615 4342 1687 Ludo·

1239 1733 1471 1805 vicum
1528 1731 1613 1803 de
1667 1732 1937 1805 Lansze
1970 1730 2031 1820 ³)
2087 1733 2728 1808 commendatorem
2794 1735 3314 1808 Thorunensem
3381 1756 3538 1807 cum
3607 1734 3805 1822 aliis,
3874 1736 3994 1826 qui
4050 1739 4127 1807 et
4187 1741 4342 1805 tun«

1239 1872 1572 1947 praesens
1644 1852 1917 1939 aderat,
1996 1853 2272 1944 quando
2346 1853 2748 1945 supradicta
2819 1854 3271 1946 gerebantur,
3340 1860 3419 1926 ut
3475 1854 3735 1927 Ducem
3811 1854 4342 1946 Sigismundun

1241 1975 1589 2045 averteret
1644 1973 1715 2043 et
1768 1970 2109 2044 alienaret
2146 1993 2188 2044 a
2224 1972 2415 2065 Rege
2473 1977 2542 2046 et
2579 1974 2855 2064 Regno,
2915 1979 2985 2045 et
3038 1974 3271 2065 ipsum
3309 1994 3465 2046 cum
3503 1972 3882 2045 Cruciferis
3919 1994 4105 2045 nova
4147 1978 4342 2063 pact:

1243 2097 1314 2164 et
1370 2090 1645 2164 foedera
1699 2090 2053 2182 suscipere
2106 2091 2496 2165 induceret:
2554 2113 2694 2164 non
2749 2093 3147 2184 praevaluit
3199 2098 3433 2165 tamen
3489 2092 3890 2165 Ludovicus
3930 2093 4119 2183 ipse,
4186 2092 4342 2164 lice1

1243 2212 1543 2284 fortibus
1600 2215 1670 2283 et
1723 2210 2154 2284 acutissimis
2209 2211 2781 2304 persuasionibus
2836 2218 3183 2299 uteretur3
3240 2211 3526 2284 adiutus
3581 2214 3792 2284 etiam
3851 2212 4196 2302 suffragio
4236 2231 4342 2283 cu·

1247 2331 1521 2403 iusdam
1598 2330 1937 2403 Lithuani
2005 2331 2293 2424 Georgii
2346 2331 2674 2406 Buthrim
2706 2333 2793 2420 ⁴),
2852 2332 2973 2424 qui
3029 2332 3102 2404 in
3159 2331 3425 2424 Regnis
3482 2331 3853 2404 catholicis
3908 2332 4118 2423 longo
4182 2336 4342 2404 tem«

1243 2472 1409 2544 pore
1474 2450 1918 2540 obversatuS,
1983 2450 2263 2543 ingenio
2329 2456 2400 2525 et
2462 2452 2837 2543 prudentia
2899 2451 3244 2542 pollebat:
3312 2451 3579 2524 sciebat
3644 2452 3826 2524 enim
3902 2452 4066 2522 Dux
4125 2450 4342 2542 Sigis-

1244 2570 1544 2644 mundus
1599 2569 1990 2661 periculum
2046 2569 2185 2642 sibi
2222 2570 2482 2662 grande
2519 2569 2912 2659 imminere,
2973 2569 3035 2641 si
3088 2569 3362 2644 deserto
3398 2571 3589 2663 Rege
3627 2575 3696 2643 et
3737 2569 3998 2642 Corona
4030 2569 4122 2658 ⁵),
4187 2570 4342 2641 cru-

1246 2689 1481 2764 ciferis
1547 2710 1622 2762 se
1689 2688 2043 2763 iunxisset
2072 2689 2159 2778 θ).
2217 2690 2525 2762 Maxima
2588 2694 2822 2762 tamen
2889 2694 3058 2763 tunc
3121 2689 3497 2777 instantia,
3565 2689 4010 2781 maximoque
4065 2696 4338 2761 conatu

1250 2807 1779 2902 Sigismundum
1842 2809 2106 2882 Ducem
2169 2809 2500 2902 Magnum
2565 2809 2987 2883 Lithuaniae
3060 2808 3395 2883 cruciferi
3468 2810 3856 2897 vexabant,
3925 2814 4005 2880 ut
4061 2830 4141 2880 se
4201 2831 4342 2881 cun

1249 2929 1571 3017 PoloniS,
1637 2949 1761 3020 per
1824 2948 2274 3020 quascunque
2340 2928 2773 3002 conditiones
2838 2934 3111 3022 posset,
3179 2929 3266 3001 ab
3321 2928 3424 3002 eis
3478 2950 3615 3001 non
3683 2928 4086 3002 abnuendas
4120 2930 4214 3017 ⁷),
4276 2932 4342 3000 a(

1250 3070 1491 3143 pacem
1546 3048 1937 3121 reduceret:
1994 3048 2165 3120 adeo
2220 3048 2678 3137 conscientia,
2739 3049 2908 3140 quid
2963 3070 3037 3122 se
3094 3048 3380 3121 meritos
3418 3070 3541 3140 pro
3583 3048 3846 3122 violato
3904 3050 4184 3122 foedere
4225 3050 4342 3121 sci·

1251 3174 1439 3259 rent,
1498 3169 1724 3242 celare
1778 3188 1916 3240 non
1968 3172 2316 3258 poterant.
2373 3168 2682 3264 Nuntios
2739 3168 2976 3260 itaque
3029 3168 3294 3261 regioS,
3352 3168 3742 3260 magnificis
3781 3168 4194 3241 muneribus
4235 3169 4342 3239 ho-

1254 3295 1568 3379 noratoS,
1626 3308 1784 3370 cum
1840 3287 2029 3360 omni
2080 3288 2312 3380 gratia
2364 3292 2438 3362 et
2489 3289 2725 3361 favore
2779 3288 3111 3377 remittit,
3172 3292 3243 3361 et
3295 3287 3446 3361 illis
3494 3287 3988 3379 inscriptiones
4027 3287 4339 3379 Magistr

1256 3417 1327 3485 et
1381 3409 1662 3484 Ordinis
1716 3406 2079 3497 Prussiae,
2147 3407 2402 3499 quibus
2458 3428 2613 3480 cum
2670 3409 2863 3482 Duce
2918 3408 3277 3501 Switrigal
3341 3407 3614 3481 foedera
3669 3411 3909 3480 contra
3963 3407 4233 3498 Regem
4292 3424 4342 3479 el

1256 3533 1579 3623 Regnum
1641 3526 1976 3601 Poloniae
2039 3525 2219 3599 inita
2281 3527 2853 3619 continebantur,
2929 3528 3367 3622 originaliter
3441 3526 3688 3616 tradit,
3758 3527 4076 3619 singulas
4142 3533 4339 3599 artes

1259 3652 1456 3724 dolos
1512 3654 1582 3723 et
1636 3646 1950 3740 ingenia,
2007 3645 2267 3738 quibus
2322 3647 2394 3720 in
2449 3647 2996 3721 destructionem
3050 3647 3278 3741 Regni
3316 3647 3651 3720 Poloniae
3691 3647 4027 3739 Magister
4065 3650 4136 3719 et
4178 3646 4342 3719 Orth

1258 3769 1590 3843 Prussiae
1644 3768 1752 3839 uti
1805 3765 2280 3858 disposuerat,
2335 3767 2764 3860 detegentes,
2823 3767 3256 3840 Ludovicum
3296 3788 3458 3840 vero
3497 3767 4178 3855 Commendatorem,
4238 3788 4342 3839 ve-

1261 3893 1373 3964 lut
1422 3891 1727 3976 hostem,
1794 3885 2147 3959 licentiat:
2217 3886 2544 3977 quoniam
2599 3908 2723 3979 per
2777 3888 3021 3961 literas
3086 3909 3251 3960 suas
3317 3886 3753 3979 obligaverat
3828 3907 3902 3958 se
3964 3886 4342 3958 cruciferos

1264 4010 1463 4083 velut
1514 4008 1755 4079 hostes
1809 4004 2038 4098 Regni
2099 4004 2528 4081 habiturum.
2601 4008 3082 4079 Praefatarum
3145 4011 3379 4080 autem
3433 4005 3831 4093 literarum,
3889 4026 4068 4097 quae
4116 4006 4342 4078 foedus

1260 4124 1666 4200 huiusmodi
1720 4128 1791 4199 et
1844 4123 2364 4198 institutionem
2421 4127 2504 4201 de
2561 4128 2838 4200 Ducatu
2893 4127 3177 4219 Magno,
3234 4131 3304 4200 et
3359 4130 3700 4199 terrarum
3738 4126 4215 4217 praefatarum
4254 4146 4342 4197 re-

1266 4245 1813 4333 nuntiationem,
1870 4242 2264 4334 continent,
2322 4252 2522 4319 tenor
2577 4245 2898 4337 sequitur
2951 4254 3022 4319 et
3075 4250 3184 4319 est
3239 4245 3428 4318 talis,

1486 4365 1617 4456 „In
1670 4362 1948 4436 nomine
2002 4363 2320 4453 Domini,
2386 4367 2635 4440 Amen.
2700 4365 2813 4437 Ad
2865 4370 3273 4457 perpetuam
3319 4365 3422 4438 rei
3469 4364 3896 4437 memoriam.
3961 4363 4142 4454 Quia
4199 4368 4342 4435 tun<

1280 4485 1565 4578 „multis
1620 4467 1931 4557 verrorum
1989 4486 2059 4556 et
2113 4483 2481 4557 dubiorum
2537 4485 2914 4577 prudenter
2950 4484 3378 4557 occurrimus
3415 4483 3908 4571 incommodiS,
3965 4484 4128 4555 dum
4167 4488 4342 4575 gest:

1282 4605 1580 4697 „aetatis
1632 4608 1911 4694 nostrae
1964 4602 2331 4676 literarum
2368 4604 2683 4695 apicibus
2721 4608 2793 4676 et
2829 4602 3116 4677 testium
3154 4604 3604 4677 annotatione
3639 4624 4135 4694 pereffluamus:
4213 4624 4336 4694 pro

1285 4727 1489 4817 „inde
1524 4745 1652 4797 nos
1692 4723 2187 4816 Sigismundus
2226 4723 2356 4795 Dei
2392 4724 2619 4816 gratia
2662 4725 2956 4828 Magnus
3012 4725 3174 4795 Dux
3228 4721 3682 4811 Lithuaniae,
3742 4722 4050 4795 Russiae
4110 4727 4246 4795 etc.
4282 4744 4342 4793 a«

1284 4846 1809 4933 „universorum
1862 4841 2190 4915 notitiam
2230 4848 2370 4914 tam
2408 4842 2911 4933 praesentium,
2969 4864 3176 4934 quam
3233 4844 3658 4929 futurorum,
3717 4864 3842 4934 per
3894 4843 4064 4914 haec
4104 4840 4342 4932 script:

1498 5132 1542 5213 ¹)
1587 5134 1883 5194 nobilibus
1946 5128 2097 5195 0011.
2156 5130 2350 5194 Rozr.
2414 5132 2469 5213 ⁴²)
2515 5132 2591 5192 ad
2637 5134 2927 5194 Ducatum
2956 5134 2959 5138 ’
2984 5133 3264 5210 Magnum
3330 5130 3482 5195 Cod.
3531 5130 3723 5195 Rozr.
3787 5131 3842 5213 ³)
3890 5131 4165 5192 Lanhsze
4216 5127 4342 5193 Coa

1288 5232 1463 5301 Calv.
1525 5233 1581 5314 ⁴)
1623 5236 1904 5296 Buthrom
1962 5233 2113 5295 eod.
2164 5230 2341 5298 Calv.
2386 5237 2594 5295 Butrin
2639 5234 2762 5298 Ed.
2811 5233 2991 5318 Lips.
3057 5235 3106 5316 ⁵)
3156 5243 3215 5298 et
3257 5239 3465 5314 Regno
3514 5233 3665 5300 Cod.
3722 5234 3911 5333 R.⁰,²²‘·
3974 5233 4027 5313 ⁶)
4077 5236 4342 5313 iungeret

1288 5337 1441 5406 Coa.
1487 5336 1679 5403 Rozr.
1730 5336 1780 5418 ⁷)
1824 5337 2157 5400 renuendas
2213 5336 2367 5405 cod.
2413 5336 2604 5402 Rozr.
