4342 6384
775 492 920 571 548
1966 511 2193 567 menn
2244 504 2702 567 mosomus·
3300 490 3436 591 (Α.
3476 488 3568 566 D.
3604 483 3863 588 1⁴3⁴.)

766 704 1118 797 apposita,
1175 704 1257 775 ut
1309 701 1492 775 nihil
1545 705 1856 774 statuere
1911 704 2036 773 aut
2087 700 2452 773 decernere
2488 699 2564 771 in
2598 720 2673 772 re
2710 698 2994 791 publica
3034 703 3105 771 et
3140 699 3353 772 rebus
3408 699 3859 791 quibuscum-

766 838 902 917 que
957 822 1265 895 minimis
1337 826 1662 914 possent,
1726 820 1870 893 nisi
1928 820 2004 893 id
2059 819 2452 893 authoritas
2510 824 2579 893 et
2632 818 3046 894 deliberatio
3112 818 3449 891 maiorum
3512 820 3861 911 probaret.

766 930 874 1017 In
907 944 1095 1016 hunc
1148 958 1422 1035 quoque
1477 942 1756 1014 modum
1792 941 2089 1033 praefati
2135 940 2531 1032 provisores
2582 961 2807 1031 usque
2862 940 2946 1011 ad
3005 961 3222 1011 annos
3258 938 3697 1031 praefinitOS,
3752 960 3861 1011 re-

766 1064 960 1157 gales
1026 1062 1361 1135 introitus
1425 1066 1495 1136 et
1558 1062 1700 1134 alia
1771 1061 2040 1153 agenda
2102 1060 2712 1134 administrabant.
2794 1059 3101 1132 Cuilibet
3163 1065 3396 1133 autem
3460 1058 3865 1131 huiusmodi

765 1183 1114 1276 provisori
1175 1182 1458 1255 nonnisi
1513 1181 2025 1274 quinquaginta
2077 1202 2351 1254 marcae
2404 1181 2621 1253 annui
2692 1179 2932 1253 salarii
2990 1200 3078 1251 ex
3135 1178 3545 1251 introitibus
3608 1178 3863 1271 regali-

768 1304 903 1377 bus
957 1303 1427 1396 consignatae.
1486 1302 1574 1375 In
1628 1307 1814 1375 terra
1867 1302 2111 1393 itaque
2167 1300 2612 1375 cracoviensi
2664 1302 3015 1373 Iohannes
3070 1299 3154 1370 de
3208 1298 3563 1371 Thanczin
3610 1300 3863 1371 castel-

768 1426 976 1497 lanus
1032 1422 1450 1516 Byoczensis
1505 1426 1578 1495 et
1627 1416 1948 1495 Clemens
2003 1418 2441 1493 Wantrobka
2494 1420 2578 1494 fle
2615 1422 2995 1507 Strzelcze;
3053 1418 3123 1491 in
3164 1418 3713 1493 Sandomiriensi
3748 1419 3862 1493 Io-

772 1546 1034 1620 hannes
1090 1544 1174 1617 de
1224 1541 1512 1619 Ossolin
1565 1542 1994 1615 castellanus
2049 1540 2539 1615 Radomiensis
2580 1542 2657 1631 ¹),
2716 1546 3043 1615 creantur
3096 1538 3514 1633 provisores·

855 1901 1172 1973 nobilitas
1215 1898 1492 1972 nusum
1537 1900 1610 1970 ot
1651 1896 1953 1971 mnae
1998 1897 2286 1983 easdem,
2330 1912 2495 1987 quas
2537 1896 2757 1969 Poloni
2800 1896 3071 1983 babent,
3117 1896 3464 1969 libertates
3506 1896 3783 1968 obtinet.

981 2147 1241 2220 Eodem
1296 2149 1604 2237 tempore
1655 2144 1980 2233 barones,
2037 2144 2310 2218 nobiles
2364 2151 2435 2219 et
2489 2144 2803 2219 universi
2857 2146 3197 2218 terrarum
3252 2141 3555 2217 Russiae
3610 2148 3681 2217 et
3730 2141 3867 2217 Po-

775 2268 1004 2341 doliae
1043 2266 1463 2361 terrigenae,
1513 2265 1784 2359 magnis
1821 2265 2142 2358 precibus
2180 2270 2251 2338 et
2286 2266 2559 2339 devotis
2597 2264 3193 2338 solicitationibus
3249 2265 3642 2338 Wladislao
3690 2265 3873 2360 Regi

778 2393 849 2461 et
902 2366 1224 2461 omnibus
1277 2385 1661 2473 Praelatis,
1720 2385 2168 2476 Principibus
2226 2391 2297 2459 et
2349 2386 2729 2459 baronibus
2787 2386 3013 2477 Regni
3062 2385 3395 2458 Poloniae
3433 2386 3867 2477 supplicant:

776 2508 1120 2599 quatenus
1175 2504 1342 2579 illos
1397 2501 1646 2577 iisdem
1701 2503 2010 2593 iuribus,
2067 2504 2577 2598 praerogativis
2632 2510 2703 2577 et
2754 2504 3361 2597 praeeminentiiS,
3422 2506 3678 2597 quibus
3742 2505 3871 2578 alii

619 2672 626 2679 -
773 2627 1166 2722 regnicolas
1238 2624 1572 2698 Poloniae
1647 2626 1980 2697 fruuntur
2031 2630 2103 2697 et
2153 2626 2493 2718 gaudent,
2552 2626 2791 2713 donet,
2850 2625 3136 2697 libertet
3190 2632 3285 2697 et·
3296 2625 3723 2718 privilegiet.
3781 2626 3872 2696 Et

777 2768 912 2841 qno
967 2747 1190 2839 magis
1245 2746 1555 2819 animum
1619 2745 1835 2837 Regis
1891 2750 1964 2817 et
2019 2763 2302 2817 suorum
2334 2744 2397 2835 ²)
2454 2745 3013 2818 consiliariorum
3076 2745 3399 2837 precibus
3464 2746 3613 2817 suis
3669 2745 3870 2818 incli-

775 2872 981 2956 nent,
1038 2865 1338 2958 gratiam
1393 2864 1697 2938 similem
1753 2870 1823 2938 et
1876 2866 2391 2939 libertationem
2450 2865 2921 2939 Wladislaum
2976 2866 3363 2957 genitorem
3400 2885 3605 2939 suum
3644 2868 3873 2939 clarae

777 2986 1180 3072 memoriae,
1237 2984 1341 3057 eis
1394 2984 1803 3076 promisisse
1858 2990 1928 3058 et
1979 2984 2278 3058 dandum
2334 2986 2755 3074 decrevisse,
2812 2986 3135 3059 effectum
3191 2989 3424 3058 tamen
3460 2986 3698 3058 sortiri
3736 3003 3872 3057 non

777 3106 1094 3197 potuisse
1157 3109 1439 3198 propter
1491 3110 1783 3178 mortem
1833 3106 2317 3194 subsecutam,
2374 3106 2685 3179 evidenti
2738 3113 2809 3179 et
2862 3108 3049 3178 claro
3104 3106 3508 3178 testimonio
3560 3126 3870 3197 compro-

779 3226 952 3298 bant
985 3224 1068 3314 ³).
1129 3226 1434 3317 Quorum
1498 3224 1822 3316 precibus
1861 3225 2325 3299 -Wladislaus
2390 3227 2544 3299 Rex
2599 3232 2989 3318 permotuS,
3056 3225 3280 3317 patris
3346 3227 3458 3297 sui
3524 3228 3877 3317 comperta

781 3347 1149 3418 voluntate
1203 3350 1274 3418 et
1325 3346 1633 3433 Uectem,
1691 3345 1857 3417 illos
1912 3345 2203 3418 libet-tat
2266 3350 2335 3419 et
2390 3348 2711 3420 omnibus
2768 3346 3197 3439 privilegiiS,
3255 3346 3541 3438 gratiis,
3598 3366 3873 3437 praero-

779 3466 1078 3559 gativis,
1145 3464 1558 3554 honoribuS,
1627 3466 1883 3557 quibus
1945 3466 2178 3559 Regni
2241 3468 2575 3539 Poloniae
2638 3466 2908 3539 nobiles
2976 3471 3045 3538 et
3108 3466 3379 3538 incolae
3446 3465 3755 3559 gaudent
3808 3469 3879 3539 et

782 3587 1146 3674 fruuntur,
1200 3585 1505 3677 'insignit
1560 3588 1631 3657 et
1685 3585 2047 3673 nobilitat,
2107 3606 2189 3659 ac
2243 3598 2512 3659 omnem
2552 3586 2997 3671 servitutem,
3039 3607 3177 3676 qua
3207 3586 3270 3673 ⁴)
3326 3590 3529 3658 erant
3566 3584 3873 3672 obnoxii,

783 3706 1014 3805 omnia
1071 3700 1358 3797 insuper
1413 3704 1678 3777 tributa
1731 3711 1802 3776 et
1857 3705 2265 3797 vectigalia,
2324 3706 2525 3778 nulla
2561 3706 2956 3793 conditione
2994 3705 3349 3797 apposita,
3408 3706 3715 3793 relaxat,
3772 3704 3909 3775 di-·

782 3825 1008 3896 mittit
1061 3829 1131 3896 et
1185 3825 1509 3916 abrogat,
1566 3830 1776 3915 atque
1831 3846 1947 3897 eos
2002 3825 2296 3898 caeteris
2350 3824 2707 3898 nobilibus
2744 3826 2971 3917 Regni
3010 3826 3343 3897 Poloniae
3382 3825 3457 3896 in
3494 3846 3627 3897 usu
3666 3824 3875 3896 liber-

783 3948 1011 4016 tatum
1069 3948 1139 4017 et
1189 3944 1577 4035 gratiarum
1633 3946 2106 4035 quarumlibet
2169 3946 2510 4036 parificat.
2580 3944 2775 4037 Quod
2837 3946 3162 4036 pluribus
3227 3944 3577 4017 Praelatis
3634 3948 3705 4016 et
3757 3943 3875 4016 ba-

782 4062 1071 4135 ronibus
1121 4062 1354 4154 Regni
1406 4063 1865 4156 incongruum
1921 4069 1990 4137 et
2043 4064 2146 4136 rei
2182 4065 2504 4156 publicae
2552 4065 2966 4137 offensivum
3006 4064 3237 4136 visum
3276 4069 3414 4136 est:
3472 4063 3881 4155 praesertim

785 4202 945 4255 cum
1001 4179 1438 4253 Wladislaus
1493 4182 1648 4255 Rex
1693 4188 2052 4271 momine,
2111 4204 2249 4255 non
2306 4189 2447 4255 tam
2502 4184 2837 4275 amplam,
2897 4204 3022 4255 nec
3076 4187 3219 4255 tam
3275 4184 3543 4275 largam
3598 4188 3669 4255 et
3721 4182 3874 4273 pin-

784 4320 991 4394 guem
1049 4300 1442 4374 libertatem
1506 4303 1840 4393 praefatis
1896 4304 2102 4375 terris
2159 4303 2455 4376 dandam
2511 4303 2903 4376 decrevisse
2954 4304 3173 4375 scitus
3214 4308 3344 4376 est.
3404 4303 3539 4375 Sed
3576 4302 3743 4374 dum
3780 4320 3885 4374 re-

787 4423 1062 4493 laxaret
1117 4435 1361 4493 eorum
1423 4422 1653 4493 'multa
1705 4416 1780 4495 et
1828 4424 2152 4515 graviora
2217 4428 2367 4495 tum
2420 4424 2718 4509 tributa,
2788 4430 2935 4495 tum
2992 4442 3232 4510 onera,
3289 4422 3378 4494 ad
3432 4422 3791 4512 quaelibet
3818 4420 3883 4509 ⁵)

785 4524 1008 4628 bella,
1071 4555 1248 4632 quae
1303 4540 1456 4632 ipse
1513 4545 1584 4613 et
1637 4541 1750 4614 sui
1805 4557 2241 4616 successores
2280 4542 2508 4634 Regni
2546 4542 2913 4628 Poloniae,
2974 4562 3126 4613 cum
3168 4540 3726 4632 quibuscumque
3760 4542 3881 4613 ho·-

787 4659 1051 4748 stibus,
1091 4662 1180 4733 'et
1233 4660 1841 4753 quotiescumque,
1897 4660 2251 4754 gererent,
2310 4661 2463 4734 sine
2517 4663 2753 4753 aliquo
2810 4661 3140 4734 donativo
3196 4662 3330 4751 ire,
3370 4662 3459 4734 ad
3496 4666 3879 4735 castrorum

789 4770 1308 4853 aedificationes
1362 4800 1528 4852 suos
1580 4780 1899 4853 homines
1953 4781 2263 4869 mittere,
2321 4799 2402 4853 ac
2438 4781 2524 4854 de
2558 4782 2875 4873 quolibet
2913 4781 3113 4855 laneo
3150 4796 3472 4873 possesso
3509 4780 3685 4853 duas
3722 4766 3880 4852 ave·

787 4904 952 5004 nae,
1019 4888 1192 4972 duas
1257 4899 1566 4992 siliginis
1629 4912 1990 4973 mensuras
2055 4906 2126 4973 et
2190 4906 2491 4992 quatuor
2550 4917 2839 4994 grossos·
2896 4905 3211 4974 monetae
3270 4900 3547 4973 usualis
3614 4898 3753 4972 sibi
3810 4900 3883 4970 et

789 5020 1074 5093 mensae·
1125 5040 1292 5092 suae
1345 5020 1568 5112 regali
1628 5019 1935 5113 singulis
2002 5019 2206 5093 annis
2259 5020 2501 5109 solvi,
2534 5020 2763 5093 voluit
2828 5040 2980 5094 esse
3036 5020 3467 5114 temporibus
3522 5018 3879 5111 perpetuis

1007 5292 1052 5373 ¹)
1101 5266 1597 5358 Sandomirien‘sis
1652 5268 1813 5357 O'od.r
1853 5292 2052 5357 Rozr.
2101 5291 2157 5373 ⁹)
2202 5300 2263 5355 et
2306 5279 2447 5355 eius
2482 5289 2636 5357 Cod.
2680 5290 2876 5357 Rozr.
2908 5278 2980 5373 ⁴³)
3012 5298 3483 5357 commemorant.
3518 5286 3673 5355 ced.
3709 5285 3884 5361 Calo.

795 5394 848 5481 ⁴)
894 5397 990 5458 cui
1038 5390 1190 5465 Coa.
1236 5394 1430 5463 Roir.
1477 5388 1534 5481 ⁸)
1579 5394 1660 5458 δᾶ
1697 5396 2004 5477 ‘quaelibet
2046 5401 2243 5459 tamen
2294 5384 2445 5461 Ovs.
2493 5393 2669 5459 mon·
2682 5442 2697 5458 .
