<?xml version="1.0" encoding="UTF-8"?>
<!DOCTYPE html PUBLIC "-//W3C//DTD XHTML 1.0 Transitional//EN"
    "http://www.w3.org/TR/xhtml1/DTD/xhtml1-transitional.dtd">
<html xmlns="http://www.w3.org/1999/xhtml" xml:lang="en" lang="en">
 <head>
  <title>
</title>
<meta http-equiv="Content-Type" content="text/html;charset=utf-8" />
  <meta name='ocr-system' content='tesseract 3.04.00' />
  <meta name='ocr-capabilities' content='ocr_page ocr_carea ocr_par ocr_line ocrx_word'/>
</head>
<body>
  <div class='ocr_page' id='page_1' title='image "./dzieawszystkie00unkngoog_0296.png"; bbox 0 0 4342 6384; ppageno 0'>
   <div class='ocr_carea' id='block_1_1' title="bbox 389 559 3472 664">
    <p class='ocr_par' dir='ltr' id='par_1_1' title="bbox 389 559 3472 664">
     <span class='ocr_line' id='line_1_1' title="bbox 389 559 3472 664; baseline -0.001 -25"><span class='ocrx_word' id='word_1_1' title='bbox 389 564 524 664; x_wconf 84' lang='grc' dir='ltr'><strong>(Α.</strong></span> <span class='ocrx_word' id='word_1_2' title='bbox 561 564 658 638; x_wconf 77' lang='lat' dir='ltr'><strong>D.</strong></span> <span class='ocrx_word' id='word_1_3' title='bbox 698 559 955 661; x_wconf 85' lang='grc'>1422.)</span> <span class='ocrx_word' id='word_1_4' title='bbox 1544 584 1771 637; x_wconf 73' lang='lat' dir='ltr'><strong>Lmnn</strong></span> <span class='ocrx_word' id='word_1_5' title='bbox 1821 584 2108 637; x_wconf 70' lang='lat' dir='ltr'><strong>nnnncr</strong></span> <span class='ocrx_word' id='word_1_6' title='bbox 2119 583 2293 637; x_wconf 76' lang='lat' dir='ltr'><strong>uus,</strong></span> <span class='ocrx_word' id='word_1_7' title='bbox 3322 562 3472 635; x_wconf 84' lang='lat'><strong>285</strong></span> 
     </span>
    </p>
   </div>
   <div class='ocr_carea' id='block_1_2' title="bbox 383 740 3477 1571">
    <p class='ocr_par' dir='ltr' id='par_1_2' title="bbox 383 740 3477 1571">
     <span class='ocr_line' id='line_1_2' title="bbox 387 740 3471 869; baseline -0.002 -27"><span class='ocrx_word' id='word_1_8' title='bbox 387 774 738 863; x_wconf 88' lang='lat' dir='ltr'><strong>qnatenus</strong></span> <span class='ocrx_word' id='word_1_9' title='bbox 790 768 1179 861; x_wconf 81' lang='lat' dir='ltr'><strong>praefatum</strong></span> <span class='ocrx_word' id='word_1_10' title='bbox 1245 740 1744 842; x_wconf 56' lang='lat' dir='ltr'><strong>&amp;wilhermum</strong></span> <span class='ocrx_word' id='word_1_11' title='bbox 1781 768 1837 857; x_wconf 80' lang='grc' dir='ltr'><strong>ι)</strong></span> <span class='ocrx_word' id='word_1_12' title='bbox 1910 768 2172 869; x_wconf 83' lang='lat' dir='ltr'><strong>Ducem</strong></span> <span class='ocrx_word' id='word_1_13' title='bbox 2242 767 2319 839; x_wconf 91' lang='lat' dir='ltr'><strong>in</strong></span> <span class='ocrx_word' id='word_1_14' title='bbox 2382 787 2587 839; x_wconf 90' lang='lat' dir='ltr'><strong>suum</strong></span> <span class='ocrx_word' id='word_1_15' title='bbox 2669 770 2740 839; x_wconf 89' lang='lat' dir='ltr'><strong>et</strong></span> <span class='ocrx_word' id='word_1_16' title='bbox 2799 765 3029 859; x_wconf 85' lang='lat' dir='ltr'><strong>Regni</strong></span> <span class='ocrx_word' id='word_1_17' title='bbox 3092 764 3203 839; x_wconf 88' lang='lat' dir='ltr'><strong>sui</strong></span> <span class='ocrx_word' id='word_1_18' title='bbox 3265 766 3471 838; x_wconf 90' lang='lat' dir='ltr'><strong>Polo-</strong></span> 
     </span>
     <span class='ocr_line' id='line_1_3' title="bbox 387 882 3477 979; baseline -0.002 -16"><span class='ocrx_word' id='word_1_19' title='bbox 387 888 552 963; x_wconf 87' lang='lat' dir='ltr'><strong>niae</strong></span> <span class='ocrx_word' id='word_1_20' title='bbox 610 888 1009 979; x_wconf 75' lang='lat' dir='ltr'>Principem</span> <span class='ocrx_word' id='word_1_21' title='bbox 1073 886 1535 979; x_wconf 72' lang='lat' dir='ltr'><strong>homagia-lem</strong></span> <span class='ocrx_word' id='word_1_22' title='bbox 1589 892 1660 960; x_wconf 92' lang='lat' dir='ltr'><strong>et</strong></span> <span class='ocrx_word' id='word_1_23' title='bbox 1713 887 2072 959; x_wconf 88' lang='lat' dir='ltr'><strong>subditum</strong></span> <span class='ocrx_word' id='word_1_24' title='bbox 2135 884 2490 976; x_wconf 78' lang='lat' dir='ltr'><strong>suscipere</strong></span> <span class='ocrx_word' id='word_1_25' title='bbox 2553 884 2981 979; x_wconf 86' lang='lat' dir='ltr'><strong>dignaretur.</strong></span> <span class='ocrx_word' id='word_1_26' title='bbox 3040 882 3477 957; x_wconf 76' lang='lat' dir='ltr'><strong>wladislaus</strong></span> 
     </span>
     <span class='ocr_line' id='line_1_4' title="bbox 385 1001 3476 1098; baseline -0.002 -18"><span class='ocrx_word' id='word_1_27' title='bbox 385 1013 624 1083; x_wconf 85' lang='lat' dir='ltr'><strong>autem</strong></span> <span class='ocrx_word' id='word_1_28' title='bbox 677 1006 833 1080; x_wconf 84' lang='lat' dir='ltr'><strong>Rex</strong></span> <span class='ocrx_word' id='word_1_29' title='bbox 863 1004 926 1095; x_wconf 80' lang='lat'><strong>²)</strong></span> <span class='ocrx_word' id='word_1_30' title='bbox 981 1005 1316 1097; x_wconf 75' lang='lat' dir='ltr'>legationi</span> <span class='ocrx_word' id='word_1_31' title='bbox 1367 1026 1590 1079; x_wconf 79' lang='lat' dir='ltr'><strong>novae</strong></span> <span class='ocrx_word' id='word_1_32' title='bbox 1645 1010 1716 1078; x_wconf 89' lang='lat' dir='ltr'><strong>et</strong></span> <span class='ocrx_word' id='word_1_33' title='bbox 1768 1005 2160 1098; x_wconf 86' lang='lat' dir='ltr'><strong>insperatae</strong></span> <span class='ocrx_word' id='word_1_34' title='bbox 2214 1005 2366 1078; x_wconf 90' lang='lat' dir='ltr'><strong>eius</strong></span> <span class='ocrx_word' id='word_1_35' title='bbox 2413 1004 2794 1095; x_wconf 87' lang='lat' dir='ltr'><strong>Principis,</strong></span> <span class='ocrx_word' id='word_1_36' title='bbox 2852 1004 3054 1077; x_wconf 90' lang='lat' dir='ltr'><strong>cuius</strong></span> <span class='ocrx_word' id='word_1_37' title='bbox 3106 1023 3356 1077; x_wconf 90' lang='lat' dir='ltr'><strong>nomen</strong></span> <span class='ocrx_word' id='word_1_38' title='bbox 3386 1001 3476 1092; x_wconf 74' lang='lat'><strong>³),</strong></span> 
     </span>
     <span class='ocr_line' id='line_1_5' title="bbox 385 1122 3475 1217; baseline -0.001 -19"><span class='ocrx_word' id='word_1_39' title='bbox 385 1126 510 1199; x_wconf 87' lang='lat' dir='ltr'><strong>sed</strong></span> <span class='ocrx_word' id='word_1_40' title='bbox 567 1146 694 1198; x_wconf 91' lang='lat' dir='ltr'><strong>nec</strong></span> <span class='ocrx_word' id='word_1_41' title='bbox 745 1124 1260 1214; x_wconf 84' lang='lat' dir='ltr'><strong>Principatum‚</strong></span> <span class='ocrx_word' id='word_1_42' title='bbox 1317 1125 1516 1197; x_wconf 80' lang='lat' dir='ltr'><strong>velut</strong></span> <span class='ocrx_word' id='word_1_43' title='bbox 1569 1145 1610 1196; x_wconf 91' lang='lat' dir='ltr'><strong>a</strong></span> <span class='ocrx_word' id='word_1_44' title='bbox 1663 1144 1738 1197; x_wconf 88' lang='lat' dir='ltr'><strong>se</strong></span> <span class='ocrx_word' id='word_1_45' title='bbox 1791 1125 1998 1217; x_wconf 85' lang='lat' dir='ltr'><strong>longe</strong></span> <span class='ocrx_word' id='word_1_46' title='bbox 2051 1123 2429 1196; x_wconf 89' lang='lat' dir='ltr'><strong>distantem</strong></span> <span class='ocrx_word' id='word_1_47' title='bbox 2460 1124 2548 1212; x_wconf 85' lang='lat'><strong>⁴),</strong></span> <span class='ocrx_word' id='word_1_48' title='bbox 2604 1144 2899 1215; x_wconf 79' lang='lat' dir='ltr'><strong>usquam</strong></span> <span class='ocrx_word' id='word_1_49' title='bbox 2954 1122 3302 1212; x_wconf 77' lang='lat' dir='ltr'><strong>audierat,</strong></span> <span class='ocrx_word' id='word_1_50' title='bbox 3358 1124 3475 1197; x_wconf 92' lang='lat' dir='ltr'><strong>be·</strong></span> 
     </span>
     <span class='ocr_line' id='line_1_6' title="bbox 383 1240 3477 1337; baseline -0.001 -20"><span class='ocrx_word' id='word_1_51' title='bbox 383 1244 599 1337; x_wconf 90' lang='lat' dir='ltr'><strong>nigne</strong></span> <span class='ocrx_word' id='word_1_52' title='bbox 651 1242 1044 1335; x_wconf 85' lang='lat' dir='ltr'><strong>respondit:</strong></span> <span class='ocrx_word' id='word_1_53' title='bbox 1103 1242 1299 1333; x_wconf 76' lang='lat' dir='ltr'><strong>Quod</strong></span> <span class='ocrx_word' id='word_1_54' title='bbox 1351 1244 1490 1315; x_wconf 90' lang='lat' dir='ltr'><strong>etsi</strong></span> <span class='ocrx_word' id='word_1_55' title='bbox 1545 1243 1680 1316; x_wconf 88' lang='lat' dir='ltr'><strong>sibi</strong></span> <span class='ocrx_word' id='word_1_56' title='bbox 1735 1244 1912 1315; x_wconf 85' lang='lat' dir='ltr'><strong>foret</strong></span> <span class='ocrx_word' id='word_1_57' title='bbox 1935 1242 1999 1331; x_wconf 80' lang='lat'><strong>⁵)</strong></span> <span class='ocrx_word' id='word_1_58' title='bbox 2053 1247 2255 1334; x_wconf 87' lang='lat' dir='ltr'><strong>grata</strong></span> <span class='ocrx_word' id='word_1_59' title='bbox 2306 1242 2525 1316; x_wconf 89' lang='lat' dir='ltr'><strong>Ducis</strong></span> <span class='ocrx_word' id='word_1_60' title='bbox 2579 1240 2985 1316; x_wconf 77' lang='lat' dir='ltr'><strong>erilhermi</strong></span> <span class='ocrx_word' id='word_1_61' title='bbox 3012 1241 3077 1330; x_wconf 69' lang='grc' dir='ltr'><strong>θ)</strong></span> <span class='ocrx_word' id='word_1_62' title='bbox 3130 1261 3348 1332; x_wconf 89' lang='lat' dir='ltr'><strong>prona</strong></span> <span class='ocrx_word' id='word_1_63' title='bbox 3403 1241 3477 1313; x_wconf 89' lang='lat' dir='ltr'><strong>in</strong></span> 
     </span>
     <span class='ocr_line' id='line_1_7' title="bbox 385 1359 3475 1454; baseline -0.002 -18"><span class='ocrx_word' id='word_1_64' title='bbox 385 1385 462 1436; x_wconf 85' lang='lat' dir='ltr'><strong>se</strong></span> <span class='ocrx_word' id='word_1_65' title='bbox 515 1368 589 1435; x_wconf 86' lang='lat' dir='ltr'><strong>et</strong></span> <span class='ocrx_word' id='word_1_66' title='bbox 642 1363 962 1454; x_wconf 82' lang='lat' dir='ltr'><strong>Regnum</strong></span> <span class='ocrx_word' id='word_1_67' title='bbox 1017 1382 1222 1433; x_wconf 85' lang='lat' dir='ltr'><strong>sunm</strong></span> <span class='ocrx_word' id='word_1_68' title='bbox 1276 1362 1608 1434; x_wconf 86' lang='lat' dir='ltr'><strong>Poloniae</strong></span> <span class='ocrx_word' id='word_1_69' title='bbox 1663 1361 2013 1434; x_wconf 87' lang='lat' dir='ltr'><strong>submissa</strong></span> <span class='ocrx_word' id='word_1_70' title='bbox 2047 1360 2357 1450; x_wconf 82' lang='lat' dir='ltr'><strong>devotio,</strong></span> <span class='ocrx_word' id='word_1_71' title='bbox 2414 1361 2695 1452; x_wconf 87' lang='lat' dir='ltr'><strong>utrique</strong></span> <span class='ocrx_word' id='word_1_72' title='bbox 2732 1364 2996 1447; x_wconf 91' lang='lat' dir='ltr'><strong>tamen,</strong></span> <span class='ocrx_word' id='word_1_73' title='bbox 3054 1363 3124 1433; x_wconf 92' lang='lat' dir='ltr'><strong>et</strong></span> <span class='ocrx_word' id='word_1_74' title='bbox 3160 1359 3475 1432; x_wconf 84' lang='lat' dir='ltr'><strong>offerenti</strong></span> 
     </span>
     <span class='ocr_line' id='line_1_8' title="bbox 383 1476 3476 1571; baseline -0.001 -18"><span class='ocrx_word' id='word_1_75' title='bbox 383 1481 720 1554; x_wconf 77' lang='lat' dir='ltr'><strong>videlieet</strong></span> <span class='ocrx_word' id='word_1_76' title='bbox 773 1478 988 1567; x_wconf 73' lang='lat' dir='ltr'><strong>Daci,</strong></span> <span class='ocrx_word' id='word_1_77' title='bbox 1011 1534 1018 1541; x_wconf 83' lang='lat'>.</span> <span class='ocrx_word' id='word_1_78' title='bbox 1043 1484 1116 1553; x_wconf 93' lang='lat' dir='ltr'><strong>et</strong></span> <span class='ocrx_word' id='word_1_79' title='bbox 1167 1480 1346 1571; x_wconf 80' lang='lat' dir='ltr'><strong>Regi</strong></span> <span class='ocrx_word' id='word_1_80' title='bbox 1401 1480 1805 1570; x_wconf 86' lang='lat' dir='ltr'><strong>accipienti,</strong></span> <span class='ocrx_word' id='word_1_81' title='bbox 1861 1480 1973 1553; x_wconf 90' lang='lat' dir='ltr'><strong>ius</strong></span> <span class='ocrx_word' id='word_1_82' title='bbox 2011 1480 2203 1552; x_wconf 87' lang='lat' dir='ltr'><strong>feudi</strong></span> <span class='ocrx_word' id='word_1_83' title='bbox 2235 1480 2295 1568; x_wconf 80' lang='lat'><strong>⁷)</strong></span> <span class='ocrx_word' id='word_1_84' title='bbox 2348 1482 2633 1571; x_wconf 86' lang='lat' dir='ltr'><strong>propter</strong></span> <span class='ocrx_word' id='word_1_85' title='bbox 2667 1478 3045 1552; x_wconf 88' lang='lat' dir='ltr'><strong>distantem</strong></span> <span class='ocrx_word' id='word_1_86' title='bbox 3082 1476 3300 1551; x_wconf 87' lang='lat' dir='ltr'><strong>situm</strong></span> <span class='ocrx_word' id='word_1_87' title='bbox 3335 1498 3476 1550; x_wconf 90' lang='lat' dir='ltr'><strong>non</strong></span> 
     </span>
    </p>
   </div>
   <div class='ocr_carea' id='block_1_3' title="bbox 383 1592 3581 1689">
    <p class='ocr_par' dir='ltr' id='par_1_3' title="bbox 383 1592 3581 1689">
     <span class='ocr_line' id='line_1_9' title="bbox 383 1592 3581 1689; baseline -0.002 -16"><span class='ocrx_word' id='word_1_88' title='bbox 383 1598 783 1674; x_wconf 78' lang='lat' dir='ltr'><strong>convenire.</strong></span> <span class='ocrx_word' id='word_1_89' title='bbox 849 1597 1198 1671; x_wconf 80' lang='lat' dir='ltr'><strong>Neutrum</strong></span> <span class='ocrx_word' id='word_1_90' title='bbox 1261 1598 1445 1671; x_wconf 86' lang='lat' dir='ltr'><strong>enim</strong></span> <span class='ocrx_word' id='word_1_91' title='bbox 1511 1598 1787 1671; x_wconf 87' lang='lat' dir='ltr'><strong>feudale</strong></span> <span class='ocrx_word' id='word_1_92' title='bbox 1849 1598 1995 1685; x_wconf 76' lang='lat' dir='ltr'><strong>iuS,</strong></span> <span class='ocrx_word' id='word_1_93' title='bbox 2063 1598 2126 1670; x_wconf 91' lang='lat' dir='ltr'><strong>si</strong></span> <span class='ocrx_word' id='word_1_94' title='bbox 2180 1592 2565 1671; x_wconf 77' lang='lat' dir='ltr'><strong>necessitas</strong></span> <span class='ocrx_word' id='word_1_95' title='bbox 2618 1599 3051 1689; x_wconf 88' lang='lat' dir='ltr'><strong>deposceret,</strong></span> <span class='ocrx_word' id='word_1_96' title='bbox 3118 1600 3188 1670; x_wconf 90' lang='lat' dir='ltr'><strong>et</strong></span> <span class='ocrx_word' id='word_1_97' title='bbox 3240 1595 3473 1670; x_wconf 88' lang='lat' dir='ltr'><strong>defen·</strong></span> <span class='ocrx_word' id='word_1_98' title='bbox 3568 1594 3581 1605; x_wconf 82' lang='grc'><em>’</em></span> 
     </span>
    </p>
   </div>
   <div class='ocr_carea' id='block_1_4' title="bbox 379 1714 3475 4886">
    <p class='ocr_par' dir='ltr' id='par_1_4' title="bbox 379 1714 3475 2752">
     <span class='ocr_line' id='line_1_10' title="bbox 382 1714 3471 1809; baseline -0.001 -20"><span class='ocrx_word' id='word_1_99' title='bbox 382 1716 594 1791; x_wconf 89' lang='lat' dir='ltr'><strong>dendi</strong></span> <span class='ocrx_word' id='word_1_100' title='bbox 650 1716 1008 1789; x_wconf 86' lang='lat' dir='ltr'><strong>subditum</strong></span> <span class='ocrx_word' id='word_1_101' title='bbox 1069 1720 1142 1789; x_wconf 86' lang='lat' dir='ltr'><strong>et</strong></span> <span class='ocrx_word' id='word_1_102' title='bbox 1203 1716 1667 1809; x_wconf 78' lang='lat' dir='ltr'><strong>homagialem</strong></span> <span class='ocrx_word' id='word_1_103' title='bbox 1721 1738 1764 1787; x_wconf 91' lang='lat' dir='ltr'><strong>a</strong></span> <span class='ocrx_word' id='word_1_104' title='bbox 1814 1718 2042 1809; x_wconf 86' lang='lat' dir='ltr'><strong>Rege,</strong></span> <span class='ocrx_word' id='word_1_105' title='bbox 2109 1721 2181 1791; x_wconf 90' lang='lat' dir='ltr'><strong>et</strong></span> <span class='ocrx_word' id='word_1_106' title='bbox 2244 1716 2652 1807; x_wconf 88' lang='lat' dir='ltr'><strong>obsequium</strong></span> <span class='ocrx_word' id='word_1_107' title='bbox 2706 1736 2751 1787; x_wconf 93' lang='lat' dir='ltr'><strong>a</strong></span> <span class='ocrx_word' id='word_1_108' title='bbox 2801 1716 2993 1789; x_wconf 89' lang='lat' dir='ltr'><strong>Duce</strong></span> <span class='ocrx_word' id='word_1_109' title='bbox 3044 1714 3471 1807; x_wconf 86' lang='lat' dir='ltr'><strong>praestandi,</strong></span> 
     </span>
     <span class='ocr_line' id='line_1_11' title="bbox 379 1832 3475 1928; baseline -0 -21"><span class='ocrx_word' id='word_1_110' title='bbox 379 1836 667 1928; x_wconf 81' lang='lat' dir='ltr'><strong>impleri</strong></span> <span class='ocrx_word' id='word_1_111' title='bbox 719 1856 957 1925; x_wconf 87' lang='lat' dir='ltr'><strong>posse;</strong></span> <span class='ocrx_word' id='word_1_112' title='bbox 1013 1834 1486 1907; x_wconf 84' lang='lat' dir='ltr'><strong>Wladislaum</strong></span> <span class='ocrx_word' id='word_1_113' title='bbox 1541 1840 1774 1907; x_wconf 87' lang='lat' dir='ltr'><strong>tamen</strong></span> <span class='ocrx_word' id='word_1_114' title='bbox 1812 1836 2072 1927; x_wconf 81' lang='lat' dir='ltr'><strong>Regem</strong></span> <span class='ocrx_word' id='word_1_115' title='bbox 2135 1835 2349 1907; x_wconf 84' lang='lat' dir='ltr'><strong>huius</strong></span> <span class='ocrx_word' id='word_1_116' title='bbox 2403 1834 2795 1907; x_wconf 79' lang='lat' dir='ltr'><strong>devotionis</strong></span> <span class='ocrx_word' id='word_1_117' title='bbox 2842 1838 2913 1908; x_wconf 90' lang='lat' dir='ltr'><strong>et</strong></span> <span class='ocrx_word' id='word_1_118' title='bbox 2946 1832 3475 1911; x_wconf 81' lang='lat' dir='ltr'><strong>benevolentiae</strong></span> 
     </span>
     <span class='ocr_line' id='line_1_12' title="bbox 381 1952 3470 2033; baseline -0.001 -6"><span class='ocrx_word' id='word_1_119' title='bbox 381 1953 788 2033; x_wconf 82' lang='lat' dir='ltr'><strong>memoriam</strong></span> <span class='ocrx_word' id='word_1_120' title='bbox 849 1954 1086 2028; x_wconf 76' lang='lat' dir='ltr'><strong>favore</strong></span> <span class='ocrx_word' id='word_1_121' title='bbox 1141 1952 1472 2025; x_wconf 87' lang='lat' dir='ltr'><strong>diuturno</strong></span> <span class='ocrx_word' id='word_1_122' title='bbox 1526 1952 1956 2025; x_wconf 85' lang='lat' dir='ltr'><strong>habiturum.</strong></span> <span class='ocrx_word' id='word_1_123' title='bbox 2031 1954 2389 2025; x_wconf 89' lang='lat' dir='ltr'><strong>Honorato</strong></span> <span class='ocrx_word' id='word_1_124' title='bbox 2456 1957 2689 2025; x_wconf 90' lang='lat' dir='ltr'><strong>autem</strong></span> <span class='ocrx_word' id='word_1_125' title='bbox 2742 1957 2815 2025; x_wconf 88' lang='lat' dir='ltr'><strong>et</strong></span> <span class='ocrx_word' id='word_1_126' title='bbox 2850 1956 3211 2025; x_wconf 90' lang='lat' dir='ltr'><strong>munerato</strong></span> <span class='ocrx_word' id='word_1_127' title='bbox 3264 1953 3470 2025; x_wconf 90' lang='lat' dir='ltr'><strong>Lam-</strong></span> 
     </span>
     <span class='ocr_line' id='line_1_13' title="bbox 382 2070 3470 2164; baseline -0.002 -18"><span class='ocrx_word' id='word_1_128' title='bbox 382 2076 583 2164; x_wconf 87' lang='lat' dir='ltr'><strong>perto</strong></span> <span class='ocrx_word' id='word_1_129' title='bbox 637 2070 919 2159; x_wconf 77' lang='lat' dir='ltr'><strong>nuntio,</strong></span> <span class='ocrx_word' id='word_1_130' title='bbox 976 2071 1177 2143; x_wconf 91' lang='lat' dir='ltr'><strong>donis</strong></span> <span class='ocrx_word' id='word_1_131' title='bbox 1233 2071 1520 2163; x_wconf 84' lang='lat' dir='ltr'><strong>insuper</strong></span> <span class='ocrx_word' id='word_1_132' title='bbox 1569 2071 1995 2164; x_wconf 86' lang='lat' dir='ltr'><strong>magnificis,</strong></span> <span class='ocrx_word' id='word_1_133' title='bbox 2055 2092 2235 2163; x_wconf 88' lang='lat' dir='ltr'><strong>qnae</strong></span> <span class='ocrx_word' id='word_1_134' title='bbox 2288 2074 2358 2145; x_wconf 85' lang='lat' dir='ltr'><strong>et</strong></span> <span class='ocrx_word' id='word_1_135' title='bbox 2412 2071 2761 2145; x_wconf 89' lang='lat' dir='ltr'><strong>mittentis</strong></span> <span class='ocrx_word' id='word_1_136' title='bbox 2814 2071 3313 2145; x_wconf 78' lang='lat' dir='ltr'><strong>liberalitatem</strong></span> <span class='ocrx_word' id='word_1_137' title='bbox 3366 2076 3470 2142; x_wconf 88' lang='lat' dir='ltr'><strong>at-</strong></span> 
     </span>
     <span class='ocr_line' id='line_1_14' title="bbox 386 2188 3471 2283; baseline -0.001 -20"><span class='ocrx_word' id='word_1_138' title='bbox 386 2212 524 2283; x_wconf 83' lang='lat' dir='ltr'><strong>qne</strong></span> <span class='ocrx_word' id='word_1_139' title='bbox 557 2190 1140 2278; x_wconf 75' lang='lat' dir='ltr'><strong>munificentiam,</strong></span> <span class='ocrx_word' id='word_1_140' title='bbox 1195 2194 1268 2263; x_wconf 86' lang='lat' dir='ltr'><strong>et</strong></span> <span class='ocrx_word' id='word_1_141' title='bbox 1323 2190 1736 2283; x_wconf 85' lang='lat' dir='ltr'><strong>accipientis</strong></span> <span class='ocrx_word' id='word_1_142' title='bbox 1786 2190 2222 2263; x_wconf 83' lang='lat' dir='ltr'><strong>devotionem</strong></span> <span class='ocrx_word' id='word_1_143' title='bbox 2258 2188 2647 2282; x_wconf 87' lang='lat' dir='ltr'><strong>exprimere</strong></span> <span class='ocrx_word' id='word_1_144' title='bbox 2684 2195 3003 2281; x_wconf 86' lang='lat' dir='ltr'><strong>possent,</strong></span> <span class='ocrx_word' id='word_1_145' title='bbox 3042 2189 3223 2263; x_wconf 90' lang='lat' dir='ltr'><strong>Duci</strong></span> <span class='ocrx_word' id='word_1_146' title='bbox 3260 2188 3471 2264; x_wconf 80' lang='lat' dir='ltr'><strong>Gwil-</strong></span> 
     </span>
     <span class='ocr_line' id='line_1_15' title="bbox 383 2307 3471 2401; baseline -0.001 -20"><span class='ocrx_word' id='word_1_147' title='bbox 383 2312 626 2382; x_wconf 81' lang='lat' dir='ltr'><strong>hermo</strong></span> <span class='ocrx_word' id='word_1_148' title='bbox 653 2307 718 2397; x_wconf 69' lang='grc' dir='ltr'><strong>θ)</strong></span> <span class='ocrx_word' id='word_1_149' title='bbox 771 2307 956 2381; x_wconf 81' lang='lat' dir='ltr'><strong>inter</strong></span> <span class='ocrx_word' id='word_1_150' title='bbox 1009 2308 1490 2401; x_wconf 84' lang='lat' dir='ltr'><strong>Burgundiam</strong></span> <span class='ocrx_word' id='word_1_151' title='bbox 1545 2314 1617 2381; x_wconf 91' lang='lat' dir='ltr'><strong>et</strong></span> <span class='ocrx_word' id='word_1_152' title='bbox 1669 2308 2116 2381; x_wconf 88' lang='lat' dir='ltr'><strong>Almanniam</strong></span> <span class='ocrx_word' id='word_1_153' title='bbox 2171 2309 2349 2381; x_wconf 90' lang='lat' dir='ltr'><strong>citra</strong></span> <span class='ocrx_word' id='word_1_154' title='bbox 2384 2308 2707 2381; x_wconf 84' lang='lat' dir='ltr'><strong>Rhenum</strong></span> <span class='ocrx_word' id='word_1_155' title='bbox 2743 2308 3229 2400; x_wconf 87' lang='lat' dir='ltr'><strong>Principatum</strong></span> <span class='ocrx_word' id='word_1_156' title='bbox 3266 2328 3471 2381; x_wconf 87' lang='lat' dir='ltr'><strong>sunm</strong></span> 
     </span>
     <span class='ocr_line' id='line_1_16' title="bbox 387 2426 3473 2519; baseline -0 -19"><span class='ocrx_word' id='word_1_157' title='bbox 387 2426 770 2515; x_wconf 74' lang='lat' dir='ltr'><strong>obtinenti,</strong></span> <span class='ocrx_word' id='word_1_158' title='bbox 827 2426 1298 2515; x_wconf 84' lang='lat' dir='ltr'><strong>transmissis,</strong></span> <span class='ocrx_word' id='word_1_159' title='bbox 1353 2428 1772 2519; x_wconf 87' lang='lat' dir='ltr'><strong>Lampertns</strong></span> <span class='ocrx_word' id='word_1_160' title='bbox 1825 2426 1978 2518; x_wconf 90' lang='lat' dir='ltr'><strong>ipse</strong></span> <span class='ocrx_word' id='word_1_161' title='bbox 2029 2428 2106 2500; x_wconf 92' lang='lat' dir='ltr'><strong>in</strong></span> <span class='ocrx_word' id='word_1_162' title='bbox 2159 2426 2441 2518; x_wconf 87' lang='lat' dir='ltr'><strong>propria</strong></span> <span class='ocrx_word' id='word_1_163' title='bbox 2492 2426 2723 2499; x_wconf 90' lang='lat' dir='ltr'><strong>rediit.</strong></span> <span class='ocrx_word' id='word_1_164' title='bbox 2789 2427 3185 2499; x_wconf 79' lang='lat' dir='ltr'><strong>Facultatis</strong></span> <span class='ocrx_word' id='word_1_165' title='bbox 3238 2432 3473 2499; x_wconf 85' lang='lat' dir='ltr'><strong>autem</strong></span> 
     </span>
     <span class='ocr_line' id='line_1_17' title="bbox 387 2545 3469 2637; baseline -0.001 -18"><span class='ocrx_word' id='word_1_166' title='bbox 387 2545 814 2637; x_wconf 82' lang='lat' dir='ltr'><strong>apostolieae</strong></span> <span class='ocrx_word' id='word_1_167' title='bbox 835 2600 854 2633; x_wconf 92' lang='lat'><strong>,</strong></span> <span class='ocrx_word' id='word_1_168' title='bbox 944 2566 1150 2636; x_wconf 89' lang='lat' dir='ltr'><strong>quam</strong></span> <span class='ocrx_word' id='word_1_169' title='bbox 1223 2564 1457 2618; x_wconf 80' lang='lat' dir='ltr'><strong>secum</strong></span> <span class='ocrx_word' id='word_1_170' title='bbox 1529 2546 1884 2636; x_wconf 85' lang='lat' dir='ltr'><strong>praefatus</strong></span> <span class='ocrx_word' id='word_1_171' title='bbox 1953 2545 2308 2618; x_wconf 87' lang='lat' dir='ltr'><strong>Antonius</strong></span> <span class='ocrx_word' id='word_1_172' title='bbox 2380 2545 2561 2617; x_wconf 89' lang='lat' dir='ltr'><strong>Zeno</strong></span> <span class='ocrx_word' id='word_1_173' title='bbox 2634 2545 3011 2634; x_wconf 88' lang='lat' dir='ltr'><strong>attulerat,</strong></span> <span class='ocrx_word' id='word_1_174' title='bbox 3094 2551 3295 2619; x_wconf 88' lang='lat' dir='ltr'><strong>tenor</strong></span> <span class='ocrx_word' id='word_1_175' title='bbox 3366 2548 3469 2615; x_wconf 91' lang='lat' dir='ltr'><strong>ta·</strong></span> 
     </span>
     <span class='ocr_line' id='line_1_18' title="bbox 385 2662 768 2752; baseline -0.005 -15"><span class='ocrx_word' id='word_1_176' title='bbox 385 2664 486 2737; x_wconf 88' lang='lat' dir='ltr'><strong>lis</strong></span> <span class='ocrx_word' id='word_1_177' title='bbox 537 2668 652 2737; x_wconf 85' lang='lat' dir='ltr'><strong>est</strong></span> <span class='ocrx_word' id='word_1_178' title='bbox 680 2662 768 2752; x_wconf 75' lang='grc' dir='ltr'><strong>ο).</strong></span> 
     </span>
    </p>

    <p class='ocr_par' dir='ltr' id='par_1_5' title="bbox 395 2780 3471 4886">
     <span class='ocr_line' id='line_1_19' title="bbox 605 2780 3471 2874; baseline 0.001 -21"><span class='ocrx_word' id='word_1_179' title='bbox 605 2782 994 2871; x_wconf 80' lang='lat' dir='ltr'><strong>„Martinus</strong></span> <span class='ocrx_word' id='word_1_180' title='bbox 1047 2780 1470 2874; x_wconf 77' lang='lat' dir='ltr'><strong>Episcopus,</strong></span> <span class='ocrx_word' id='word_1_181' title='bbox 1525 2802 1772 2854; x_wconf 79' lang='lat' dir='ltr'><strong>servus</strong></span> <span class='ocrx_word' id='word_1_182' title='bbox 1827 2801 2186 2855; x_wconf 84' lang='lat' dir='ltr'><strong>servorum</strong></span> <span class='ocrx_word' id='word_1_183' title='bbox 2224 2780 2384 2871; x_wconf 92' lang='lat' dir='ltr'><strong>Dei,</strong></span> <span class='ocrx_word' id='word_1_184' title='bbox 2442 2780 2715 2855; x_wconf 89' lang='lat' dir='ltr'><strong>Dilecto</strong></span> <span class='ocrx_word' id='word_1_185' title='bbox 2752 2781 2899 2854; x_wconf 86' lang='lat' dir='ltr'><strong>filio</strong></span> <span class='ocrx_word' id='word_1_186' title='bbox 2945 2781 3251 2855; x_wconf 80' lang='lat' dir='ltr'><strong>Antonio</strong></span> <span class='ocrx_word' id='word_1_187' title='bbox 3289 2782 3471 2855; x_wconf 87' lang='lat' dir='ltr'><strong>Zeno</strong></span> 
     </span>
     <span class='ocr_line' id='line_1_20' title="bbox 396 2898 3468 2991; baseline 0 -18"><span class='ocrx_word' id='word_1_188' title='bbox 396 2902 890 2991; x_wconf 80' lang='lat' dir='ltr'><strong>„Decretorum</strong></span> <span class='ocrx_word' id='word_1_189' title='bbox 943 2900 1257 2989; x_wconf 82' lang='lat' dir='ltr'><strong>Doctori,</strong></span> <span class='ocrx_word' id='word_1_190' title='bbox 1315 2898 1654 2973; x_wconf 76' lang='lat' dir='ltr'><strong>canonico</strong></span> <span class='ocrx_word' id='word_1_191' title='bbox 1707 2900 2116 2974; x_wconf 87' lang='lat' dir='ltr'><strong>Patracensi</strong></span> <span class='ocrx_word' id='word_1_192' title='bbox 2151 2901 2265 2990; x_wconf 84' lang='lat'><strong>¹⁰),</strong></span> <span class='ocrx_word' id='word_1_193' title='bbox 2321 2898 2781 2974; x_wconf 80' lang='lat' dir='ltr'><strong>referendario</strong></span> <span class='ocrx_word' id='word_1_194' title='bbox 2832 2904 3074 2973; x_wconf 92' lang='lat' dir='ltr'><strong>nostro</strong></span> <span class='ocrx_word' id='word_1_195' title='bbox 3092 2956 3110 2988; x_wconf 95' lang='lat'><strong>,</strong></span> <span class='ocrx_word' id='word_1_196' title='bbox 3168 2901 3468 2974; x_wconf 86' lang='lat' dir='ltr'><strong>salutem</strong></span> 
     </span>
     <span class='ocr_line' id='line_1_21' title="bbox 397 3018 3467 3111; baseline -0.001 -18"><span class='ocrx_word' id='word_1_197' title='bbox 397 3025 513 3109; x_wconf 82' lang='lat' dir='ltr'><strong>„et</strong></span> <span class='ocrx_word' id='word_1_198' title='bbox 563 3018 1019 3111; x_wconf 83' lang='lat' dir='ltr'><strong>apostolicam</strong></span> <span class='ocrx_word' id='word_1_199' title='bbox 1069 3018 1644 3091; x_wconf 78' lang='lat' dir='ltr'><strong>benedictionem.</strong></span> <span class='ocrx_word' id='word_1_200' title='bbox 1718 3018 2131 3111; x_wconf 86' lang='lat' dir='ltr'><strong>Apostolica</strong></span> <span class='ocrx_word' id='word_1_201' title='bbox 2202 3019 2419 3093; x_wconf 84' lang='lat' dir='ltr'><strong>Sedes</strong></span> <span class='ocrx_word' id='word_1_202' title='bbox 2472 3018 2715 3093; x_wconf 87' lang='lat' dir='ltr'><strong>solerti</strong></span> <span class='ocrx_word' id='word_1_203' title='bbox 2770 3018 3003 3091; x_wconf 88' lang='lat' dir='ltr'><strong>studio</strong></span> <span class='ocrx_word' id='word_1_204' title='bbox 3058 3038 3329 3110; x_wconf 87' lang='lat' dir='ltr'><strong>semper</strong></span> <span class='ocrx_word' id='word_1_205' title='bbox 3362 3018 3467 3091; x_wconf 88' lang='lat' dir='ltr'><strong>in·-</strong></span> 
     </span>
     <span class='ocr_line' id='line_1_22' title="bbox 398 3134 3468 3229; baseline 0 -20"><span class='ocrx_word' id='word_1_206' title='bbox 398 3136 728 3229; x_wconf 82' lang='lat' dir='ltr'><strong>„vigilat‚</strong></span> <span class='ocrx_word' id='word_1_207' title='bbox 786 3140 868 3207; x_wconf 91' lang='lat' dir='ltr'><strong>ut</strong></span> <span class='ocrx_word' id='word_1_208' title='bbox 915 3135 1306 3209; x_wconf 87' lang='lat' dir='ltr'><strong>discordiae</strong></span> <span class='ocrx_word' id='word_1_209' title='bbox 1347 3136 1568 3227; x_wconf 75' lang='lat' dir='ltr'><strong>&#39;atque</strong></span> <span class='ocrx_word' id='word_1_210' title='bbox 1621 3134 2170 3225; x_wconf 77' lang='lat' dir='ltr'><strong>controversiae,</strong></span> <span class='ocrx_word' id='word_1_211' title='bbox 2228 3156 2405 3227; x_wconf 85' lang='lat' dir='ltr'><strong>quae</strong></span> <span class='ocrx_word' id='word_1_212' title='bbox 2458 3136 2644 3211; x_wconf 87' lang='lat' dir='ltr'><strong>inter</strong></span> <span class='ocrx_word' id='word_1_213' title='bbox 2694 3138 2967 3211; x_wconf 81' lang='lat' dir='ltr'><strong>Christi·</strong></span> <span class='ocrx_word' id='word_1_214' title='bbox 3008 3136 3251 3211; x_wconf 87' lang='lat' dir='ltr'><strong>fideles</strong></span> <span class='ocrx_word' id='word_1_215' title='bbox 3287 3138 3468 3210; x_wconf 85' lang='lat' dir='ltr'><strong>invi·</strong></span> 
     </span>
     <span class='ocr_line' id='line_1_23' title="bbox 399 3254 3467 3348; baseline 0 -20"><span class='ocrx_word' id='word_1_216' title='bbox 399 3276 594 3346; x_wconf 88' lang='lat' dir='ltr'><strong>„cem</strong></span> <span class='ocrx_word' id='word_1_217' title='bbox 647 3254 1068 3329; x_wconf 86' lang='lat' dir='ltr'><strong>dissidentes</strong></span> <span class='ocrx_word' id='word_1_218' title='bbox 1119 3258 1405 3328; x_wconf 86' lang='lat' dir='ltr'><strong>exortae</strong></span> <span class='ocrx_word' id='word_1_219' title='bbox 1457 3260 1656 3343; x_wconf 86' lang='lat' dir='ltr'><strong>sunt,</strong></span> <span class='ocrx_word' id='word_1_220' title='bbox 1714 3276 1800 3328; x_wconf 91' lang='lat' dir='ltr'><strong>ne</strong></span> <span class='ocrx_word' id='word_1_221' title='bbox 1853 3255 2184 3328; x_wconf 86' lang='lat' dir='ltr'><strong>scandala</strong></span> <span class='ocrx_word' id='word_1_222' title='bbox 2233 3255 2556 3347; x_wconf 85' lang='lat' dir='ltr'><strong>graviora</strong></span> <span class='ocrx_word' id='word_1_223' title='bbox 2610 3254 2862 3329; x_wconf 83' lang='lat' dir='ltr'><strong>exinde</strong></span> <span class='ocrx_word' id='word_1_224' title='bbox 2914 3276 3275 3348; x_wconf 89' lang='lat' dir='ltr'><strong>erumpere</strong></span> <span class='ocrx_word' id='word_1_225' title='bbox 3308 3254 3467 3348; x_wconf 86' lang='lat' dir='ltr'><strong>pos-</strong></span> 
     </span>
     <span class='ocr_line' id='line_1_24' title="bbox 399 3372 3469 3466; baseline 0.001 -20"><span class='ocrx_word' id='word_1_226' title='bbox 399 3378 634 3463; x_wconf 84' lang='lat' dir='ltr'><strong>„sent,</strong></span> <span class='ocrx_word' id='word_1_227' title='bbox 706 3394 830 3466; x_wconf 89' lang='lat' dir='ltr'><strong>per</strong></span> <span class='ocrx_word' id='word_1_228' title='bbox 899 3372 1366 3462; x_wconf 80' lang='lat' dir='ltr'><strong>concordiam,</strong></span> <span class='ocrx_word' id='word_1_229' title='bbox 1440 3374 1557 3446; x_wconf 76' lang='lat' dir='ltr'><strong>vel</strong></span> <span class='ocrx_word' id='word_1_230' title='bbox 1619 3375 1868 3447; x_wconf 89' lang='lat' dir='ltr'><strong>saltem</strong></span> <span class='ocrx_word' id='word_1_231' title='bbox 1933 3372 2106 3446; x_wconf 90' lang='lat' dir='ltr'><strong>iuris</strong></span> <span class='ocrx_word' id='word_1_232' title='bbox 2172 3373 2479 3446; x_wconf 90' lang='lat' dir='ltr'><strong>medium</strong></span> <span class='ocrx_word' id='word_1_233' title='bbox 2542 3372 2928 3465; x_wconf 86' lang='lat' dir='ltr'><strong>sopiantur.</strong></span> <span class='ocrx_word' id='word_1_234' title='bbox 3004 3376 3173 3451; x_wconf 83' lang='lat' dir='ltr'><strong>Cum</strong></span> <span class='ocrx_word' id='word_1_235' title='bbox 3228 3376 3469 3466; x_wconf 87' lang='lat' dir='ltr'><strong>itaque</strong></span> 
     </span>
     <span class='ocr_line' id='line_1_25' title="bbox 398 3491 3467 3585; baseline 0.001 -21"><span class='ocrx_word' id='word_1_236' title='bbox 398 3492 707 3581; x_wconf 77' lang='lat' dir='ltr'><strong>„dudum</strong></span> <span class='ocrx_word' id='word_1_237' title='bbox 743 3512 868 3584; x_wconf 89' lang='lat' dir='ltr'><strong>per</strong></span> <span class='ocrx_word' id='word_1_238' title='bbox 902 3492 1146 3565; x_wconf 85' lang='lat' dir='ltr'><strong>literas</strong></span> <span class='ocrx_word' id='word_1_239' title='bbox 1182 3496 1458 3565; x_wconf 87' lang='lat' dir='ltr'><strong>nostras</strong></span> <span class='ocrx_word' id='word_1_240' title='bbox 1474 3548 1492 3580; x_wconf 92' lang='lat'>‚</span> <span class='ocrx_word' id='word_1_241' title='bbox 1547 3496 1630 3563; x_wconf 86' lang='lat' dir='ltr'><strong>nt</strong></span> <span class='ocrx_word' id='word_1_242' title='bbox 1682 3491 2126 3583; x_wconf 85' lang='lat' dir='ltr'><strong>quaestiones</strong></span> <span class='ocrx_word' id='word_1_243' title='bbox 2163 3496 2235 3565; x_wconf 93' lang='lat' dir='ltr'><strong>et</strong></span> <span class='ocrx_word' id='word_1_244' title='bbox 2270 3492 2781 3565; x_wconf 84' lang='lat' dir='ltr'><strong>controversiae</strong></span> <span class='ocrx_word' id='word_1_245' title='bbox 2798 3548 2815 3581; x_wconf 91' lang='lat'><strong>,</strong></span> <span class='ocrx_word' id='word_1_246' title='bbox 2873 3514 3050 3585; x_wconf 86' lang='lat' dir='ltr'><strong>quae</strong></span> <span class='ocrx_word' id='word_1_247' title='bbox 3085 3495 3269 3567; x_wconf 88' lang='lat' dir='ltr'><strong>inter</strong></span> <span class='ocrx_word' id='word_1_248' title='bbox 3304 3496 3467 3566; x_wconf 88' lang='lat' dir='ltr'><strong>eha-</strong></span> 
     </span>
     <span class='ocr_line' id='line_1_26' title="bbox 399 3610 3466 3703; baseline 0.001 -20"><span class='ocrx_word' id='word_1_249' title='bbox 399 3610 801 3701; x_wconf 84' lang='lat' dir='ltr'><strong>„rissimum</strong></span> <span class='ocrx_word' id='word_1_250' title='bbox 836 3610 910 3682; x_wconf 93' lang='lat' dir='ltr'><strong>in</strong></span> <span class='ocrx_word' id='word_1_251' title='bbox 947 3610 1222 3683; x_wconf 80' lang='lat' dir='ltr'><strong>Christo</strong></span> <span class='ocrx_word' id='word_1_252' title='bbox 1259 3610 1482 3683; x_wconf 88' lang='lat' dir='ltr'><strong>filium</strong></span> <span class='ocrx_word' id='word_1_253' title='bbox 1519 3614 1837 3683; x_wconf 90' lang='lat' dir='ltr'><strong>nostrum</strong></span> <span class='ocrx_word' id='word_1_254' title='bbox 1871 3610 2343 3683; x_wconf 87' lang='lat' dir='ltr'><strong>Wladislaum</strong></span> <span class='ocrx_word' id='word_1_255' title='bbox 2380 3610 2642 3703; x_wconf 81' lang='lat' dir='ltr'><strong>Regem</strong></span> <span class='ocrx_word' id='word_1_256' title='bbox 2678 3611 3043 3700; x_wconf 90' lang='lat' dir='ltr'><strong>Poloniae,</strong></span> <span class='ocrx_word' id='word_1_257' title='bbox 3084 3613 3466 3687; x_wconf 89' lang='lat' dir='ltr'><strong>illustrem-</strong></span> 
     </span>
     <span class='ocr_line' id='line_1_27' title="bbox 398 3727 3466 3820; baseline 0.001 -19"><span class='ocrx_word' id='word_1_258' title='bbox 398 3750 578 3820; x_wconf 85' lang='lat' dir='ltr'><strong>„que</strong></span> <span class='ocrx_word' id='word_1_259' title='bbox 631 3728 842 3801; x_wconf 88' lang='lat' dir='ltr'><strong>etiam</strong></span> <span class='ocrx_word' id='word_1_260' title='bbox 895 3728 1228 3801; x_wconf 89' lang='lat' dir='ltr'><strong>dilectum</strong></span> <span class='ocrx_word' id='word_1_261' title='bbox 1283 3727 1508 3801; x_wconf 90' lang='lat' dir='ltr'><strong>filium</strong></span> <span class='ocrx_word' id='word_1_262' title='bbox 1561 3729 1865 3802; x_wconf 89' lang='lat' dir='ltr'><strong>nobilem</strong></span> <span class='ocrx_word' id='word_1_263' title='bbox 1902 3728 2133 3801; x_wconf 84' lang='lat' dir='ltr'><strong>virum</strong></span> <span class='ocrx_word' id='word_1_264' title='bbox 2169 3730 2648 3802; x_wconf 84' lang='lat' dir='ltr'><strong>Alexandrum</strong></span> <span class='ocrx_word' id='word_1_265' title='bbox 2684 3731 2863 3803; x_wconf 85' lang='lat' dir='ltr'><strong>alias</strong></span> <span class='ocrx_word' id='word_1_266' title='bbox 2900 3730 3339 3804; x_wconf 88' lang='lat' dir='ltr'><strong>Witholdum</strong></span> <span class='ocrx_word' id='word_1_267' title='bbox 3378 3730 3466 3820; x_wconf 90' lang='lat'><strong>¹¹)</strong></span> 
     </span>
     <span class='ocr_line' id='line_1_28' title="bbox 396 3846 3467 3941; baseline 0.001 -22"><span class='ocrx_word' id='word_1_268' title='bbox 396 3846 864 3937; x_wconf 84' lang='lat' dir='ltr'><strong>„Lithuaniae</strong></span> <span class='ocrx_word' id='word_1_269' title='bbox 915 3848 1178 3919; x_wconf 87' lang='lat' dir='ltr'><strong>Ducem</strong></span> <span class='ocrx_word' id='word_1_270' title='bbox 1233 3846 1562 3920; x_wconf 90' lang='lat' dir='ltr'><strong>dicuntur</strong></span> <span class='ocrx_word' id='word_1_271' title='bbox 1613 3847 2012 3940; x_wconf 88' lang='lat' dir='ltr'><strong>contingere</strong></span> <span class='ocrx_word' id='word_1_272' title='bbox 2049 3868 2137 3920; x_wconf 86' lang='lat' dir='ltr'><strong>ex</strong></span> <span class='ocrx_word' id='word_1_273' title='bbox 2174 3868 2343 3934; x_wconf 88' lang='lat' dir='ltr'><strong>una,</strong></span> <span class='ocrx_word' id='word_1_274' title='bbox 2382 3868 2463 3920; x_wconf 85' lang='lat' dir='ltr'><strong>ac</strong></span> <span class='ocrx_word' id='word_1_275' title='bbox 2498 3848 2793 3921; x_wconf 87' lang='lat' dir='ltr'><strong>dilectos</strong></span> <span class='ocrx_word' id='word_1_276' title='bbox 2830 3850 3014 3921; x_wconf 86' lang='lat' dir='ltr'><strong>filios</strong></span> <span class='ocrx_word' id='word_1_277' title='bbox 3052 3849 3467 3941; x_wconf 84' lang='lat' dir='ltr'><strong>Magistrum</strong></span> 
     </span>
     <span class='ocr_line' id='line_1_29' title="bbox 397 3964 3469 4059; baseline 0 -20"><span class='ocrx_word' id='word_1_278' title='bbox 397 3969 514 4055; x_wconf 85' lang='lat' dir='ltr'><strong>„et</strong></span> <span class='ocrx_word' id='word_1_279' title='bbox 564 3966 850 4038; x_wconf 85' lang='lat' dir='ltr'><strong>Fratres</strong></span> <span class='ocrx_word' id='word_1_280' title='bbox 903 3964 1185 4038; x_wconf 89' lang='lat' dir='ltr'><strong>Ordinis</strong></span> <span class='ocrx_word' id='word_1_281' title='bbox 1239 3966 1500 4039; x_wconf 89' lang='lat' dir='ltr'><strong>Beatae</strong></span> <span class='ocrx_word' id='word_1_282' title='bbox 1551 3966 1812 4039; x_wconf 83' lang='lat' dir='ltr'><strong>Mariae</strong></span> <span class='ocrx_word' id='word_1_283' title='bbox 1863 3966 2448 4039; x_wconf 87' lang='lat' dir='ltr'><strong>Theutonicorum</strong></span> <span class='ocrx_word' id='word_1_284' title='bbox 2494 3966 3289 4059; x_wconf 77' lang='lat' dir='ltr'><strong>Hierosolymitanorum</strong></span> <span class='ocrx_word' id='word_1_285' title='bbox 3306 4024 3322 4057; x_wconf 91' lang='lat'><strong>,</strong></span> <span class='ocrx_word' id='word_1_286' title='bbox 3380 3988 3469 4041; x_wconf 84' lang='lat' dir='ltr'><strong>ex</strong></span> 
     </span>
     <span class='ocr_line' id='line_1_30' title="bbox 397 4083 3464 4178; baseline 0.001 -21"><span class='ocrx_word' id='word_1_287' title='bbox 397 4083 613 4173; x_wconf 87' lang='lat' dir='ltr'><strong>„alia,</strong></span> <span class='ocrx_word' id='word_1_288' title='bbox 667 4083 1020 4175; x_wconf 85' lang='lat' dir='ltr'><strong>partibus,</strong></span> <span class='ocrx_word' id='word_1_289' title='bbox 1089 4102 1318 4156; x_wconf 84' lang='lat' dir='ltr'><strong>coram</strong></span> <span class='ocrx_word' id='word_1_290' title='bbox 1356 4083 1445 4174; x_wconf 80' lang='lat'><strong>¹²)</strong></span> <span class='ocrx_word' id='word_1_291' title='bbox 1499 4084 1701 4157; x_wconf 90' lang='lat' dir='ltr'><strong>nobis</strong></span> <span class='ocrx_word' id='word_1_292' title='bbox 1753 4085 2148 4176; x_wconf 87' lang='lat' dir='ltr'><strong>pendebant</strong></span> <span class='ocrx_word' id='word_1_293' title='bbox 2202 4090 2272 4157; x_wconf 89' lang='lat' dir='ltr'><strong>et</strong></span> <span class='ocrx_word' id='word_1_294' title='bbox 2324 4085 2660 4178; x_wconf 88' lang='lat' dir='ltr'><strong>pendent,</strong></span> <span class='ocrx_word' id='word_1_295' title='bbox 2726 4086 2816 4158; x_wconf 91' lang='lat' dir='ltr'><strong>ad</strong></span> <span class='ocrx_word' id='word_1_296' title='bbox 2867 4087 3254 4159; x_wconf 90' lang='lat' dir='ltr'><strong>tollendum</strong></span> <span class='ocrx_word' id='word_1_297' title='bbox 3307 4088 3464 4178; x_wconf 88' lang='lat' dir='ltr'><strong>plu-</strong></span> 
     </span>
     <span class='ocr_line' id='line_1_31' title="bbox 397 4202 3465 4295; baseline 0.001 -20"><span class='ocrx_word' id='word_1_298' title='bbox 397 4202 619 4291; x_wconf 84' lang='lat' dir='ltr'><strong>„rima</strong></span> <span class='ocrx_word' id='word_1_299' title='bbox 681 4202 1040 4290; x_wconf 85' lang='lat' dir='ltr'><strong>scandala,</strong></span> <span class='ocrx_word' id='word_1_300' title='bbox 1105 4222 1282 4293; x_wconf 91' lang='lat' dir='ltr'><strong>quae</strong></span> <span class='ocrx_word' id='word_1_301' title='bbox 1342 4202 1674 4295; x_wconf 89' lang='lat' dir='ltr'><strong>utrinque</strong></span> <span class='ocrx_word' id='word_1_302' title='bbox 1737 4204 1992 4277; x_wconf 86' lang='lat' dir='ltr'><strong>exoriri</strong></span> <span class='ocrx_word' id='word_1_303' title='bbox 2059 4208 2413 4295; x_wconf 86' lang='lat' dir='ltr'><strong>poterant,</strong></span> <span class='ocrx_word' id='word_1_304' title='bbox 2476 4224 2602 4295; x_wconf 88' lang='lat' dir='ltr'><strong>per</strong></span> <span class='ocrx_word' id='word_1_305' title='bbox 2662 4206 3094 4279; x_wconf 89' lang='lat' dir='ltr'><strong>concordiam</strong></span> <span class='ocrx_word' id='word_1_306' title='bbox 3151 4210 3221 4279; x_wconf 91' lang='lat' dir='ltr'><strong>et</strong></span> <span class='ocrx_word' id='word_1_307' title='bbox 3272 4226 3465 4279; x_wconf 89' lang='lat' dir='ltr'><strong>acco-</strong></span> 
     </span>
     <span class='ocr_line' id='line_1_32' title="bbox 395 4318 3467 4415; baseline 0.003 -24"><span class='ocrx_word' id='word_1_308' title='bbox 395 4320 644 4409; x_wconf 88' lang='lat' dir='ltr'><strong>„moda</strong></span> <span class='ocrx_word' id='word_1_309' title='bbox 696 4318 926 4391; x_wconf 90' lang='lat' dir='ltr'><strong>media</strong></span> <span class='ocrx_word' id='word_1_310' title='bbox 977 4319 1424 4407; x_wconf 87' lang='lat' dir='ltr'><strong>tollerentur,</strong></span> <span class='ocrx_word' id='word_1_311' title='bbox 1479 4326 1850 4413; x_wconf 89' lang='lat' dir='ltr'><strong>utramque</strong></span> <span class='ocrx_word' id='word_1_312' title='bbox 1899 4327 2166 4413; x_wconf 88' lang='lat' dir='ltr'><strong>partem</strong></span> <span class='ocrx_word' id='word_1_313' title='bbox 2204 4323 2588 4414; x_wconf 85' lang='lat' dir='ltr'><strong>praefatam</strong></span> <span class='ocrx_word' id='word_1_314' title='bbox 2640 4324 3057 4415; x_wconf 88' lang='lat' dir='ltr'><strong>propensius</strong></span> <span class='ocrx_word' id='word_1_315' title='bbox 3112 4324 3467 4399; x_wconf 89' lang='lat' dir='ltr'><strong>exhortati</strong></span> 
     </span>
     <span class='ocr_line' id='line_1_33' title="bbox 395 4436 3466 4533; baseline 0.002 -24"><span class='ocrx_word' id='word_1_316' title='bbox 395 4436 813 4527; x_wconf 53' lang='lat' dir='ltr'><strong>„werimum</strong></span> <span class='ocrx_word' id='word_1_317' title='bbox 869 4440 941 4509; x_wconf 90' lang='lat' dir='ltr'><strong>et</strong></span> <span class='ocrx_word' id='word_1_318' title='bbox 993 4438 1216 4509; x_wconf 87' lang='lat' dir='ltr'><strong>altera</strong></span> <span class='ocrx_word' id='word_1_319' title='bbox 1251 4444 1448 4529; x_wconf 89' lang='lat' dir='ltr'><strong>parte</strong></span> <span class='ocrx_word' id='word_1_320' title='bbox 1483 4440 1570 4511; x_wconf 83' lang='lat' dir='ltr'><strong>ad</strong></span> <span class='ocrx_word' id='word_1_321' title='bbox 1608 4438 1681 4510; x_wconf 92' lang='lat' dir='ltr'><strong>id</strong></span> <span class='ocrx_word' id='word_1_322' title='bbox 1717 4439 2002 4513; x_wconf 91' lang='lat' dir='ltr'><strong>minime</strong></span> <span class='ocrx_word' id='word_1_323' title='bbox 2037 4440 2549 4529; x_wconf 88' lang='lat' dir='ltr'><strong>consentiente,</strong></span> <span class='ocrx_word' id='word_1_324' title='bbox 2608 4442 3065 4515; x_wconf 90' lang='lat' dir='ltr'><strong>obtulerimus</strong></span> <span class='ocrx_word' id='word_1_325' title='bbox 3110 4463 3237 4515; x_wconf 87' lang='lat' dir='ltr'><strong>nos</strong></span> <span class='ocrx_word' id='word_1_326' title='bbox 3274 4442 3466 4533; x_wconf 83' lang='lat' dir='ltr'><strong>ipsas</strong></span> 
     </span>
     <span class='ocr_line' id='line_1_34' title="bbox 395 4556 3466 4653; baseline 0.002 -24"><span class='ocrx_word' id='word_1_327' title='bbox 395 4559 676 4648; x_wconf 85' lang='lat' dir='ltr'><strong>„partes</strong></span> <span class='ocrx_word' id='word_1_328' title='bbox 729 4556 804 4628; x_wconf 91' lang='lat' dir='ltr'><strong>in</strong></span> <span class='ocrx_word' id='word_1_329' title='bbox 857 4557 1038 4628; x_wconf 89' lang='lat' dir='ltr'><strong>facto</strong></span> <span class='ocrx_word' id='word_1_330' title='bbox 1093 4561 1163 4629; x_wconf 90' lang='lat' dir='ltr'><strong>et</strong></span> <span class='ocrx_word' id='word_1_331' title='bbox 1214 4556 1288 4629; x_wconf 91' lang='lat' dir='ltr'><strong>in</strong></span> <span class='ocrx_word' id='word_1_332' title='bbox 1343 4557 1494 4631; x_wconf 86' lang='lat' dir='ltr'><strong>iure</strong></span> <span class='ocrx_word' id='word_1_333' title='bbox 1528 4558 1808 4649; x_wconf 88' lang='lat' dir='ltr'><strong>plenius</strong></span> <span class='ocrx_word' id='word_1_334' title='bbox 1845 4560 2118 4649; x_wconf 86' lang='lat' dir='ltr'><strong>audire,</strong></span> <span class='ocrx_word' id='word_1_335' title='bbox 2175 4559 2623 4651; x_wconf 86' lang='lat' dir='ltr'><strong>probationes</strong></span> <span class='ocrx_word' id='word_1_336' title='bbox 2670 4562 3077 4652; x_wconf 88' lang='lat' dir='ltr'><strong>ampliores,</strong></span> <span class='ocrx_word' id='word_1_337' title='bbox 3135 4561 3466 4653; x_wconf 87' lang='lat' dir='ltr'><strong>ipsasque</strong></span> 
     </span>
     <span class='ocr_line' id='line_1_35' title="bbox 395 4674 3461 4766; baseline 0.002 -20"><span class='ocrx_word' id='word_1_338' title='bbox 395 4674 885 4766; x_wconf 82' lang='lat' dir='ltr'><strong>„quaestiones</strong></span> <span class='ocrx_word' id='word_1_339' title='bbox 937 4674 1344 4766; x_wconf 88' lang='lat' dir='ltr'><strong>plenissime</strong></span> <span class='ocrx_word' id='word_1_340' title='bbox 1397 4674 1775 4766; x_wconf 86' lang='lat' dir='ltr'><strong>discutere,</strong></span> <span class='ocrx_word' id='word_1_341' title='bbox 1829 4698 1912 4749; x_wconf 87' lang='lat' dir='ltr'><strong>ac</strong></span> <span class='ocrx_word' id='word_1_342' title='bbox 1963 4679 2099 4751; x_wconf 86' lang='lat' dir='ltr'><strong>fine</strong></span> <span class='ocrx_word' id='word_1_343' title='bbox 2135 4677 2405 4766; x_wconf 91' lang='lat' dir='ltr'><strong>debito,</strong></span> <span class='ocrx_word' id='word_1_344' title='bbox 2462 4680 2827 4753; x_wconf 88' lang='lat' dir='ltr'><strong>concordia</strong></span> <span class='ocrx_word' id='word_1_345' title='bbox 2867 4680 2984 4752; x_wconf 79' lang='lat' dir='ltr'><strong>vel</strong></span> <span class='ocrx_word' id='word_1_346' title='bbox 3029 4678 3287 4752; x_wconf 89' lang='lat' dir='ltr'><strong>indicio</strong></span> <span class='ocrx_word' id='word_1_347' title='bbox 3324 4683 3461 4752; x_wconf 88' lang='lat' dir='ltr'><strong>ter·</strong></span> 
     </span>
     <span class='ocr_line' id='line_1_36' title="bbox 395 4792 3465 4886; baseline 0.003 -21"><span class='ocrx_word' id='word_1_348' title='bbox 395 4794 735 4885; x_wconf 78' lang='lat' dir='ltr'><strong>„minaret</strong></span> <span class='ocrx_word' id='word_1_349' title='bbox 792 4793 879 4865; x_wconf 86' lang='lat' dir='ltr'><strong>ad</strong></span> <span class='ocrx_word' id='word_1_350' title='bbox 931 4794 1063 4865; x_wconf 86' lang='lat' dir='ltr'><strong>hoc</strong></span> <span class='ocrx_word' id='word_1_351' title='bbox 1115 4792 1299 4868; x_wconf 86' lang='lat' dir='ltr'><strong>infra</strong></span> <span class='ocrx_word' id='word_1_352' title='bbox 1349 4794 1746 4886; x_wconf 90' lang='lat' dir='ltr'><strong>proximum</strong></span> <span class='ocrx_word' id='word_1_353' title='bbox 1811 4797 2068 4869; x_wconf 85' lang='lat' dir='ltr'><strong>festum</strong></span> <span class='ocrx_word' id='word_1_354' title='bbox 2130 4796 2536 4871; x_wconf 88' lang='lat' dir='ltr'><strong>Dominicae</strong></span> <span class='ocrx_word' id='word_1_355' title='bbox 2587 4797 3148 4871; x_wconf 85' lang='lat' dir='ltr'><strong>Resurrectionis</strong></span> <span class='ocrx_word' id='word_1_356' title='bbox 3202 4798 3465 4873; x_wconf 87' lang='lat' dir='ltr'><strong>eisdem</strong></span> 
     </span>
    </p>
   </div>
   <div class='ocr_carea' id='block_1_5' title="bbox 383 5094 3467 5486">
    <p class='ocr_par' dir='ltr' id='par_1_6' title="bbox 383 5094 3467 5486">
     <span class='ocr_line' id='line_1_37' title="bbox 541 5094 3466 5179; baseline 0.002 -21"><span class='ocrx_word' id='word_1_357' title='bbox 541 5124 546 5129; x_wconf 86' lang='grc'><em>·</em></span> <span class='ocrx_word' id='word_1_358' title='bbox 604 5096 650 5175; x_wconf 84' lang='lat'><strong>¹)</strong></span> <span class='ocrx_word' id='word_1_359' title='bbox 697 5096 1078 5159; x_wconf 79' lang='lat' dir='ltr'><strong>Gwilerinum</strong></span> <span class='ocrx_word' id='word_1_360' title='bbox 1133 5094 1266 5160; x_wconf 70' lang='lat' dir='ltr'><strong>aod</strong></span> <span class='ocrx_word' id='word_1_361' title='bbox 1307 5094 1501 5161; x_wconf 78' lang='lat' dir='ltr'><strong>Rozr.</strong></span> <span class='ocrx_word' id='word_1_362' title='bbox 1550 5095 1603 5177; x_wconf 75' lang='lat'><strong>¹)</strong></span> <span class='ocrx_word' id='word_1_363' title='bbox 1647 5098 1930 5160; x_wconf 87' lang='lat' dir='ltr'><strong>Poloniae</strong></span> <span class='ocrx_word' id='word_1_364' title='bbox 1970 5098 2100 5160; x_wconf 86' lang='lat' dir='ltr'><strong>Rex</strong></span> <span class='ocrx_word' id='word_1_365' title='bbox 2156 5097 2307 5162; x_wconf 81' lang='lat' dir='ltr'><strong>G&#39;od.</strong></span> <span class='ocrx_word' id='word_1_366' title='bbox 2352 5097 2545 5164; x_wconf 79' lang='lat' dir='ltr'><strong>Rozr.</strong></span> <span class='ocrx_word' id='word_1_367' title='bbox 2607 5098 2663 5179; x_wconf 82' lang='lat'><strong>³)</strong></span> <span class='ocrx_word' id='word_1_368' title='bbox 2704 5120 2821 5162; x_wconf 87' lang='lat' dir='ltr'><strong>non</strong></span> <span class='ocrx_word' id='word_1_369' title='bbox 2867 5100 3041 5163; x_wconf 88' lang='lat' dir='ltr'><strong>modo</strong></span> <span class='ocrx_word' id='word_1_370' title='bbox 3083 5120 3295 5165; x_wconf 88' lang='lat' dir='ltr'><strong>nomen</strong></span> <span class='ocrx_word' id='word_1_371' title='bbox 3338 5100 3466 5165; x_wconf 78' lang='lat' dir='ltr'><strong>Ed.</strong></span> 
     </span>
     <span class='ocr_line' id='line_1_38' title="bbox 383 5193 3467 5285; baseline 0.002 -24"><span class='ocrx_word' id='word_1_372' title='bbox 383 5196 570 5282; x_wconf 76' lang='lat' dir='ltr'><strong>Lips.</strong></span> <span class='ocrx_word' id='word_1_373' title='bbox 619 5193 677 5282; x_wconf 79' lang='lat'><strong>⁴)</strong></span> <span class='ocrx_word' id='word_1_374' title='bbox 723 5199 1000 5261; x_wconf 75' lang='lat' dir='ltr'><strong>distantis</strong></span> <span class='ocrx_word' id='word_1_375' title='bbox 1045 5194 1197 5262; x_wconf 65' lang='lat' dir='ltr'><strong>Coa.</strong></span> <span class='ocrx_word' id='word_1_376' title='bbox 1241 5196 1434 5262; x_wconf 78' lang='lat' dir='ltr'><strong>Rozr.</strong></span> <span class='ocrx_word' id='word_1_377' title='bbox 1481 5196 1538 5283; x_wconf 75' lang='lat'><strong>⁶)</strong></span> <span class='ocrx_word' id='word_1_378' title='bbox 1583 5206 1744 5262; x_wconf 81' lang='lat' dir='ltr'><strong>esset</strong></span> <span class='ocrx_word' id='word_1_379' title='bbox 1790 5195 1942 5264; x_wconf 75' lang='lat' dir='ltr'><strong>Ood.</strong></span> <span class='ocrx_word' id='word_1_380' title='bbox 1985 5198 2179 5263; x_wconf 64' lang='lat' dir='ltr'><strong>Rom.</strong></span> <span class='ocrx_word' id='word_1_381' title='bbox 2228 5198 2282 5281; x_wconf 78' lang='lat'><strong>⁸)</strong></span> <span class='ocrx_word' id='word_1_382' title='bbox 2328 5202 2633 5263; x_wconf 80' lang='lat' dir='ltr'><strong>Gwilerini</strong></span> <span class='ocrx_word' id='word_1_383' title='bbox 2678 5198 2831 5264; x_wconf 77' lang='lat' dir='ltr'><strong>cod.</strong></span> <span class='ocrx_word' id='word_1_384' title='bbox 2876 5200 3068 5267; x_wconf 77' lang='lat' dir='ltr'><strong>Rozr.</strong></span> <span class='ocrx_word' id='word_1_385' title='bbox 3134 5203 3184 5285; x_wconf 85' lang='lat'><strong>⁷)</strong></span> <span class='ocrx_word' id='word_1_386' title='bbox 3228 5205 3467 5267; x_wconf 83' lang='lat' dir='ltr'><strong>feudum</strong></span> 
     </span>
     <span class='ocr_line' id='line_1_39' title="bbox 387 5296 3465 5389; baseline 0.002 -25"><span class='ocrx_word' id='word_1_387' title='bbox 387 5296 544 5365; x_wconf 68' lang='lat' dir='ltr'><strong>Coa.</strong></span> <span class='ocrx_word' id='word_1_388' title='bbox 589 5297 782 5362; x_wconf 79' lang='lat' dir='ltr'><strong>Rozr.</strong></span> <span class='ocrx_word' id='word_1_389' title='bbox 833 5298 884 5379; x_wconf 76' lang='lat'><strong>⁹)</strong></span> <span class='ocrx_word' id='word_1_390' title='bbox 931 5299 1249 5362; x_wconf 82' lang='lat' dir='ltr'><strong>Gwilerino</strong></span> <span class='ocrx_word' id='word_1_391' title='bbox 1297 5296 1449 5365; x_wconf 75' lang='lat'><strong><em>0001.</em></strong></span> <span class='ocrx_word' id='word_1_392' title='bbox 1493 5299 1686 5365; x_wconf 51' lang='grc' dir='ltr'><em>Βοῦν.</em></span> <span class='ocrx_word' id='word_1_393' title='bbox 1749 5300 1804 5381; x_wconf 78' lang='lat'><strong>⁹)</strong></span> <span class='ocrx_word' id='word_1_394' title='bbox 1847 5309 2016 5365; x_wconf 81' lang='lat' dir='ltr'><strong>tenor</strong></span> <span class='ocrx_word' id='word_1_395' title='bbox 2058 5304 2342 5379; x_wconf 81' lang='lat' dir='ltr'><strong>seqnitur.</strong></span> <span class='ocrx_word' id='word_1_396' title='bbox 2390 5298 2543 5367; x_wconf 72' lang='lat' dir='ltr'><strong>cod.</strong></span> <span class='ocrx_word' id='word_1_397' title='bbox 2580 5300 2775 5367; x_wconf 73' lang='lat' dir='ltr'><strong>Rozr.</strong></span> <span class='ocrx_word' id='word_1_398' title='bbox 2830 5302 2911 5389; x_wconf 62' lang='grc' dir='ltr'><strong>ι0)</strong></span> <span class='ocrx_word' id='word_1_399' title='bbox 2956 5306 3296 5369; x_wconf 79' lang='lat' dir='ltr'><strong>Petracensi</strong></span> <span class='ocrx_word' id='word_1_400' title='bbox 3338 5306 3465 5372; x_wconf 78' lang='lat' dir='ltr'><strong>Ed.</strong></span> 
     </span>
     <span class='ocr_line' id='line_1_40' title="bbox 385 5398 2703 5486; baseline 0.001 -22"><span class='ocrx_word' id='word_1_401' title='bbox 385 5400 572 5486; x_wconf 78' lang='lat' dir='ltr'><strong>Lips.</strong></span> <span class='ocrx_word' id='word_1_402' title='bbox 628 5400 708 5481; x_wconf 85' lang='lat'><strong>¹¹)</strong></span> <span class='ocrx_word' id='word_1_403' title='bbox 753 5401 1150 5464; x_wconf 81' lang='lat' dir='ltr'><strong>Withawdum</strong></span> <span class='ocrx_word' id='word_1_404' title='bbox 1195 5398 1348 5467; x_wconf 74' lang='lat' dir='ltr'><strong>cod.</strong></span> <span class='ocrx_word' id='word_1_405' title='bbox 1393 5400 1584 5467; x_wconf 77' lang='lat' dir='ltr'><strong>Rozr.</strong></span> <span class='ocrx_word' id='word_1_406' title='bbox 1639 5402 1718 5485; x_wconf 76' lang='lat'><strong>¹⁹)</strong></span> <span class='ocrx_word' id='word_1_407' title='bbox 1765 5422 2036 5482; x_wconf 82' lang='lat' dir='ltr'><strong>quaeque</strong></span> <span class='ocrx_word' id='word_1_408' title='bbox 2079 5424 2277 5467; x_wconf 84' lang='lat' dir='ltr'><strong>eoram</strong></span> <span class='ocrx_word' id='word_1_409' title='bbox 2326 5400 2479 5469; x_wconf 77' lang='lat' dir='ltr'><strong>cod.</strong></span> <span class='ocrx_word' id='word_1_410' title='bbox 2527 5399 2703 5469; x_wconf 76' lang='lat' dir='ltr'><strong>oazv.</strong></span> 
     </span>
    </p>
   </div>
  </div>
 </body>
</html>
