4342 6384
837 556 984 629 182
2019 577 2247 630 LIBER
2297 578 2753 630 UNDEcnms.
3386 553 3519 654 (Α.
3559 551 3652 626 ῠ.
3692 551 3921 650 1414.)

833 760 1271 854 Sigismundi
1324 762 1793 835 Romanorum
1857 766 1930 834 et
1983 761 2387 855 Hungariae
2450 761 2669 855 Regis
2732 761 3165 848 solicitatus,
3230 765 3544 834 avertere
3598 760 3921 853 graviora

734 953 743 962 ,
832 881 1016 953 mala
1069 882 1308 972 Regno
1347 881 1752 973 Hungariae
1805 903 1846 953 a
1880 882 2126 954 Turcis
2165 881 2673 974 impendentia,
2715 881 2786 953 in
2825 881 3133 953 animum
3170 880 3539 969 inducenS,
3596 881 3685 952 ad
3720 901 3919 972 prae·

832 1002 1053 1072 fatum
1110 1001 1486 1072 Turcorum
1541 1001 1901 1074 Caesarem
1958 1001 2231 1075 Cristen
2286 1002 2461 1074 duos
2516 1000 2778 1074 milites
2827 1023 3023 1087 suos,
3082 999 3411 1074 videlicet
3446 1001 3921 1074 Skarbkonem

830 1120 916 1192 de
969 1118 1134 1192 Gori
1190 1124 1261 1192 et
1297 1119 1706 1212 Gregorium
1749 1121 1801 1208 ¹)
1839 1123 2224 1194 Armenum
2280 1120 2537 1208 mit-tit,
2596 1141 2848 1212 rogans
2904 1125 2975 1194 et
3009 1120 3370 1212 requirens
3425 1120 3920 1211 Imperatorem

833 1240 1245 1312 Turcorum:
1321 1242 1666 1330 quatenus
1721 1240 1806 1312 ab
1863 1239 2227 1313 invasione
2288 1246 2359 1314 et
2414 1239 2807 1312 vastatione
2870 1239 3099 1333 Regni
3152 1241 3557 1332 Hungariae
3612 1239 3919 1332 quiesce·

830 1363 970 1446 ret,
1030 1363 1098 1431 et
1154 1359 1474 1431 omnibus
1529 1359 1830 1450 captivis
1885 1359 1958 1432 in
2013 1359 2413 1433 libertatem
2467 1359 2854 1446 restitutis,
2912 1359 2985 1431 in
3034 1381 3251 1434 annos
3307 1381 3432 1434 sex
3486 1380 3643 1432 cum
3682 1361 3921 1452 Regno

831 1477 1238 1570 Hungariae
1291 1483 1574 1572 treugas
1629 1480 1968 1567 firmaret3
2033 1480 2461 1553 comminans
2516 1485 2587 1554 et
2640 1461 3062 1553 denuntians
3118 1501 3225 1568 se,
3282 1480 3345 1552 si
3398 1479 3471 1551 id
3526 1481 3751 1553 facere
3803 1480 3918 1551 de-

832 1601 1195 1686 trectaret,
1249 1603 1536 1690 propter
1590 1599 1890 1672 foederis
1946 1607 2017 1672 et
2071 1601 2469 1693 sanguiniS,
2526 1622 2703 1693 quae
2756 1600 2897 1674 sibi
2949 1621 3109 1673 cum
3164 1599 3615 1692 Sigismundo
3669 1600 3919 1672 Roma-

832 1739 1077 1790 norum
1143 1723 1213 1790 et
1265 1718 1673 1811 Hungariae
1737 1720 1927 1812 Rege
1997 1725 2147 1793 erat
2178 1718 2267 1809 2),
2334 1719 2916 1807 communionem,
2990 1724 3233 1792 contra
3294 1719 3500 1791 illum
3564 1740 3723 1791 cum
3776 1717 3921 1790 suis

833 1837 1155 1910 omnibus
1207 1838 1596 1930 pontentiis
1652 1843 2282 1913 consurrecturum.
2356 1841 2731 1912 Turcorum
2786 1844 3019 1912 autem
3073 1839 3325 1912 Caesar
3376 1838 3681 1926 Cristen,
3748 1860 3917 1908 nun-

835 1955 960 2030 tiis
997 1956 1214 2049 regiis
1267 1957 1564 2050 benigne
1621 1959 1934 2051 exceptis
1991 1965 2061 2031 et
2113 1959 2409 2047 habitis,
2468 1953 2679 2032 etiam
2732 1958 3120 2032 liberaliter
3166 1979 3315 2046 eos,
3372 1956 3918 2030 administrando

834 2075 1116 2168 singula
1169 2077 1592 2166 necessaria,
1649 2078 2016 2166 tractavit,
2087 2079 2525 2169 frequentius
2580 2099 2854 2170 quoque
2910 2098 3143 2150 secum
3198 2077 3469 2170 epulari
3524 2076 3761 2148 iussit.
3836 2077 3919 2148 In

833 2194 1137 2288 singulis
1191 2201 1426 2270 autem
1458 2196 1544 2286 ³),
1619 2219 1744 2289 pro
1809 2198 2064 2290 quibus
2131 2219 2172 2269 a
2226 2197 2618 2270 Wladislao
2682 2196 3015 2270 Poloniae
3078 2197 3269 2288 Rege
3303 2200 3615 2286 rogatus
3682 2199 3755 2268 et
3816 2216 3917 2268 re-

834 2314 1142 2407 quisitus
1207 2321 1387 2405 erat,
1463 2338 1538 2391 se
1607 2319 2057 2390 monstrando
2129 2317 2582 2408 morigerum,
2654 2321 2724 2390 et
2789 2321 3223 2390 cessaturum
3278 2337 3351 2388 se
3404 2315 3492 2388 ab
3556 2314 3912 2388 inferendo

831 2435 1016 2508 bello
1073 2441 1144 2509 et
1197 2435 1640 2510 sufferentias
1705 2437 1778 2508 in
1833 2459 2051 2510 annos
2111 2457 2235 2510 sex
2290 2439 2727 2510 firmaturum
2784 2457 2939 2510 cum
2994 2433 3379 2526 Hungaris,
3435 2434 3639 2509 offert
3694 2439 3766 2508 et
3814 2456 3915 2508 re-

831 2553 1206 2645 promittit.
1279 2557 1367 2628 In
1421 2556 1819 2631 evidentius
1873 2563 2106 2630 autem
2171 2557 2550 2630 oblationis
2614 2577 2781 2629 suae
2833 2556 3067 2645 robur,
3134 2559 3359 2627 certos
3414 2555 3703 2626 nuntios
3760 2575 3917 2626 suos

821 2695 990 2746 cum
1047 2674 1261 2768 regiis
1315 2675 1588 2749 nuntiis
1643 2676 1729 2749 ab
1767 2697 1846 2750 eo
1903 2676 2319 2764 muneratis,
2374 2676 2461 2748 ad
2500 2675 2909 2748 firmandum
2964 2674 3307 2766 promissa
3359 2674 3433 2746 in
3488 2673 3918 2766 Hungariam

829 2793 1280 2867 transmittit.
1337 2797 1522 2869 Dum
1577 2800 1810 2868 autem
1867 2796 2081 2868 simul
2134 2818 2277 2868 una
2330 2797 2403 2868 in
2456 2794 2891 2888 Hungariam
2946 2794 3427 2886 procederent,
3486 2791 3803 2866 Skarbek
3836 2794 3917 2867 de

833 2911 1002 2986 Gori
1055 2913 1142 2986 ab
1195 2913 1346 2986 illis
1407 2937 1531 3006 per
1583 2915 1994 2988 Valachiam
2058 2916 2341 2990 rectiori
2408 2915 2525 2987 via
2585 2915 2673 2988 ad
2728 2914 3195 2988 wladislaum
3262 2911 3597 2986 Poloniae
3661 2913 3916 3006 Regem

831 3037 1294 3123 perventurus
1357 3039 1427 3106 et
1481 3034 1616 3106 sibi
1648 3035 1710 3122 ⁴)
1775 3035 2087 3128 singula,
2164 3056 2342 3128 quae
2405 3035 2877 3124 ordinaverat,
2945 3033 3432 3125 expositurus,
3500 3033 3913 3120 diverterat;

833 3150 1212 3244 Gregorius
1267 3173 1430 3226 vero
1487 3157 1834 3228 Armenus
1889 3156 2070 3228 alter
2121 3155 2469 3247 regiorum
2524 3156 2961 3242 nuntiorum,
3019 3155 3401 3228 Turcorum
3454 3153 3731 3226 nuntiis
3784 3173 3917 3224 non

832 3271 1253 3345 audentibus
1306 3273 1381 3345 in
1417 3274 1852 3367 Hungariam
1909 3275 2060 3350 sine
2100 3277 2297 3348 salvo
2352 3276 2697 3350 conductu
2753 3275 3073 3367 progredi
3126 3279 3197 3348 et
3240 3273 3313 3345 in
3352 3273 3559 3346 metis
3614 3270 3918 3345 Dominii

832 3391 1210 3465 Turcorum
1263 3395 1818 3482 remanentibus,
1886 3396 1959 3470 in
2013 3395 2423 3487 Hungariae
2482 3397 2801 3488 Regnum
2867 3395 2951 3466 ad
3015 3393 3517 3486 expediendam
3584 3392 3914 3466 securita-

831 3514 970 3592 tem
1025 3512 1403 3585 Turcorum
1459 3514 1730 3586 nuntiis
1785 3516 2150 3606 processit.
2211 3515 2467 3587 Verum
2524 3536 2679 3588 cum
2735 3515 2822 3586 ad
2858 3513 3193 3605 Piponem
3248 3515 3331 3584 de
3370 3511 3591 3585 Ozora
3648 3513 3915 3584 Banum

830 3631 1342 3704 Temesiensem
1371 3632 1457 3722 5),
1523 3634 1617 3724 (is
1673 3634 1859 3706 enim
1915 3634 2051 3707 sibi
2104 3633 2406 3725 primum
2464 3655 2549 3706 ex
2596 3634 2973 3706 baronibus
3027 3632 3433 3724 Hungariae
3496 3634 3915 3718 occurrerat)

831 3750 1268 3841 pervenisset
1321 3756 1393 3824 et
1447 3751 1678 3843 ipsum
1731 3755 2080 3845 patefacto
2133 3775 2363 3826 rerum
2394 3753 2480 3843 ⁶),
2538 3775 2713 3845 quas
2770 3752 2953 3845 apud
3003 3753 3302 3826 Turcum
3356 3757 3756 3844 gesserant,
3812 3771 3913 3822 or-

832 3869 1024 3958 dine,
1081 3871 1165 3942 de
1219 3871 1444 3944 dando
1499 3873 1696 3945 salvo
1752 3851 2096 3946 conductu
2151 3875 2533 3945 Turcorum
2597 3873 2867 3946 nuntiis
2930 3872 3450 3966 requisivisset,
3525 3892 3665 3944 non
3722 3891 3914 3944 secus

833 4009 1040 4078 quam
1095 3987 1494 4081 explorator
1549 3999 1617 4065 et
1671 3993 1898 4064 hostis
1953 3993 2038 4064 ab
2093 3993 2331 4065 eodem
2386 3993 2653 4085 Pipone
2708 4000 2956 4085 captus
3012 3997 3119 4066 est
3174 3999 3243 4065 et
3298 3992 3369 4063 in
3422 3991 3708 4064 vincula
3760 4012 3913 4063 con-

832 4107 1096 4196 iectuS,
1154 4130 1526 4202 omnesque
1579 4133 1723 4199 ree,
1790 4111 2022 4184 vestes
2088 4119 2157 4184 et
2214 4113 2524 4186 sarcinae
2588 4135 2790 4201 suae,
2856 4133 3077 4205 usque
3142 4112 3227 4184 ad
3294 4112 3913 4184 calceamentorum

831 4225 1200 4319 corrigiam
1230 4230 1316 4318 ⁷),
1389 4250 1475 4302 ne
1548 4231 1715 4322 quid
1789 4231 2150 4305 literarum
2214 4255 2257 4304 a
2319 4233 2597 4322 TurciS,
2672 4235 2787 4305 vel
2862 4231 2935 4304 in
3011 4254 3247 4306 eorum
3316 4233 3620 4304 favorem
3686 4231 3913 4314 ferret,

835 4350 1186 4420 scrutatae
1240 4355 1310 4420 et
1365 4349 1646 4424 incisae.
1704 4353 2003 4443 Propter
2055 4352 2237 4443 quod
2293 4352 2673 4425 Turcorum
2729 4353 2961 4424 nuntii
3015 4352 3343 4445 praefati,
3412 4349 3733 4443 Gregorii
3788 4350 3913 4422 Ar-

835 4465 1017 4538 meni
1072 4467 1483 4558 captivitate
1545 4475 1616 4544 et
1669 4471 2082 4564 ignominia,
2149 4493 2287 4562 qua
2341 4493 2381 4542 a
2434 4472 2701 4563 Pipone
2756 4473 3212 4560 tractabatur,
3277 4475 3661 4562 comperta,
3731 4471 3913 4543 velo-

835 4585 984 4657 cius
1037 4587 1438 4674 redeuntes‚
1497 4591 1739 4663 maiori
1795 4592 2211 4663 crudelitate
2266 4591 2339 4662 in
2396 4593 2769 4684 Hungaros
2825 4597 3203 4683 coeperunt
3257 4591 3543 4664 saevire.
3603 4589 3743 4664 Sed
3797 4609 3917 4662 nec

835 4703 1273 4778 Wladislaus
1327 4709 1658 4781 Poloniae
1713 4711 1868 4784 Rex
1923 4717 2194 4802 strages
2270 4715 2340 4784 et
2393 4710 2823 4783 vastationes
2888 4711 3293 4804 Hungariae
3362 4716 3525 4802 post
3578 4733 3619 4782 a
3672 4708 3914 4782 Turcis

836 4829 1109 4897 secutas
1175 4826 1617 4919 intercipere,
1694 4830 2013 4920 quamvis
2069 4829 2559 4922 multipliciter
2622 4830 2709 4901 ab
2764 4831 3257 4922 Hungarorum
3310 4830 3691 4903 baronibus
3746 4829 3910 4900 soli·

836 4942 1125 5033 citatus,
1183 4947 1554 5037 sustinuit,
1618 4949 1882 5039 pudore
1947 4955 2016 5022 et
2067 4950 2399 5024 dedecore
2464 4951 2600 5023 sibi
2664 4955 2735 5023 et
2800 4971 2926 5022 suo
2990 4951 3238 5023 nuntio
3306 4949 3639 5042 Gregorio
3713 4949 3910 5020 illato

1053 5233 1098 5313 ¹)
1144 5235 1464 5313 Georgium
1511 5234 1663 5301 Cod.
1698 5233 1874 5301 Calv.
1925 5239 1976 5318 ²)
2022 5246 2160 5302 sunt
2202 5239 2327 5302 Ed.
2361 5238 2541 5324 Lips.
2591 5239 2643 5320 ³)
2691 5260 2831 5302 vero
2882 5229 3033 5302 Cod.
3066 5238 3257 5302 Rozr.
3308 5237 3361 5314 ⁴)
3409 5239 3496 5298 illi
3548 5233 3698 5301 Cod.
3726 5235 3913 5300 Rozr.

843 5333 896 5406 ⁵)
943 5335 1496 5401 Themeschiensem
1555 5339 1680 5402 Ed.
1729 5338 1908 5432 Lips.
1979 5339 2035 5426 ⁸)
2079 5349 2140 5411 et
2182 5345 2359 5412 rebus
2418 5345 2623 5410 ordine
2682 5343 2997 5443 patefactis
3066 5341 3218 5404 ood.
3274 5339 3465 5408 Rozr.
3538 5339 3589 5422 ⁷)
3638 5343 3917 5418 corrigias

845 5433 996 5510 Cod.
1029 5437 1218 5509 Bozr,
