4342 6384
854 525 950 596 22
2037 540 2264 597 menn
2324 543 2785 597 unnncnms.
3425 518 3563 620 (D.
3600 518 3689 593 Α.
3721 514 3982 614 mlo.)

848 729 1062 819 perba
1128 734 1198 801 et
1262 728 1630 802 fastidiosa
1668 729 1722 819 ¹)
1785 734 2067 822 pectora
2131 732 2693 803 consecuturum.
2781 731 2868 801 In
2939 734 3060 802 tuo
3136 729 3373 820 itaque
3436 726 3746 816 nomine,
3820 747 3971 818 pro

849 847 1250 921 defensione
1304 848 1622 925 iustitiae
1677 855 1746 921 et
1797 849 2030 941 gentis
2087 870 2313 937 111666,
2385 849 2727 923 vexillum
2784 849 2977 922 istud
3033 849 3357 923 extendo.
3433 850 3569 936 Tu,
3626 848 3969 940 piissime

846 968 1069 1040 Deus!
1127 969 1306 1042 velis
1347 969 1519 1041 mihi
1574 974 1644 1041 et
1697 970 1956 1061 populo
1995 990 2143 1043 meo
2200 969 2550 1062 propitius
2606 990 2759 1043 esse
2813 970 3131 1043 defensor
3187 975 3256 1042 et
3310 969 3617 1041 adiutor:
3675 974 3962 1041 616611-

841 1088 1124 1181 guinem
1163 1090 1585 1163 catholicum
1641 1091 1874 1162 fusum
1931 1095 1999 1163 et
2040 1090 2490 1178 fundendum,
2550 1111 2687 1162 non
2742 1091 2827 1165 de
2864 1110 3048 1178 6166,
3108 1089 3230 1162 6611
3287 1090 3372 1163 116
3409 1088 3720 1162 1166116111
3759 1109 3959 1160 meo-

842 1230 997 1280 rum
1054 1208 1376 1282 manibus
1407 1209 1493 1297 2),
1569 1209 1692 1300 qui
1756 1210 1830 1281 id
1893 1210 2335 1283 concitarunt
2400 1217 2468 1283 et
2532 1212 2734 1283 alunt
2798 1211 3096 1297 bellum,
3164 1210 3502 1301 requiras.
3578 1211 3653 1281 Is
3719 1230 3959 1280 sermo

843 1327 916 1399 in
982 1349 1062 1401 ea
1124 1329 1493 1405 devotione
1565 1334 1636 1401 et
1699 1330 2137 1418 humilitate,
2208 1331 2757 1422 sonoritateque,
2825 1336 2907 1402 ut
2969 1353 3011 1403 a
3073 1330 3571 1404 circumstante
3635 1328 3957 1401 militnm

843 1447 1170 1521 concione
1227 1449 1548 1523 exaudiri
1584 1455 1855 1540 posset,
1915 1471 1955 1522 a
1991 1451 2183 1543 Rege
2237 1452 2691 1543 depromptus
2730 1457 2869 1538 est,
2927 1472 3216 1543 magnae
3252 1450 3439 1542 parti
3494 1450 3845 1524 exercitus
3875 1446 3953 1536 ³)

844 1569 1157 1642 excussit
1221 1569 1578 1642 lacrimas:
1656 1570 2094 1663 vidissesque
2159 1571 2592 1664 singultibus
2658 1580 2727 1645 et
2789 1570 3099 1645 lacrimis
3163 1570 3504 1662 plurimos
3568 1569 3945 1661 indulgen-

843 1692 973 1761 tes.
1050 1689 1286 1762 Simili
1360 1711 1633 1783 quoque
1709 1691 2075 1764 devotione
2141 1692 2303 1763 Dux
2369 1692 2664 1784 Magnus
2719 1690 3142 1764 Lithuaniae
3207 1691 3632 1776 Alexander,
3709 1691 3948 1761 Duces

841 1807 1131 1900 insuper
1185 1810 1538 1883 Masoviae
1591 1816 1663 1884 61
1715 1812 2010 1884 barones
2063 1811 2399 1885 Poloniae
2452 1811 2525 1883 in
2566 1832 2849 1883 suorum
2905 1811 3315 1885 extensione
3371 1810 3730 1903 signorum
3785 1814 3944 1880 nte-

842 1929 1121 2002 bantur.
1182 1929 1450 2020 Quibus
1506 1930 1875 2004 dissolutis
1931 1938 2002 2004 et
2057 1931 2405 2019 extensis,
2463 1931 2839 2004 universus
2894 1932 3247 2004 exercitus
3301 1929 3607 2022 patrium
3665 1950 3946 2002 carmen

841 2050 1063 2142 13686
1107 2049 1514 2126 Rodzicza
1569 2051 1799 2143 coepit
1849 2051 2241 2125 vociferari.
2302 2051 2637 2124 Omnibus
2674 2057 2909 2124 autem
2950 2051 3278 2125 Bohemis
3316 2056 3384 2123 et
3421 2049 3758 2137 Moravis‚
3816 2049 3947 2140 qui

839 2169 1181 2242 bellorum
1236 2170 1445 2262 periti
1499 2172 1950 2262 putabantur,
2019 2193 2257 2244 curam
2327 2178 2398 2245 et
2453 2171 2959 2244 ordinationem
3024 2171 3375 2244 exercitus
3447 2169 3623 2263 regii
3687 2175 3759 2241 et
3810 2170 3941 2241 du-

841 2288 1100 2361 calium
1157 2289 1540 2382 suscipere,
1600 2296 1670 2364 et
1706 2291 2058 2384 Principis
2115 2291 2413 2365 militiae
2470 2292 2775 2365 officium
2813 2314 3083 2385 gerere,
3141 2313 3227 2364 66
3266 2291 3339 2362 16
3375 2291 3689 2383 ipsorum
3728 2296 3944 2381 caput

839 2431 1084 2500 parum
1137 2431 1464 2501 prospere
1518 2411 1869 2485 ductionis
1935 2412 2273 2485 recideret
2302 2414 2366 2501 ⁴)
2423 2418 2751 2501 eventus,
2821 2418 3106 2504 propter
3158 2412 3309 2485 eius
3377 2412 3626 2485 molem
3685 2416 3755 2483 et
3808 2433 3939 2481 nu-

840 2529 1312 2603 merositatem
1377 2531 1938 2620 fastidientibus,
2015 2553 2182 2605 cura
2246 2539 2316 2606 et
2380 2533 2725 2607 ordinatio
2793 2533 2991 2606 illius
3057 2532 3425 2604 Zindramo
3479 2531 3565 2603 de
3619 2532 3937 2604 116611116-

840 2649 1046 2723 wicze
1099 2649 1439 2742 gladifero
1495 2651 1971 2741 cracoviensi,
2028 2653 2254 2726 nobili
2308 2654 2393 2726 de
2430 2654 2631 2726 domo
2687 2675 2865 2745 quae
2902 2654 3134 2727 Solem
3188 2674 3313 2744 pro
3370 2650 3633 2744 insigni
3688 2652 3937 2739 defert,

838 2770 1164 2844 mandata
1216 2776 1357 2860 est,
1415 2771 1567 2844 viro
1605 2772 1886 2863 quidem
1943 2778 2218 2845 statura
2272 2794 2512 2864 parvo,
2571 2773 2692 2845 sed
2751 2773 3008 2846 factive
3064 2779 3135 2845 et
3170 2772 3515 2845 animoso:
3574 2793 3713 2844 non
3750 2770 3937 2844 enim

836 2889 1095 2981 aliquis
1151 2911 1238 2963 ex
1296 2891 1626 2963 Bohemis
1682 2896 1752 2964 et
1807 2892 2112 2964 Moravis
2180 2892 2363 2984 apud
2417 2894 2679 2984 Regem
2735 2892 3162 2965 merentibus
3218 2897 3493 2964 tantum
3549 2891 3936 2964 exercitum

835 3009 1201 3101 providere
1273 3015 1343 3083 et
1403 3031 1643 3103 regere
1707 3012 2124 3085 aestimabat
2190 3033 2264 3085 se
2326 3011 2673 3085 idoneum.
2756 3013 3090 3086 Extensis
3164 3012 3403 3103 itaque
3475 3011 3549 3083 in
3620 3012 3937 3102 praefata

837 3129 1134 3221 planitie
1200 3130 1456 3223 618616,
1510 3132 1854 3222 processit
1907 3132 2346 3205 Wladislaus
2400 3133 2733 3205 Poloniae
2787 3133 2974 3221 Reiz,
3043 3138 3111 3205 61
3165 3132 3277 3205 die
3333 3132 3461 3204 illa
3522 3132 3709 3204 inter
3760 3132 3935 3203 duos

837 3251 1063 3338 16666,
1121 3271 1415 3342 quorum
1470 3256 1765 3325 vocatur
1817 3274 2001 3325 unus
2040 3253 2365 3340 Tsczino,
2422 3254 2604 3325 alter
2649 3254 2971 3339 Chelsth,
3029 3275 3242 3345 prope
3297 3252 3628 3344 oppidum
3685 3252 3932 3323 Luter-

838 3370 1004 3462 berg
1034 3370 1119 3460 5),
1187 3371 1325 3443 iam
1389 3392 1511 3462 per
1572 3377 1816 3464 gentes
1884 3395 2048 3445 suas
2114 3373 2495 3464 spoliatum
2560 3378 2629 3447 et
2694 3378 3054 3462 exustum,
3130 3379 3360 3446 castra
3430 3376 3735 3445 metatus
3801 3374 3931 3441 est.

834 3490 1145 3583 Contigit
1200 3496 1432 3563 antem
1488 3490 1600 3564 die
1655 3492 1785 3564 illa
1839 3515 2128 3580 novum,
2190 3493 2723 3585 inauditumque
2778 3494 3289 3585 spectaculum:
3365 3492 3530 3563 dum
3587 3488 3932 3581 siquidem

834 3611 1257 3684 Polonorum
1321 3632 1637 3702 proceres
1703 3617 1774 3685 et
1837 3613 2104 3686 milites
2171 3613 2490 3686 viderent
2552 3614 2944 3686 Lithuanos
3010 3618 3079 3685 61
3135 3614 3511 3698 Thartaros
3578 3611 3651 3682 16
3716 3610 3929 3682 66616-

837 3731 1097 3803 61616111
1155 3730 1414 3823 spolia,
1483 3731 1554 3803 in
1613 3737 2085 3806 matronarum
2152 3739 2224 3806 61
2280 3733 2630 3825 virginum
2688 3733 3135 3826 oppresiones
3189 3730 3545 3806 barbarice
3600 3730 3930 3823 grassari,

838 3856 907 3922 61
961 3851 1034 3922 16
1089 3850 1454 3923 6616611616
1509 3852 1843 3925 ecclesiae
1908 3852 2132 3944 spolio
2198 3852 2520 3944 Corporis
2582 3853 3012 3926 divinissimi
3068 3854 3593 3926 Sacramentum
3660 3872 3748 3923 ex
3821 3872 3930 3919 sa-

836 3970 1059 4043 crario
1131 3970 1431 4044 eiectum
1507 3972 1812 4045 ludibrio
1886 3977 1957 4043 et
2019 3974 2381 4063 despectui
2454 3973 2731 4060 haberi,
2807 3972 3204 4046 vehementi
3268 3972 3698 4044 intrinsecus
3763 3967 3932 4042 tacti

833 4091 1102 4194 dolore,
1160 4090 1372 4163 veriti
1413 4112 1688 4182 quoque
1743 4092 1829 4164 ob
1867 4113 1985 4164 666
2041 4092 2594 4166 abominationes
2651 4114 2724 4166 66
2763 4099 2833 4165 61
2871 4092 3277 4165 universum
3318 4091 3707 4164 exercitum
3746 4112 3786 4160 a
3823 4088 3928 4159 iu-

835 4216 944 4281 sto
1001 4210 1132 4284 Dei
1188 4209 1446 4283 iudicio
1499 4211 1730 4282 ultum
1785 4211 1908 4299 iri,
1967 4212 2224 4283 iterata
2278 4213 2562 4303 querela
2617 4212 3089 4292 Wladislaum
3155 4212 3414 4304 Regem
3471 4210 3806 4283 Poloniae
3861 4216 3932 4279 et

837 4330 1317 4402 Alexandrum
1373 4332 1635 4403 Ducem
1674 4331 2003 4423 Magnum
2041 4330 2464 4404 Lithuaniae
2518 4331 2975 4419 conveniunt,
3036 4331 3488 4404 crudelitates
3535 4328 3931 4403 barbaricas

836 4449 1284 4541 depromunt,
1343 4455 1734 4523 asserentes
1791 4472 1865 4523 se
1920 4451 2117 4538 illas,
2179 4451 2251 4522 ni
2290 4452 2713 4544 abrogentur
2769 4456 2840 4524 et
2876 4451 3111 4524 debita
3162 4452 3565 4542 plectantur
3622 4448 3926 4520 animad-

837 4569 1188 4657 versione,
1247 4570 1444 4641 nullo
1499 4575 1702 4661 pacto
1760 4572 2212 4659 16161616166,
2270 4577 2342 4643 61
2395 4593 2520 4644 666
2573 4572 2660 4643 611
2717 4572 2947 4663 61866,
3006 4592 3227 4662 neque
3284 4571 3372 4643 ad
3428 4569 3737 4656 ordineS,
3793 4566 3929 4637 nisi

834 4690 1104 4763 ultione
1160 4689 1396 4762 debita
1453 4696 1725 4778 secuta,
1784 4691 2030 4764 116166.
2102 4692 2408 4782 Quorum
2463 4692 2882 4764 clamoribus
2938 4698 3007 4765 et
3060 4690 3438 4764 invectivis
3494 4687 3927 4762 sermonibus

834 4809 1272 4882 Wladislaus
1329 4811 1484 4884 Rex
1540 4811 1954 4897 calefactus,
2020 4812 2475 4885 ecclesiarum
2541 4812 2953 4903 spoliatores
3020 4816 3091 4884 et
3146 4809 3579 4885 Sacramenti
3636 4806 3923 4880 divinis·

834 4929 994 5001 simi
1051 4928 1580 5002 inhonoratores
1643 4930 1958 5022 perquiri
2016 4930 2531 5004 studiosissime
2588 4932 2800 5004 iussit
2828 4933 2918 5019 6).
2994 4930 3121 5003 Cui
3185 4952 3339 5003 cum
3398 4930 3533 5001 duo
3591 4925 3923 5002 Lithuani

832 5049 1056 5141 magis
1111 5051 1504 5142 culpabiles
1562 5050 1780 5123 oblati
1838 5050 2170 5137 fuissent,
2238 5050 2436 5123 iussu
2501 5050 2715 5123 Ducis
2772 5051 3008 5144 Magni
3062 5049 3485 5123 Lithuaniae
3542 5044 3921 5122 Alexandri

1055 5321 1095 5399 ¹)
1141 5323 1450 5399 fastigiosa
1497 5318 1660 5384 Cod.
1692 5320 1870 5384 Kost.
1918 5325 2185 5383 fastuosa
2240 5316 2389 5383 God.
2420 5321 2612 5384 Rozr.
2663 5320 2714 5401 ²)
2759 5341 2934 5383 manu
2978 5320 3101 5383 Ed.
3135 5320 3314 5405 Lips.
3366 5321 3418 5400 ³)
3465 5322 3747 5382 exercitui
3781 5315 3928 5381 Cod.

844 5423 1022 5489 Calv.
1072 5422 1128 5503 ⁴)
1171 5425 1396 5485 recidat
1441 5421 1593 5486 Cod.
1642 5423 1833 5486 Rozr.
1883 5424 1934 5504 ⁵)
1981 5426 2284 5501 Lutebcrg
2331 5421 2481 5489 Cod.
2513 5423 2705 5489 Rozr.
2753 5425 3181 5504 (Lautenburg)
3229 5423 3285 5504 ⁶)
3332 5426 3517 5487 duxit.
3569 5420 3723 5488 Cod.
3752 5418 3926 5486 Calv.
