4342 6384
915 598 1062 670 150
2115 622 2345 674 mnan
2396 601 2851 674 canuslnus·
3475 596 3609 698 (Α.
3650 598 3741 673 D.
3782 595 4009 696 1412.)

913 807 1305 895 specturuS.
1363 804 1456 876 Et
1507 807 1706 895 parte
1762 804 1980 896 Regis
2035 809 2247 896 atque
2304 805 2813 879 cruciferorum
2848 809 3246 898 praesente,
3305 805 3627 898 singulos
3665 809 4006 878 terrarum

769 969 788 994 .
910 923 1422 1031 praedictarum
1489 922 1672 996 situs
1737 923 2116 1016 diligenter
2178 946 2579 1014 recensens,
2655 925 3089 1018 investigans
3154 931 3224 998 et
3286 925 3732 1013 examinans,
3801 929 4009 1017 atque

913 1042 984 1114 in
1042 1042 1380 1134 scriptum
1434 1043 1792 1135 redigeuS,
1849 1049 2257 1118 muneratus
2312 1068 2353 1117 a
2406 1045 2599 1138 Rege
2654 1044 3045 1119 wladislao
3084 1049 3153 1118 et
3191 1046 3596 1118 Alexandro
3654 1047 3881 1132 Duce,
3936 1045 4005 1118 in

913 1161 1382 1254 Hungariam,
1441 1163 1604 1236 viva
1660 1165 1887 1237 ferens
1943 1164 2380 1254 testimonia,
2438 1165 2682 1255 rediit,
2739 1187 2865 1260 pro
2920 1186 3202 1254 causae,
3262 1187 3439 1258 quae
3494 1186 3651 1238 cum
3706 1165 4004 1238 Crucife-

911 1283 1011 1356 ris
1067 1284 1433 1376 agebatur,
1491 1283 1840 1360 decisione
1898 1283 2219 1360 faciliori.

1818 1639 2223 1712 nasciturum
2267 1641 2560 1712 haeresis
2604 1639 2845 1731 Progne
2891 1639 3113 1712 oritur.

1121 1886 1381 1960 Labem
1435 1885 1858 1960 haereticam
1912 1890 1984 1958 et
2037 1887 2276 1978 plures
2330 1885 2701 1979 pestiferos
2764 1906 3029 1962 errores
3077 1909 3119 1958 a
3164 1886 3476 1958 Iohanne
3530 1885 3728 1957 Huss
3770 1885 3825 1974 ¹)
3882 1907 3999 1957 na·

921 2005 1110 2078 tione
1165 2007 1502 2094 Bohemo‚
1559 2005 1635 2078 in
1687 2005 2024 2098 Pragensi
2079 2005 2369 2079 civitate
2424 2005 3048 2097 superseminatos,
3106 2007 3455 2078 Iohannes
3510 2006 3703 2096 Papa
3760 2004 4007 2078 vicesi-

923 2147 1084 2197 mus
1139 2125 1392 2198 tertius
1423 2124 1486 2215 2)
1544 2125 2059 2219 extirpaturuS,
2117 2126 2503 2198 Iohannem
2558 2125 2756 2198 tituli
2814 2125 3055 2198 Sancti
3100 2124 3296 2198 Petri
3332 2125 3718 2197 Diaconum
3776 2123 4006 2196 Cardi-

923 2246 1154 2317 nalem
1220 2245 1294 2317 in
1361 2245 1766 2318 Bohemiam
1831 2245 2294 2318 transmittit:
2370 2244 2491 2337 qui
2555 2267 2883 2337 processu
2949 2243 3264 2337 legitimo
3331 2250 3571 2316 contra
3632 2243 4013 2316 Iohannem

921 2365 1148 2452 Huss,
1189 2365 1449 2457 synodo
1482 2363 1543 2454 ³)
1581 2366 1766 2457 apud
1803 2366 2102 2458 Pragam
2139 2365 2214 2437 in
2250 2365 2364 2437 die
2404 2365 2644 2438 Sancti
2680 2365 2913 2438 Lucae
2949 2364 3244 2452 indicta,
3302 2364 3723 2450 instaurato,
3786 2363 4013 2455 ipsum

921 2489 1204 2576 propter
1269 2505 1553 2558 erronea
1616 2505 1744 2557 sua
1806 2485 2160 2576 dogmata,
2237 2489 2308 2556 et
2372 2485 2457 2556 ad
2522 2486 2859 2576 populum
2924 2481 3359 2575 frequentius
3422 2482 3880 2574 pronuntiata
3950 2487 4017 2556 et

923 2625 1132 2676 manu
1196 2627 1326 2678 sua
1388 2603 1811 2697 conscripta,
1878 2603 2349 2676 anathematis
2410 2604 2855 2695 processibus
2918 2603 3271 2695 percellit3
3338 2625 3380 2676 a
3434 2602 3691 2695 quibus
3749 2602 3876 2675 ille
3932 2603 4016 2673 ad

919 2723 1260 2797 iudicium
1316 2724 1586 2797 Summi
1639 2724 1769 2798 Dei
1820 2744 2240 2816 provocans,
2307 2725 2846 2816 appellationem
2912 2723 2986 2795 in
3041 2722 3273 2795 valvis
3337 2722 3575 2814 pontis
3638 2721 4017 2814 Pragensis

921 2843 1182 2936 affigit,
1241 2847 1311 2916 et
1365 2843 1439 2915 in
1493 2843 1620 2916 illa
1676 2865 1750 2916 se
1804 2847 2066 2916 extunc
2121 2848 2191 2916 et
2244 2843 2571 2934 deinceps
2635 2848 3039 2936 protegens,
3110 2842 3409 2916 ferocius
3474 2843 3548 2915 in
3602 2842 4013 2914 dehonesta-

923 2961 1184 3036 tionem
1233 2963 1434 3036 Sedis
1481 2961 1930 3055 Apostolicae
1969 2967 2038 3036 et
2077 2984 2361 3035 suorum
2398 2961 2905 3051 Cardinalium,
2964 2963 3254 3035 serendo
3292 2962 3627 3054 pestifera
3666 2962 4011 3053 dogmata,

923 3082 1404 3173 grassabatur,
1463 3081 1690 3155 maius
1743 3083 2133 3174 periculum
2188 3081 2384 3155 brevi
2438 3083 2786 3174 paritura,
2844 3103 3052 3174 quam
3082 3082 3145 3171 4)
3201 3081 3605 3156 Wenceslai
3640 3080 4013 3154 Bohemiae

924 3199 1140 3292 Regis
1193 3200 1528 3274 inlibrata
1581 3203 1669 3273 ad
1723 3203 1954 3274 omnia
2006 3202 2265 3275 levitas
2298 3201 2384 3292 5),
2440 3225 2577 3276 11011
2616 3224 2815 3278 secus
2864 3224 3073 3294 quam
3102 3204 3166 3292 θ)
3222 3203 3533 3275 calamus
3588 3200 3825 3274 ventis
3865 3221 4011 3272 suc-

923 3319 1331 3393 cedentibus
1386 3317 1732 3414 agitatus,
1787 3322 2181 3394 roborabat.

2142 3672 2355 3745 Elem
2398 3673 2812 3746 calidissima.

1131 3917 1324 3990 Anni
1377 3917 1590 3990 huius
1643 3918 1867 3990 hiems
1913 3917 2346 3992 calidissima
2384 3922 2453 3990 et
2491 3918 2753 4010 absque
2790 3919 3110 4009 exemplo
3148 3917 3235 3990 ab
3273 3917 3461 3990 omni
3496 3916 3783 3988 horrore
3828 3915 4008 4006 prui-

928 4057 1058 4108 nae
1121 4037 1382 4125 aliena,
1456 4037 1624 4109 adeo
1679 4042 1760 4109 ut
1813 4035 2275 4129 frigidissima
2325 4037 2515 4130 regio
2570 4037 2993 4110 Lithuanica
3048 4037 3233 4110 circa
3280 4035 3807 4110 Purificationis
3846 4035 4007 4107 San-

928 4159 1082 4228 ctae
1137 4155 1396 4228 Mariae
1427 4155 1488 4244 7)
1543 4158 1798 4228 festum
1855 4157 2042 4228 olera
2097 4160 2165 4229 et
2220 4156 2456 4244 florae,
2514 4157 2597 4230 de
2654 4156 2910 4248 quibus
2964 4177 3137 4228 usus
3184 4156 3573 4228 communis
3610 4155 4007 4240 habebatur,

927 4275 1347 4366 producenS‚
1387 4275 1598 4366 vulgo
1635 4296 1811 4366 pene
1846 4275 1921 4348 in
1959 4275 2405 4364 miraculum,
2445 4280 2657 4367 atque
2682 4281 2763 4348 ut
2790 4275 2931 4348 dici
2969 4276 3181 4362 solet,
3222 4275 3298 4348 in
3333 4275 3747 4368 religionem
3786 4273 4008 4345 fuerit.

1155 4562 1201 4643 ¹)
1248 4565 1451 4624 Husch
1503 4559 1652 4626 Cod.
1718 4559 1892 4627 C'alv.
1941 4561 1994 4644 ς3)
2027 4564 2320 4625 Iohannes
2350 4566 2517 4644 Papa
2544 4565 2757 4624 XXIV.
2792 4559 2945 4627 Cod.
2975 4562 3168 4626 Rozr.
3217 4562 3269 4633 ³)
3301 4563 3529 4640 synodo
3560 4562 3839 4622 videlicet
3871 4555 4011 4622 Cod.

931 4665 1123 4730 Rozr.
1183 4663 1236 4744 ⁴)
1283 4684 1436 4742 quae
1479 4667 1716 4743 quidem
1761 4669 2038 4743 dogmata
2084 4662 2236 4730 Cod.
2282 4664 2473 4731 Rozr.
2524 4663 2575 4748 ⁵)
2623 4667 2838 4728 lenitas
2886 4661 3039 4732 God.
3085 4664 3277 4729 Rozr.
3326 4661 3380 4746 ⁰)
3419 4671 3598 4742 atque
3642 4661 3793 4730 cod.
3826 4661 4004 4724 Rozr.

935 4769 985 4850 ¹¹)
1031 4770 1256 4831 Mariae
1299 4769 1564 4846 Virginis
1612 4764 1766 4830 Cod.
1812 4766 2006 4830 Rozr.
