4342 6384
224 603 231 608 '
339 597 473 702 (Α.
514 599 605 674 D.
645 581 900 698 1136.)
1501 621 1729 676 amun
1780 623 2295 678 nuonucnms.
3281 607 3424 679 577

340 807 655 882 tichristi
706 807 899 880 filius
916 864 933 897 ,
991 805 1377 899 sacrilegus
1431 811 1503 880 et
1556 807 1972 882 execrabilis
2026 807 2472 900 censebatur,
2530 809 3010 903 singularibus
3052 811 3437 885 honoribus

340 934 677 1021 exceptus
716 929 795 1017 ¹),
852 932 925 1001 et
978 927 1181 1019 quasi
1244 927 1438 1019 prior
1500 927 1857 1001 coronatio
1911 949 2041 1002 sua
2093 950 2342 1021 parum
2405 929 2644 1004 valida
2701 935 2772 1004 et
2824 931 3145 1024 legitima
3199 932 3436 1022 fuerit,

340 1047 597 1122 iterum
627 1046 689 1137 2)
744 1047 1134 1120 diademate
1188 1046 1339 1139 ipse
1370 1045 1432 1137 3)
1487 1047 1561 1120 in
1614 1049 1878 1142 Regem
1944 1049 2320 1123 Bohemiae
2381 1071 2507 1142 per
2557 1049 3034 1125 Philibertum
3097 1051 3435 1124 Constan-

344 1169 639 1242 tiensem
697 1167 1101 1260 episcopum
1157 1166 1453 1241 Concilii
1498 1167 1919 1243 Basiliensis
1954 1169 2299 1263 Legatum
2345 1171 2736 1262 praefatum
2765 1171 2828 1261 ⁴)
2883 1170 3270 1264 insignitus
3307 1177 3440 1262 ost,

342 1310 626 1363 consors
680 1309 845 1362 vero
900 1308 1029 1360 sua
1082 1287 1395 1360 Barbara
1439 1287 1515 1360 in
1551 1288 1917 1380 Reginam.
1973 1289 2414 1363 Philibertus
2467 1289 2620 1383 ipse
2673 1290 3044 1383 episcopus
3100 1290 3436 1365 Constan-

342 1410 594 1483 tiensis
632 1430 788 1482 oum
826 1407 1117 1500 collegis
1148 1406 1235 1497 5),
1293 1429 1334 1480 a
1379 1408 1689 1514 Concilio
1743 1409 2038 1499 misene,
2096 1409 2492 1484 instaurare
2520 1410 2584 1500 θ)
2639 1411 3093 1485 caerimonias
3155 1411 3439 1504 religio-

341 1531 455 1603 nis
518 1528 945 1602 christianae
1008 1533 1333 1618 conatus,
1400 1528 1775 1602 resistente
1839 1529 2240 1602 Rokiczana
2306 1537 2378 1603 et
2429 1531 2579 1603 suis
2611 1531 2708 1621 ⁷),
2774 1551 3068 1623 parvum
3133 1533 3440 1605 fructum

345 1651 522 1744 egit,
582 1649 896 1743 quinimo
934 1669 1143 1741 saepe
1180 1669 1415 1722 necem
1452 1648 1742 1743 Legatis
1778 1649 2180 1722 Rokiczana
2207 1649 2272 1740 ⁸)
2326 1671 2451 1742 per
2495 1651 2792 1724 insidias
2829 1651 3268 1725 machinatus
3309 1656 3441 1725 est.

343 1769 768 1843 Monasterio
824 1768 1069 1842 Sancti
1123 1768 1361 1843 Iacobi
1416 1769 1683 1842 ordinis
1738 1769 2069 1844 Fratrum
2123 1770 2470 1844 minorum
2524 1772 2916 1864 Imperator
2967 1771 3043 1844 in
3097 1793 3296 1845 suam
3333 1771 3438 1845 di-

343 1891 605 1964 tionem
657 1891 971 1979 redacto,
1028 1889 1180 1962 illic
1235 1890 1479 1964 divina
1530 1889 1843 1981 audivit,
1902 1896 1972 1964 ot
2024 1890 2209 1964 illud
2261 1891 2634 1966 Fratribus
2671 1892 3059 1966 minoribus
3095 1892 3440 1965 restituit.

344 2011 673 2085 Canonici
727 2009 1149 2084 cathedralis
1206 2010 1573 2100 ecclesiae,
1638 2010 1918 2100 vicarii,
1985 2009 2442 2084 mansionarii
2503 2011 2854 2102 restituti,
2923 2011 3180 2104 quibus
3229 2033 3318 2085 ex
3363 2013 3443 2084 fi-

344 2153 461 2205 sco
514 2131 706 2225 regio
742 2131 817 2204 in
854 2130 1087 2223 capita
1139 2130 1701 2204 hebdomadatim
1754 2130 2063 2222 provisio
2100 2129 2345 2219 fiebat3
2402 2131 2770 2205 Taboritae
2824 2151 3100 2224 quoque
3157 2132 3232 2204 in
3287 2153 3443 2225 gra-

346 2253 519 2324 tiam
572 2250 838 2344 recepti
899 2255 972 2324 et
1026 2251 1174 2323 suis
1230 2251 1509 2344 legibus
1564 2255 1775 2344 atque
1822 2251 1968 2326 ritu
2003 2251 2242 2326 vivere
2278 2251 2629 2344 permissi.
2685 2252 3130 2326 Rekiczanus
3160 2252 3223 2342 ⁹)
3280 2253 3446 2325 dum

348 2393 437 2446 ex
490 2374 673 2444 malo
728 2371 1079 2464 pessimus
1133 2371 1451 2444 redditus
1507 2371 1753 2446 dietim
1808 2371 2204 2465 superbiret
2258 2376 2328 2445 et
2381 2393 2650 2446 venena
2703 2392 2872 2445 suae
2925 2372 3150 2465 pestis
3204 2373 3444 2446 haere-

350 2513 505 2565 seos
571 2491 1023 2581 diffunderet,
1092 2513 1180 2564 ex
1244 2494 1503 2585 Praga,
1578 2492 1851 2567 veritus
1922 2492 2600 2567 animadversionem
2673 2514 2960 2566 suorum
3035 2492 3446 2581 facinorum,

350 2615 531 2686 clam
586 2613 888 2706 aufugit.
947 2613 1295 2685 Iohannes
1350 2613 1627 2706 Rogacz
1688 2635 1875 2686 unus
1928 2633 2017 2686 ex
2071 2613 2462 2702 nobilibuS,
2529 2612 2816 2704 publica
2867 2612 3156 2702 itinera,
3224 2612 3446 2705 Sigis-

349 2735 605 2806 mundo
660 2733 735 2805 in
796 2733 1029 2825 Praga
1088 2738 1371 2826 agente,
1429 2753 1520 2807 ex
1574 2735 1899 2824 castello,
1966 2734 2150 2826 quod
2212 2755 2426 2826 prope
2477 2733 2842 2806 Kuthnam
2897 2733 2971 2806 in
3026 2733 3212 2806 edito
3267 2734 3447 2806 colle

348 2855 840 2928 aedificaverat
894 2859 965 2925 et
1020 2853 1191 2926 Sion
1254 2857 1657 2944 vocaverat,
1722 2854 2099 2944 infestanS,
2166 2853 2383 2926 misso
2449 2853 2797 2942 exercitu,
2863 2853 2938 2927 in
2993 2857 3226 2927 monte
3281 2853 3450 2926 Sion

350 2979 795 3069 expugnatus
850 2978 922 3046 et
975 2973 1185 3046 vivus
1250 2993 1409 3047 cum
1472 2973 1903 3048 Wischkone
1940 2975 2031 3064 ¹⁰)
2086 2977 2157 3047 ot
2209 2973 2535 3065 pluribus
2599 2973 2750 3046 suis
2811 2973 3114 3066 Pragam
3169 2974 3448 3063 ductus,

350 3096 424 3168 iu
475 3096 875 3189 patibulum
928 3115 1085 3166 cum
1142 3094 1466 3167 omnibus
1532 3094 1683 3166 suis
1746 3100 1947 3168 actus
2003 3097 2133 3168 ost.
2203 3092 2618 3167 Obedientia
2672 3094 2981 3165 omnium
3037 3092 3172 3166 sibi
3228 3114 3446 3184 quon-

348 3218 511 3290 dam
561 3215 933 3289 rebellium
980 3215 1285 3306 potitus,
1342 3215 1607 3305 incepit
1644 3215 2037 3287 instaurare
2076 3215 2165 3303 ¹¹)
2221 3212 2490 3302 diruta,
2532 3214 2795 3307 erigere
2835 3220 2905 3287 et
2940 3234 3261 3305 reparare
3298 3215 3439 3287 col-

348 3341 581 3430 lapsa,
649 3335 1081 3408 liberalitate
1144 3335 1363 3406 nimia
1424 3335 1499 3406 in
1553 3355 1791 3407 omnes
1856 3335 2236 3422 BohemoS,
2302 3333 2514 3406 etiam
2579 3354 2728 3422 eoS,
2796 3334 2919 3425 qui
2985 3355 3072 3407 ex
3129 3333 3446 3422 rusticis,

352 3458 709 3531 monachis
766 3460 837 3528 et
892 3455 1371 3528 sacerdotibus
1427 3474 1501 3526 se
1554 3453 1873 3545 potentia
1928 3458 1998 3527 et
2034 3453 2248 3527 armis
2286 3452 2552 3526 milites
2591 3457 2662 3526 et
2698 3453 2974 3526 nobiles
3011 3458 3440 3542 creaverant,

354 3579 583 3671 magis
635 3577 1029 3670 perniciosa
1083 3596 1291 3672 quam
1354 3575 1555 3664 utili,
1622 3574 1697 3646 in
1752 3595 1952 3646 omne
2015 3577 2294 3666 tempus
2357 3573 2716 3646 residuum
2779 3595 2954 3645 usus
3010 3578 3148 3662 est,
3217 3574 3445 3645 confe-

353 3700 597 3786 rendo,
656 3696 1097 3770 inscribendo
1137 3700 1207 3768 et
1242 3695 1559 3768 donando
1614 3699 1875 3783 castra,
1934 3693 2298 3783 civitates,
2357 3693 2643 3785 oppida,
2683 3693 2898 3765 villas
2936 3692 3448 3766 ecclesiasticas

354 3822 473 3892 vel
523 3819 833 3912 regales,
894 3836 1072 3908 quae
1127 3816 1471 3907 quondam
1529 3819 1729 3888 crant
1780 3814 2292 3888 cathedralium
2356 3815 2473 3886 vel
2525 3812 3058 3905 collegiatarum
3111 3819 3234 3885 aut
3288 3833 3446 3885 con-

353 3940 792 4016 ventualium
847 3937 1332 4026 ecclesiarum,
1388 3935 1741 4027 personiS,
1799 3955 1976 4026 quae
2029 3935 2196 4007 illas
2251 3937 2794 4024 occupaverant,
2834 3937 2904 4006 et
2940 3931 3288 4006 notabiles
3325 3953 3444 4025 pe-

352 4061 717 4134 cuniarum
772 4077 1078 4130 summas
1133 4056 1207 4128 in
1263 4056 1414 4128 illis
1462 4054 1905 4128 inscribendo
1947 4053 2061 4144 ¹²).
2130 4054 2281 4146 Quo
2336 4054 2617 4146 quidem
2672 4075 2878 4146 opere
2932 4053 3070 4126 etsi
3123 4073 3446 4145 magnam

352 4179 913 4254 benevolentiam
966 4181 1177 4268 atque
1232 4175 1647 4248 charitatem
1701 4175 2167 4247 Bohemorum
2221 4173 2358 4247 sibi
2413 4174 2490 4245 in
2545 4173 2751 4246 breve
2804 4179 3080 4265 tempus
3133 4171 3447 4245 vindica-

352 4302 492 4390 vit,
551 4320 877 4391 magnum
930 4302 1165 4369 tamen
1219 4297 1561 4368 malorum
1616 4295 2067 4367 seminarium
2130 4298 2204 4368 et
2256 4293 2670 4385 praesertim
2727 4313 3038 4365 errorum
3090 4292 3448 4383 Viclephi-

354 4422 723 4508 sticorum,
782 4419 867 4491 ab
904 4416 1221 4490 Ecclesia
1255 4416 1771 4503 damnatorum,
1827 4415 2040 4488 robur
2076 4418 2146 4488 et
2183 4413 2537 4487 defensam
2572 4412 2895 4504 reliquit:
2956 4433 3113 4485 cum
3152 4411 3448 4484 Bohemi

354 4563 619 4616 errores
676 4559 861 4612 suos.
893 4558 1033 4610 non
1087 4535 1231 4608 alia
1282 4536 1553 4608 ratione
1609 4540 1680 4607 et
1731 4539 2056 4626 respectu
2109 4534 2337 4626 magis
2391 4536 2682 4606 tuentur
2727 4537 2798 4604 et
2834 4531 3248 4619 defendunt,
3304 4529 3446 4602 nisi

348 4668 437 4735 ut
490 4683 647 4735 cum
699 4658 851 4731 illis
908 4659 1089 4731 bona
1142 4656 1556 4748 temporalia
1608 4655 1839 4748 Regni
1894 4658 1967 4728 et
2001 4653 2362 4728 Ecclesiae
2417 4656 2753 4746 occupata
2806 4651 3200 4739 detineant,
3271 4670 3450 4741 quae

352 4781 589 4856 sciunt
644 4777 994 4853 erroribus
1050 4776 1366 4869 depulsis
1422 4775 1562 4850 sibi
1614 4775 2102 4849 abstrahenda.
2171 4771 2670 4866 Sigismundus
2731 4771 3124 4863 Imperator
3175 4768 3449 4842 nuntiis

348 4900 733 4974 Wladislai
784 4897 1003 4990 Regis
1054 4896 1309 4968 blande
1362 4896 1693 4969 allocutis
1746 4899 1819 4968 et
1870 4893 2320 4987 imperatoria
2371 4891 2800 4966 liberalitate
2854 4889 3238 4963 muneratis
3259 4944 3277 4976 ,
3334 4909 3444 4961 re-

572 5105 622 5185 ¹)
667 5109 949 5182 exceptus
994 5109 1087 5165 est
1128 5097 1256 5163 Ed.
1306 5099 1487 5184 Lips.
1537 5099 1586 5180 ²)
1634 5101 1845 5160 iterato
1895 5093 2047 5162 Ood.
2092 5095 2314 5160 Przez.
2362 5095 2414 5178 ³)
2459 5096 2576 5174 ipsi
2605 5091 2732 5156 Ed.
2765 5091 2945 5178 Lips.
2996 5089 3053 5178 ⁴)
3083 5092 3452 5170 praedictum

350 5210 628 5287 imposito
670 5204 799 5270 Ed.
844 5204 1026 5289 Lips.
1076 5204 1130 5284 ε5)
1176 5223 1307 5265 cum
1352 5204 1646 5281 episcopis
1692 5203 1936 5280 collegis
1980 5198 2108 5262 Ed.
2154 5198 2337 5284 Lips.
2385 5197 2438 5278 ⁶)
2469 5201 2698 5278 missis,
2741 5199 3074 5258 instaurant
3101 5191 3228 5257 Ed.
3261 5191 3444 5276 Lips.

356 5311 412 5394 ⁷)
455 5314 733 5374 resistere
775 5311 1145 5386 Bokiezana,
1191 5309 1265 5368 de
1309 5308 1433 5368 suis
1476 5303 1605 5368 Ed.
1651 5303 1835 5388 Lips.
1884 5303 1936 5386 ⁸)
1985 5304 2360 5365 Bokiezanae
2403 5298 2532 5363 Ed.
2565 5298 2746 5384 Lips.
2779 5298 2833 5379 ⁹)
2863 5299 3260 5361 Rekiczianus
3295 5292 3450 5360 cod.

350 5413 533 5479 Kost.
578 5415 952 5477 Bokiezanus
995 5410 1123 5476 Ed.
1169 5409 1351 5496 Lips.
1406 5407 1489 5493 ιθ)
1534 5411 1889 5472 Wisthkone
1938 5402 2092 5471 God.
2135 5405 2314 5469 Kost.
2359 5405 2682 5468 Wischone
2729 5399 2882 5479 Cod.
2912 5399 3130 5465 Przeae.
3159 5400 3452 5463 Wiskone

350 5517 483 5582 Ed.
528 5515 710 5602 Lips.
762 5517 783 5554 ¹
796 5517 842 5598 ¹)
888 5523 1220 5579 restaurare
1263 5512 1391 5576 Ed.
1435 5511 1617 5598 Lips.
1675 5509 1757 5597 ¹³¹)
1803 5513 2135 5574 inscribens
2179 5505 2307 5572 Ed.
2352 5506 2536 5593 Idps.

406 5670 455 5714 J.
478 5669 671 5722 nmo..
695 5669 872 5712 mutor.
894 5667 1058 5712 roim
1082 5667 1135 5710 τ.
1161 5667 1244 5710 rv.
3038 5637 3107 5694 ‘18
