4342 6384
886 571 1037 646 220
2060 581 2298 648 unna
2350 593 2805 648 monemus.
3437 571 3572 672 (Α.
3612 573 3704 648 D.
3745 571 3975 674 1418.)

884 777 1237 852 conclusio
1291 778 1380 850 ad
1430 797 1671 871 pacem
1709 779 1763 867 ¹)
1820 775 2121 871 captari,
2179 767 2463 871 propter
2517 780 2702 871 quod
2755 779 2906 854 sine
2961 783 3097 853 fine
3150 801 3192 853 a
3243 783 3442 872 parte
3471 737 3798 874 ‘utraque
3831 781 3973 855 dis·

884 919 1159 973 cessum
1215 902 1346 972 est.

1488 1253 1896 1325 Withsvdus
1942 1253 2253 1325 lulianam
2297 1253 2560 1325 amnem
2604 1269 2815 1339 susm,
2858 1253 3045 1326 ducit
3085 1269 3372 1325 uxerem.

1091 1501 1179 1572 In
1243 1499 1519 1591 Trokky
1586 1520 1673 1572 ex
1738 1499 2116 1590 Wyelunia
2187 1498 2625 1572 wladislaus
2655 1495 2718 1587 2)
2785 1518 2944 1571 cum
3005 1499 3410 1573 Alexandro
3487 1499 3887 1574 Withawdo
3919 1501 3982 1592 ³)

883 1639 1207 1691 reversus
1235 1619 1323 1708 ⁴),
1379 1618 1730 1692 Praelatis
1794 1622 1864 1692 et
1927 1618 2305 1692 baronibus
2359 1617 2432 1690 in
2488 1618 2852 1691 Poloniam
2914 1619 3144 1692 redire
3206 1615 3454 1708 iussis,
3521 1619 3674 1712 ipse
3727 1620 3804 1693 in
3857 1621 3978 1694 Li·

884 1737 1181 1811 thuania
1231 1737 1599 1827 remansit,
1659 1742 1728 1811 et
1782 1737 1895 1810 die
1949 1737 2311 1811 Dominico
2367 1741 2528 1810 ante
2585 1738 2882 1810 Sanctae
2935 1727 3337 1827 Elisabeth,
3393 1739 3469 1812 in
3505 1739 3786 1814 Grodno
3823 1761 3984 1814 cum

888 1857 1257 1931 Elisabeth
1310 1857 1582 1952 Regina
1637 1861 1707 1930 et
1759 1857 2163 1931 Alexandro
2233 1857 2627 1930 Withawdo
2689 1858 3032 1949 pervenit.
3100 1858 3408 1951 Cumque
3463 1858 3574 1932 die
3627 1859 3756 1932 illa
3811 1860 3980 1934 Ale-

888 1978 1153 2050 xander
1207 1977 1648 2050 Withawdus
1702 1978 1998 2070 Magnus
2036 1977 2460 2050 Lithuaniae
2505 1978 2669 2049 Dux
2709 1977 3231 2050 matrimonium
3267 1999 3427 2051 cum
3462 1978 3776 2069 Iuliana,
3837 1981 3982 2052 Du·

890 2097 992 2170 cis
1047 2098 1240 2170 Iwan
1270 2095 1331 2186 ὅ)
1387 2097 1894 2188 Koraczowsky
1922 2099 1986 2186 θ)
2050 2096 2331 2186 relicta,
2398 2097 2740 2186 initurus„
2809 2097 3158 2190 frequenti
3223 2117 3507 2171 suorum
3570 2098 3983 2191 Principum

891 2220 965 2290 et
1016 2216 1353 2289 baronum
1408 2220 1607 2289 coetu
1662 2216 2027 2305 accersite,
2085 2217 2376 2289 Petrum
2430 2217 2840 2290 Vilnensem
2877 2209 3311 2309 episcopum,
3367 2223 3451 2289 ut
3489 2217 3628 2292 sibi
3665 2238 3818 2292 eam
3853 2241 3983 2312 pu·

891 2335 1074 2410 blice
1125 2337 1609 2428 desponsaret,
1665 2335 2113 2427 requisisset,
2168 2335 2456 2430 negavit
2492 2338 2746 2410 Petrus
2784 2336 3154 2429 episcopus
3191 2337 3592 2430 coniugium
3629 2337 3813 2412 illud
3853 2363 3982 2413 suo

893 2455 1313 2544 ministerio,
1385 2455 1707 2547 publicae
1757 2455 2149 2529 honestatis
2204 2455 2484 2529 iustitia
2537 2455 2960 2550 impediente
3015 2456 3236 2548 (prior
3289 2456 3478 2530 enim
3540 2457 3750 2530 Anna
3793 2439 3979 2532 'sub-

892 2575 1217 2668 sequenti
1285 2574 1605 2649 Iulianae
1674 2595 2003 2668 germana
2074 2579 2446 2649 matertera
2516 2577 2860 2666 extabat),
2923 2576 3185 2668 absque
3257 2576 3459 2650 Sedis
3532 2577 3989 2669 Apostolicae

889 2695 1411 2787 dispensatione
1448 2715 1521 2768 se
1558 2695 2025 2786 expleturum.
2084 2695 2392 2787 Cumque
2428 2717 2652 2787 neque
2688 2716 2922 2787 prece,
2963 2717 3188 2788 neque
3225 2701 3518 2784 terrore,
3559 2695 3670 2769 vir
3705 2701 3778 2770 et
3814 2719 3988 2790 pon-

890 2815 1071 2889 tifex
1122 2833 1321 2888 rarae
1372 2813 1807 2887 constantiae
1861 2813 1937 2887 in
1989 2814 2063 2886 id
2100 2813 2372 2888 facinus
2408 2813 2657 2907 perlici
2693 2817 2963 2906 posset,
3013 2815 3364 2889 Iohannes
3399 2797 3985 2908 Kropidlo'Wla-

892 2933 1346 3007 dislaviensis
1400 2934 1770 3025 episcopus
1828 2933 2438 3026 desponsationem
2491 2933 2914 3026 praedictam
2933 2991 2950 3022 ,
3008 2934 3401 3008 Canonibus
3451 2935 3714 3008 sanctis
3749 2935 3990 3028 prohi-

894 3053 1149 3142 bitam,
1206 3053 1554 3146 explevit,
1611 3052 1998 3146 diebusque
2052 3052 2506 3147 sequentibus
2560 3053 2967 3146 nuptiarum
3023 3053 3394 3127 celebritas
3446 3054 3691 3128 habita
3745 3059 3876 3128 est.

1161 3407 1556 3480 wladislaus
1597 3406 1765 3492 Rex,
1812 3407 2168 3496 exploratis
2213 3408 2668 3481 cruciferorum
2709 3408 2968 3481 insidiis
2981 3463 2998 3495 ,
3041 3410 3111 3480 in
3154 3408 3478 3480 Polonism
3525 3408 3715 3480 redit.

1106 3651 1398 3745 Nuptiis
1451 3651 1671 3724 Ducis
1726 3651 1963 3744 Magni
2015 3652 2408 3726 Alexandri
2463 3654 2646 3744 apud
2703 3655 2980 3727 Grodno
3037 3653 3373 3746 expletis,
3431 3653 3801 3727 Elisabeth
3855 3655 4001 3728 Re-

896 3775 1063 3868 gina
1115 3773 1188 3845 in
1244 3771 1643 3846 cracoviam
1696 3771 2118 3861 divertente,
2180 3771 2618 3845 Wladislaus
2671 3773 3004 3846 Poloniae
3059 3775 3214 3848 Rex
3271 3772 3702 3847 mansionem
3757 3772 3833 3846 in
3871 3775 4001 3847 Li-

900 3893 1194 3967 thuania
1246 3891 1695 3978 continuans,
1754 3890 1827 3963 in
1882 3893 2159 3984 Trokky
2221 3913 2550 3964 reversus
2615 3898 2752 3980 est,
2821 3896 2893 3966 et
2948 3892 3180 3965 solitis
3244 3891 3735 3965 venationibus
3789 3914 4003 3982 usus,

901 4013 976 4085 in
1030 4012 1293 4085 Merecz
1348 4011 1673 4098 venienS,
1731 4011 1911 4083 festa
1964 4011 2246 4084 Natalis
2299 4011 2562 4084 Christi
2617 4011 2770 4084 illic
2823 4013 2990 4104 egit.
3051 4012 3318 4103 Quibus
3373 4009 3674 4099 exactiS,
3741 4012 3818 4084 in
3876 4033 4005 4086 ve-

900 4130 1265 4204 nationum
1315 4131 1469 4202 loca
1522 4129 1801 4221 Wingri
1836 4129 1897 4219 ⁷)
1952 4131 2307 4222 appellata
2360 4137 2431 4204 et
2482 4132 2674 4203 ultra
2730 4130 2798 4202 N
2801 4151 3090 4225 yemyen
3147 4129 3316 4219 sita,
3375 4151 3450 4204 se
3503 4133 4006 4206 transtulerat.

903 4250 1047 4324 Ubi
1100 4249 1189 4322 ad
1241 4270 1398 4321 eum
1454 4249 1981 4322 Commendator
2033 4250 2119 4322 de
2170 4251 2632 4343 Rostemberg
2659 4249 2724 4339 8)
2779 4250 3006 4323 tribus
3060 4251 3411 4324 militibus
3457 4251 3870 4336 comitatus,
3933 4252 4014 4324 in

902 4369 1016 4443 die
1054 4367 1608 4460 Epiphaniamm
1645 4368 1871 4456 venit,
1930 4369 2258 4442 simulate
2296 4370 2574 4460 quidem
2611 4370 3032 4462 legationem
3068 4371 3400 4444 Prussiae
3435 4369 3759 4462 Magistri
3793 4391 4010 4462 prae-

904 4491 1165 4577 ferenS,
1222 4510 1297 4561 re
1334 4491 1567 4561 autem
1605 4509 1797 4576 vera,
1856 4493 2154 4580 quantas
2191 4495 2436 4581 gentes
2472 4491 2629 4564 Rex
2668 4511 2902 4562 secum
2939 4490 3256 4578 haberet,
3316 4489 3724 4582 explorans:
3785 4491 4010 4581 qnin-

900 4608 1135 4703 gentis
1190 4606 1376 4681 enim
1432 4606 1789 4698 equitibus
1844 4607 1918 4679 in
1973 4613 2136 4699 apto
2192 4609 2342 4681 loco
2399 4608 2746 4697 dimissis,
2805 4629 3141 4702 occupare
3179 4610 3474 4704 Regem,
3515 4610 4020 4700 exploratione

902 4731 1243 4822 perfecta,
1300 4727 1678 4800 nitebatur.
1744 4726 1901 4800 Rex
1964 4731 2200 4802 autem
2268 4735 2672 4821 suspectum
2725 4730 2989 4803 habens
3043 4730 3347 4821 praefati
3402 4730 4016 4804 Commendatoris

905 4849 1315 4936 adventum,
1376 4847 1729 4938 extemplo
1784 4847 1869 4920 de
1924 4847 2206 4941 Wingri
2259 4848 2646 4921 discessum
2701 4849 2963 4922 faciens
3019 4854 3090 4921 et
3141 4850 3216 4921 in
3269 4850 3524 4923 Iancza
3559 4849 4017 4940 perveniens,

905 4969 1072 5040 dum
1127 4969 1214 5042 ab
1270 4966 1866 5059 exploratoribus,
1924 4987 2099 5058 quos
2154 4969 2594 5058 speculatum
2647 4968 2966 5058 miserat,
3026 4971 3330 5041 structas
3371 4967 3507 5041 sibi
3543 4988 3584 5039 a
3621 4967 4020 5044 cruciferis

1120 5255 1169 5334 ¹)
1216 5258 1293 5318 ad
1336 5275 1543 5334 pacem
1603 5256 1918 5319 tenendam
1966 5251 2119 5318 cod.
2164 5253 2356 5318 Rozr.
2421 5255 2472 5337 ²)
2515 5257 2881 5318 wladislaus
2924 5255 3054 5318 Rex
3103 5251 3254 5318 Cod.
3300 5254 3492 5318 Rozr.
3557 5253 3611 5335 ³)
3664 5255 4028 5324 'witham-do

904 5361 1072 5421 Duce
1122 5353 1273 5422 God.
1318 5358 1511 5422 Rozr.
1576 5357 1633 5438 ⁴)
1676 5377 1951 5422 reversus
2010 5364 2127 5437 est,
2187 5365 2366 5436 atque
2421 5355 2572 5422 Ood.
2620 5357 2813 5423 Rozr.
2879 5358 2930 5439 ⁵)
2975 5360 3206 5436 Gywan
3256 5355 3410 5422 Cod.
3462 5353 3640 5422 Cale.
3704 5356 3761 5435 ⁸)
3809 5361 4026 5426 Kora—

908 5463 1161 5524 czewski
1202 5459 1331 5524 Ed.
1376 5459 1558 5545 Lips.
1607 5459 1659 5542 ⁷)
1704 5463 1935 5540 Vyugri
1983 5457 2135 5526 cod.
2197 5457 2372 5526 Calv.
2420 5463 2700 5542 (Wigry).
2749 5461 2801 5545 ⁸)
2847 5463 3246 5541 Roszemberg
3299 5459 3450 5525 Ood.
3497 5458 3690 5524 Rozr.
4036 5468 4044 5474 “
