4342 6384
154 559 159 632 Ι

336 585 472 688 (Α.
512 588 604 663 D.
698 589 951 690 1440.)
1476 617 1703 672 menn
1754 613 2268 672 Duonxcnms.
3287 597 3436 670 645

337 799 779 888 conservata,
833 799 999 890 plus
1052 799 1525 874 venerationis
1580 807 1651 874 et
1703 800 2069 896 religionis
2126 823 2336 896 quam
2389 822 2571 874 nova
2615 801 2872 876 habere
2910 801 3431 876 existimantur.

338 917 747 1010 Legationis
802 922 1035 993 autem
1091 940 1265 993 crux
1320 919 1477 994 ideo
1532 919 1837 1014 singulis
1891 921 2208 1015 Regibus
2263 921 2671 1015 Hungariae
2725 919 2801 994 in
2837 921 3284 996 coronatione
3328 925 3434 995 at-

332 1037 554 1111 tribui
608 1037 981 1128 asseritur,
1042 1041 1228 1132 quod
1282 1060 1456 1114 crux
1512 1041 1668 1133 ipsa
1723 1041 1945 1116 eidem
1984 1042 2037 1131 1)
2092 1042 2169 1114 in
2225 1041 2456 1134 specie
2509 1041 2651 1134 ipsi
2697 1039 2877 1134 Regi
2915 1040 3138 1134 primo
3177 1040 3434 1114 Sancto

336 1157 694 1248 Stephano
766 1179 891 1251 per
961 1159 1326 1233 Summum
1398 1160 1811 1236 Pontificem
1883 1161 1970 1234 ad
2026 1162 2620 1236 cohonestandum
2674 1161 2914 1250 illum,
2981 1160 3104 1253 qui
3156 1164 3435 1252 gentem

335 1277 810 1370 Hungaricam
881 1279 970 1352 ad
1040 1279 1250 1353 fidem
1321 1281 1740 1354 catholicam
1816 1281 2338 1375 suscipiendam
2411 1281 2824 1370 induxerat,
2895 1301 2976 1354 ea
3039 1278 3438 1368 conditione

334 1397 784 1486 transmissa,
840 1403 921 1470 ut
976 1400 1266 1474 haberet
1320 1402 1728 1476 facultatem
1793 1401 2143 1495 episcopis
2207 1401 2320 1474 sui
2385 1403 2614 1494 Regni
2667 1401 3128 1474 investituras
3183 1401 3268 1474 de
3325 1421 3433 1475 ec-

338 1518 577 1592 clesiis
643 1519 1165 1594 cathedralibus
1221 1522 1643 1595 conferendi.
1699 1523 1999 1596 Ponitur
2050 1523 2386 1615 posthaec
2425 1543 2676 1596 corona
2714 1541 2924 1595 aurea
2960 1521 3046 1594 de
3081 1522 3286 1593 theca
3321 1541 3431 1592 ca-

335 1638 507 1733 pitis
562 1639 749 1712 beati
804 1639 1020 1732 Regis
1077 1640 1418 1732 Stephani
1473 1647 1785 1736 sumpta,
1842 1643 1917 1716 in
1973 1648 2185 1736 caput
2238 1643 2456 1738 Regis
2488 1641 2575 1731 ²),
2631 1642 3102 1715 iuramentum
3141 1639 3431 1713 solitum

337 1760 421 1831 de
476 1758 670 1832 fideli
724 1758 1332 1835 administratione
1385 1762 1613 1854 Regni
1648 1784 1771 1854 per
1806 1762 2038 1856 ipsum
2092 1767 2526 1855 praestatur,
2569 1766 2639 1835 et
2678 1763 3107 1835 sacramento
3156 1759 3430 1833 Eucha-

334 1879 580 1952 ristiae
632 1879 969 1952 reficitur.
1028 1880 1264 1973 Cingit
1318 1881 1392 1954 in
1444 1882 1595 1956 loco
1652 1884 1797 1955 alto
1852 1884 1941 1955 ad
1994 1883 2067 1956 id
2118 1887 2532 1976 praeparato
2597 1881 2863 1954 milites
2919 1902 3094 1972 opus
3147 1899 3430 1953 corona-

340 1997 589 2088 tionis,
647 2004 719 2071 et
772 1999 1029 2072 missae
1065 2000 1380 2073 solennia
1414 2021 1539 2092 per
1575 2001 1990 2094 Dionysium
2029 2003 2464 2077 cardinalem
2503 2005 2572 2075 et
2607 1999 3205 2093 archiepiscopum
3252 1997 3431 2072 Stri-

339 2118 744 2211 goniensem
773 2123 1374 2210 consummantur,
1407 2120 1902 2194 assistentibus
1932 2122 2069 2196 sibi
2099 2122 2453 2196 Cardinali
2482 2121 2784 2214 Sbigneo
2807 2119 2870 2210 ³)
2907 2125 3076 2192 tunc
3113 2119 3434 2210 episcopo

337 2237 813 2326 cracoviensi,
887 2239 1200 2311 Iohanne
1274 2238 1675 2313 Coloczensi
1746 2240 2301 2333 archiepiscopo,
2379 2240 2660 2316 Simone
2724 2239 3088 2335 Agriensi,
3163 2238 3434 2312 Mathia

343 2356 881 2452 Wesprimensi,
923 2356 1401 2446 Waradiensi,
1443 2359 2208 2452 Quinqueecclesiensi,
2248 2361 2618 2455 Segniensi
2649 2361 2737 2451 4),
2787 2357 3430 2453 Transylvaniensi,

336 2477 684 2552 Nitriensi
721 2481 793 2551 et
830 2477 1227 2566 Sirmiensi,
1266 2478 1637 2571 episcopis.
1694 2479 1782 2553 In
1818 2481 2005 2554 hunc
2039 2481 2320 2554 modum
2367 2479 2809 2555 coronatione
2845 2481 3188 2571 perfecta,
3231 2477 3428 2550 Wla-

336 2599 607 2672 dislaus
661 2618 887 2696 novus
942 2599 1097 2672 Rex
1160 2599 1600 2692 Hungariae,
1666 2599 1869 2672 iuxta
1930 2600 2148 2674 ritum
2211 2601 2444 2694 gentis
2498 2601 2730 2687 illius,
2799 2599 2874 2672 in
2928 2598 3254 2673 omnibus
3307 2619 3429 2690 ap-

332 2717 761 2811 paramentis
813 2717 1169 2813 regalibus
1224 2719 1311 2790 ad
1365 2719 1732 2792 ecclesiam
1788 2718 2202 2793 Sanctorum
2258 2719 2451 2794 Petri
2505 2725 2576 2794 et
2630 2719 2838 2793 Pauli
2895 2719 3105 2793 sitam
3144 2717 3219 2790 in
3259 2719 3428 2807 foro,

334 2839 409 2912 in
465 2859 603 2930 qua
657 2838 979 2930 sepultus
1037 2837 1253 2911 fuisse
1308 2839 1579 2930 Geyssa
1609 2837 1671 2927 5)
1725 2844 1926 2929 pater
1980 2838 2224 2913 Sancti
2281 2840 2622 2931 Stephani
2685 2861 2842 2913 cum
2897 2837 3216 2930 Adleyda
3268 2858 3428 2910 con-

336 2963 523 3032 sorte
550 2959 614 3048 6)
669 2979 797 3032 sua
850 2963 920 3032 et
974 2957 1189 3030 Ducis
1227 2957 1560 3032 Poloniae
1598 2959 1971 3050 Myeczslai
2002 2959 2065 3048 ⁷)
2118 2959 2302 3048 filia,
2358 2963 2580 3032 matre
2618 2959 2823 3032 Beati
2863 2957 3243 3049 Stephani,
3286 2978 3427 3030 me·-

336 3082 680 3169 moratur,
736 3077 1113 3170 processit,
1173 3082 1244 3150 et
1294 3077 1374 3150 in
1428 3078 1679 3152 throno
1732 3078 1925 3172 regio
1964 3078 2052 3151 ad
2090 3079 2163 3151 id
2199 3081 2610 3172 praeparato
2648 3077 2999 3166 insidens,
3056 3077 3230 3149 duas
3268 3097 3428 3150 cau-

335 3220 483 3288 sas,
542 3220 720 3293 quae
773 3197 1069 3273 caeteris
1124 3197 1455 3271 maiorem
1511 3199 1962 3272 continebant
2016 3199 2383 3288 iniuriam,
2441 3198 2675 3286 audit,
2732 3197 3029 3271 discutit
3053 3195 3118 3287 8)
3179 3202 3249 3270 et
3295 3197 3428 3268 dif-

332 3320 526 3408 finit,
601 3322 672 3392 et
742 3317 1165 3392 sententiam
1240 3337 1438 3390 suam
1510 3316 1787 3390 debitae
1859 3318 2145 3392 mandat
2219 3318 2665 3406 executioni;
2749 3319 2934 3410 quod
3007 3339 3088 3391 ea
3159 3316 3430 3390 ratione

333 3437 692 3513 observari
746 3437 1084 3512 traditum
1141 3440 1281 3527 est,
1338 3442 1422 3508 ut
1474 3437 1629 3510 Rex
1687 3435 1989 3529 quilibet
2045 3437 2278 3510 omnia
2332 3459 2542 3530 opera
2595 3459 2724 3510 sua
2775 3437 3136 3530 intelligat
3181 3436 3431 3510 debere

332 3581 377 3631 a
430 3557 711 3632 iustitia
765 3556 981 3630 ordiri
1034 3563 1105 3630 et
1159 3555 1468 3646 fundari,
1526 3561 1597 3630 et
1650 3557 1929 3629 nullum
1985 3556 2294 3630 officium
2349 3577 2502 3630 esse
2537 3577 2758 3649 aeque
2811 3555 2989 3649 Regi
3044 3555 3428 3648 proprium,

336 3701 547 3771 quam
600 3676 951 3750 iustitiam
1006 3677 1231 3750 colere
1286 3681 1359 3750 et
1411 3677 1938 3766 administrare,
1996 3681 2066 3750 et
2119 3677 2271 3749 eius
2327 3677 2758 3750 authoritate
2814 3675 3178 3749 inferiores
3234 3695 3275 3746 a
3311 3695 3428 3746 su-

332 3797 759 3892 perioribus,
817 3801 886 3870 et
941 3796 1376 3889 quibuslibet
1429 3797 1709 3870 iniuriis
1757 3801 1826 3870 et
1862 3795 2392 3889 gravaminibus
2448 3796 2830 3870 defensare.
2890 3797 3198 3869 Ascenso
3236 3799 3428 3886 post·

335 3921 509 3992 haec
562 3939 769 4010 equo,
827 3916 1187 3990 civitatem
1244 3917 1317 3988 in
1368 3937 1619 4010 gyrum
1674 3916 1955 4006 circuit,
2012 3921 2082 3990 et
2136 3916 2223 3988 ad
2279 3916 2646 3990 ecclesiam
2702 3913 2944 3990 Sancti
2981 3914 3268 3987 Martini
3307 3934 3427 3986 ex-

336 4045 449 4111 tra
502 4059 735 4110 muros
790 4036 1001 4110 sitam
1054 4036 1501 4128 perveniens,
1558 4037 1813 4109 turrim
1869 4035 2020 4109 eius
2077 4036 2481 4109 conscendit
2509 4035 2597 4126 ⁰),
2653 4056 2734 4108 ac
2787 4034 3116 4108 universo
3171 4035 3430 4126 populo

334 4159 805 4250 inspectante,
860 4156 1173 4250 gladium
1208 4157 1474 4228 nudum
1512 4156 1584 4228 in
1624 4160 1924 4249 quatuor
1960 4155 2204 4228 mundi
2239 4160 2506 4248 partes,
2565 4155 2934 4242 orientem,
2977 4154 3426 4241 occidentem,

334 4277 695 4352 meridiem
734 4277 822 4365 ¹⁰)
879 4281 948 4350 et
1002 4275 1545 4367 septentrionem
1602 4297 1811 4348 manu
1867 4275 2221 4364 extendit,
2279 4275 2683 4368 significans
2739 4294 2812 4347 se
2868 4275 3189 4366 Regnum
3227 4273 3427 4344 Hun-

334 4398 574 4493 gariae
630 4397 715 4469 ab
771 4395 958 4468 omni
1012 4396 1325 4487 partium
1378 4395 1647 4468 iniusta
1700 4395 2065 4468 invasione
2100 4395 2466 4468 defendere
2502 4395 2688 4467 velle
2725 4398 2795 4467 et
2833 4392 3102 4466 debere.
3161 4392 3428 4484 Quibus

335 4518 659 4590 omnibus
697 4515 1031 4608 peractis,
1089 4515 1177 4587 ad
1212 4514 1475 4608 regiam
1529 4515 1937 4603 revertitur,
1996 4521 2067 4588 et
2103 4535 2340 4588 omnes
2378 4514 2772 4603 Praelatos,
2820 4514 3252 4605 baronesque
3289 4512 3424 4584 Re-

334 4659 629 4731 gnorum
684 4657 967 4708 suorum
1023 4656 1263 4709 mensa
1317 4639 1675 4726 exceptOS,
1735 4634 2095 4727 splendide
2130 4635 2358 4708 reficit
2395 4638 2465 4708 et
2499 4635 2828 4722 honorat;
2866 4632 3225 4705 residuum
3262 4651 3428 4704 vero

334 4757 475 4830 diei
532 4755 731 4828 illius
787 4755 858 4827 in
914 4754 1191 4827 laetitia
1246 4776 1524 4848 magna,
1581 4754 1805 4844 ludis,
1864 4755 2135 4828 choreis
2191 4759 2262 4827 et
2313 4753 2681 4846 plausibus
2735 4752 3110 4826 deductum
3165 4757 3294 4825 est.

552 5060 599 5140 ²)
645 5062 851 5122 eadem
900 5056 1052 5124 Cod.
1096 5057 1275 5122 Kost.
1324 5057 1377 5142 ²)
1423 5061 1483 5120 in
1530 5064 1709 5137 caput
1750 5061 1879 5121 eius
1913 5055 2065 5122 Cod.
2098 5056 2275 5122 Kost.
2311 5056 2366 5138 8)
2397 5059 2661 5136 zbigneo
2692 5063 2904 5136 expost
2937 5058 3239 5120 Oardinali
3275 5053 3428 5120 Cod.

334 5162 511 5228 Kost.
560 5161 614 5243 ⁴)
659 5165 973 5240 Seginensi
1030 5159 1180 5226 eod.
1225 5160 1403 5226 Kost.
1449 5164 1803 5240 Segninensi
1846 5160 1975 5224 Ed.
2021 5159 2205 5246 Lips.
2255 5159 2306 5240 ⁶)
2355 5161 2540 5223 Gieza
2579 5157 2730 5223 ond.
2761 5157 2939 5223 Kost.
2975 5157 3028 5239 ο)
3061 5179 3244 5222 uxore
3278 5155 3432 5222 Cod.

334 5265 513 5330 Kost.
564 5265 617 5346 ⁷)
660 5267 908 5328 Meezlai
956 5261 1108 5329 cod.
1154 5262 1291 5328 Lis.
1334 5266 1624 5326 Miecislai
1667 5262 1795 5327 Ed.
1843 5262 2025 5348 Lips.
2074 5263 2130 5344 ⁸)
2177 5263 2460 5326 discernit
2507 5257 2660 5325 Cod.
2707 5259 2838 5324 Lis.
2885 5261 2943 5340 ⁹)
2987 5261 3256 5324 ascendit
3297 5259 3426 5325 Ed.

282 5361 295 5368 ’
339 5367 518 5452 Lips.
574 5367 653 5448 ¹⁰)
696 5369 1049 5445 Aquilonem
1106 5364 1259 5430 ond.
1309 5361 1485 5429 Calv.
