4342 6384
913 473 1066 546 406
2076 497 2305 550 mni-211
2358 497 2816 550 monemus.
3448 473 3584 574 (Α.
3624 475 3717 548 D.
3758 471 4012 572 1430.)

913 699 1273 751 manorum
1328 680 1482 753 Rex
1539 678 2032 772 sigismundus
2087 684 2277 753 esset
2313 681 2821 756 ratificaturus:
2879 681 3321 755 Withawdus
3362 684 3594 753 autem
3634 681 3824 772 ipse,
3863 680 4008 754 die·

913 799 1044 870 bus
1099 819 1178 871 ac
1231 799 1586 889 noctibuS,
1643 799 1890 872 multis
1947 821 2221 892 quoque
2276 801 2605 892 suspiriis
2660 801 2951 890 anxiuS,
3009 822 3164 873 cum
3219 800 3451 872 animo
3490 822 3619 872 suo
3658 800 4009 887 trahebat,

913 917 1356 991 omitteretne
1409 919 1806 1011 cupidinem
1861 920 2123 1012 Regni,
2182 919 2457 992 nuntiis
2514 941 2801 992 coronas
2850 920 3231 994 ferentibus
3269 920 3603 1006 reversiS,
3662 940 3753 991 an
3808 919 4009 990 novis

911 1037 1243 1128 ingenim,
1303 1060 1479 1130 quae
1535 1038 1674 1110 sibi
1727 1060 1849 1129 per
1905 1039 2302 1130 Baptistam
2359 1043 2429 1111 et
2484 1039 3012 1131 sigismundum
3066 1041 3258 1113 Roth
3305 1040 3835 1132 ingerebantur,
3892 1059 4005 1110 ur-

907 1161 1104 1248 geret
1160 1158 1540 1244 fortunam,
1598 1179 1734 1249 qua
1789 1158 2126 1232 hactenus
2181 1179 2425 1248 parum
2479 1179 2811 1250 prospere
2865 1180 3036 1232 usus
3095 1161 3345 1232 fuerat.
3403 1160 3655 1250 Itaque
3693 1159 3865 1231 licet
3901 1180 4004 1232 re-

907 1275 1228 1350 versione
1291 1278 1682 1376 legatorum
1745 1297 2030 1350 coronas
2097 1277 2472 1350 ferentium
2538 1279 2811 1367 audita,
2876 1277 3259 1370 plurimum
3323 1277 3837 1366 contabuisset,
3896 1277 4002 1349 in-

911 1395 1219 1488 stigante
1273 1402 1508 1468 tamen
1564 1397 1890 1488 Baptista.
1945 1401 2013 1470 et
2069 1397 2515 1489 Sigismundo
2573 1398 2797 1486 Roth,
2854 1419 3049 1488 spem
3086 1398 3173 1469 ad
3210 1399 3447 1470 futura
3483 1396 3707 1490 magis
3744 1395 4001 1488 magis-

911 1535 1046 1606 que
1101 1516 1358 1604 erexit‚
1420 1521 1490 1589 et
1543 1538 1682 1588 non
1734 1517 1876 1590 iam
1911 1539 2036 1608 per
2071 1517 2625 1606 contentionem,
2682 1517 2883 1591 cuius
2938 1517 3125 1590 vires
3166 1518 3222 1607 ¹)
3277 1517 3647 1590 evanuisse
3707 1515 4005 1604 viderat,

911 1636 1033 1708 sed
1096 1637 1470 1725 modestia,
1536 1658 1738 1727 prece
1801 1642 1872 1708 et
1924 1637 2301 1730 largitione
2364 1659 2601 1729 posse,
2670 1639 2733 1710 si
2794 1638 2950 1710 Rex
3012 1637 3347 1712 Poloniae
3409 1637 3485 1709 in
3548 1634 4008 1708 Lithuaniam

912 1756 1559 1848 veniret,·defungi
1603 1755 1928 1847 cupidine
1963 1778 2183 1829 novae
2238 1757 2419 1848 spei,
2478 1778 2835 1848 novaeque
2890 1778 3180 1830 coronae
3223 1757 3627 1848 pullulabat
3656 1754 3742 1844 2),
3802 1755 4007 1828 novis

911 1874 1095 1947 dolis
1148 1875 1504 1948 inescatus
1559 1880 1629 1948 et
1682 1875 2065 1949 involutus,
2119 1877 2405 1970 Ingenti
2443 1877 2680 1968 itaque
2717 1875 3041 1950 molestia
3070 1874 3131 1966 ³)
3190 1878 3353 1950 Dux
3391 1876 3837 1950 Withawdus
3878 1898 4001 1948 an-

909 1994 1208 2086 gebatur
1234 1996 1322 2084 ⁴)‚
1391 1999 1720 2087 tanquam
1783 1995 1858 2066 in
1923 1995 2216 2068 obscura
2286 2001 2358 2070 et
2429 1995 2707 2068 sordida
2777 2017 3067 2069 casurus
3142 2017 3229 2068 ex
3298 1995 3721 2088 splendidis,
3800 2016 4007 2087 quem

914 2135 1162 2206 magno
1218 2114 1495 2206 pruritu
1549 2119 1826 2206 sperata
1877 2117 2301 2204 fefellerant,
2360 2121 2527 2188 tunc
2570 2137 2861 2208 regnare
2908 2121 3268 2208 satagenS,
3326 2137 3487 2188 cum
3540 2113 4005 2188 desinendum

913 2234 1164 2306 fuerat.
1230 2235 1482 2326 Itaque
1545 2256 1630 2308 ne
1683 2255 1794 2307 res
1850 2236 2317 2308 coronationis
2381 2243 2837 2324 novarentur,
2906 2236 3253 2328 Sbigneus
3318 2235 3690 2328 episcopus
3756 2234 4003 2307 Cracc-

912 2353 1210 2442 viensis,
1267 2353 1590 2444 precibus
1643 2355 1953 2431 omnium
2007 2354 2488 2428 Praelatorum
2526 2361 2596 2428 et
2631 2355 2969 2428 baronum
3008 2355 3233 2448 Regni
3270 2359 3588 2448 rogatae,
3626 2375 3767 2426 non
3806 2353 4003 2445 igna-

911 2494 1064 2562 rus,
1121 2478 1458 2566 quantum
1513 2473 1652 2547 sibi
1705 2479 1896 2547 esset
1949 2476 2114 2547 Dux
2178 2474 2611 2547 Withawdus
2647 2475 2981 2563 infestus,
3038 2475 3141 2547 ire
3178 2473 3529 2550 consentit
3564 2473 3639 2548 in
3676 2474 3888 2546 finem
3914 2471 3999 2562 ⁵),

908 2598 991 2667 ut
1044 2599 1114 2668 et
1167 2595 1427 2688 Regem
1482 2616 1524 2666 a
1577 2615 1920 2670 consensu
1974 2594 2047 2667 in
2103 2595 2617 2668 coronationem
2672 2599 3049 2683 averteret,
3108 2599 3179 2668 et
3232 2594 3294 2666 si
3349 2613 3527 2686 quae
3580 2593 3859 2668 decreta
3914 2592 4002 2664 ad

908 2713 984 2785 id
1037 2714 1222 2786 facta
1274 2720 1398 2786 aut
1452 2716 1780 2788 conclusa
1835 2718 2100 2805 essent,
2137 2716 2597 2804 rescinderet,
2638 2719 2707 2789 et
2743 2716 2865 2788 ubi
2901 2714 3255 2789 coronatio
3294 2713 3585 2788 tractari
3620 2717 3691 2790 et
3718 2713 3782 2802 θ)
3838 2732 4000 2785 con·

911 2832 1178 2926 signari
1231 2834 1543 2922 deberet,
1599 2836 2105 2927 protestatione
2159 2842 2233 2909 et
2284 2836 2759 2928 appellatione
2814 2834 3085 2908 solenni
3142 2840 3211 2907 et
3262 2833 3577 2926 publica,
3635 2832 3996 2923 totiusque

910 2953 1138 3045 Regni
1176 2953 1456 3027 nomine
1501 2955 1756 3042 fienda,
1823 2976 1974 3028 eam
2019 2956 2331 3028 inficeret
2362 2956 2424 3044 ⁷)
2480 2958 2549 3028 et
2601 2955 2993 3048 impediret.
3059 2955 3171 3027 Ex
3233 2953 3496 3027 Lublin
3560 2951 3999 3026 Wladislaus

910 3072 1070 3145 Rex
1124 3093 1246 3164 per
1298 3073 1644 3162 Parczow,
1708 3075 2044 3148 Brzescze
2071 3073 2159 3164 ⁸),
2218 3076 2705 3167 Kamyenyecz
2762 3081 2833 3147 et
2886 3075 3027 3147 alia
3079 3076 3261 3162 loca,
3328 3072 3403 3146 in
3458 3072 3714 3164 quibus
3777 3072 3995 3144 abun-

910 3191 1156 3264 danter
1227 3191 1546 3285 singulae
1617 3192 2052 3284 provisiones
2125 3199 2197 3266 et
2248 3194 2643 3267 necessaria
2714 3199 2857 3266 tam
2934 3194 3327 3266 Wladislao
3392 3192 3725 3266 Poloniae
3790 3190 3996 3283 Regi,

911 3332 1118 3403 quam
1183 3311 1504 3384 omnibus
1569 3312 1916 3385 Praelatis
1981 3317 2051 3386 et
2111 3313 2489 3387 baronibus
2554 3313 2735 3402 suiS,
2812 3317 3087 3405 praeter
3151 3313 3529 3406 Sbigneum
3592 3311 3997 3404 episcopum

909 3431 1463 3520 cracoviensem,
1522 3431 1643 3524 qui
1698 3433 1891 3505 solus
1945 3433 2170 3505 hostis
2228 3439 2297 3506 et
2350 3433 2793 3506 adversarius
2846 3433 3264 3525 praecipuus
3318 3453 3359 3504 a
3414 3431 3809 3506 Withawdo
3847 3451 3991 3503 cre·

907 3549 1131 3639 ditus,
1189 3551 1888 3640 administrabantur,
1946 3553 2230 3625 Vilnam
2286 3553 2461 3626 feria
2514 3557 2765 3644 quarta
2816 3559 2979 3644 post
3033 3552 3275 3624 Sancti
3328 3550 3690 3626 Francisci
3717 3551 3781 3638 ⁰)
3837 3571 3993 3640 per·

907 3671 1123 3743 venit.
1182 3672 1310 3745 Cui
1347 3671 1422 3744 in
1459 3672 1740 3746 obvium
1796 3694 1954 3746 cum
1990 3693 2241 3764 magno
2280 3673 2649 3764 splendore
2684 3679 2755 3746 et
2790 3693 3043 3764 pompa
3088 3673 3253 3744 Dux
3290 3669 3767 3757 Withawdus‚
3822 3668 3995 3740 item

907 3789 1206 3863 Ducissa
1258 3792 1570 3879 Iuliana,
1627 3793 1796 3865 item
1853 3792 2190 3886 Magister
2254 3792 2587 3865 Prussiae
2639 3793 2907 3864 Paulus
2961 3793 3047 3863 de
3099 3789 3499 3877 Russdorff,
3564 3789 3735 3862 item
3789 3787 3990 3860 Prin·

909 3907 1098 4000 cipes
1152 3911 1484 3999 Russiae,
1541 3912 1626 3985 de
1679 3913 2016 4000 Moskwa‚
2075 3912 2160 3984 de
2216 3912 2459 3985 Thwer
2496 3913 2606 4001 ¹⁰),
2666 3913 2751 3984 de
2805 3912 3125 4002 Odoyow,
3184 3915 3254 3982 et
3308 3908 3689 3982 multitudo
3745 3928 3997 4000 magna

907 4029 1330 4102 Lithuaniae
1383 4035 1452 4103 et
1504 4031 1806 4104 Russiae
1859 4032 2265 4124 Principum
2321 4037 2393 4105 et
2448 4033 2783 4104 baronum
2838 4030 3134 4123 egressi,
3192 4030 3423 4122 ipsum
3461 4027 3849 4122 excipiunt.
3908 4027 3995 4100 In

910 4149 1212 4221 crastino
1268 4148 1441 4242 regii
1497 4150 1838 4223 adventus
1895 4151 1968 4222 in
2023 4151 2339 4240 Vilnam,
2408 4152 2579 4224 feria
2633 4152 2881 4242 quinta
2945 4150 3319 4223 consilium
3385 4149 3705 4222 habit-um
3760 4151 3871 4220 est
3926 4153 3997 4220 et

907 4268 1146 4359 plures
1183 4274 1526 4341 tractatus
1565 4268 1996 4362 interpositi,
2055 4277 2136 4346 ut
2174 4272 2527 4345 coronatio
2568 4271 2948 4343 Withawdi
2984 4273 3603 4342 consummaretur.
3660 4267 3998 4358 Magister

905 4387 1233 4484 Prussiae
1285 4389 1552 4461 Paulus
1607 4390 1690 4462 de
1744 4391 2117 4464 Russdorff
2164 4392 2295 4464 ait:
2363 4391 2800 4465 Divisionem
2855 4389 3071 4481 Regis
3128 4393 3198 4462 et
3251 4389 3468 4461 Ducis
3532 4387 3669 4462 sibi
3744 4391 3816 4460 et
3868 4385 3993 4459 Or-

903 4507 1052 4580 dini
1091 4528 1215 4580 suo
1255 4509 1660 4600 displicere;
1716 4515 2035 4584 vocatum
2092 4513 2375 4605 quidem
2414 4533 2487 4584 se
2524 4511 2613 4584 ad
2650 4511 3141 4583 solennitatem
3179 4507 3649 4581 coronationis
3687 4506 3990 4594 venisse,

905 4648 984 4700 eo
1037 4627 1270 4701 tamen
1323 4629 1554 4701 animo
1619 4649 1804 4718 esse,
1870 4635 1950 4702 ut
2012 4632 2191 4704 velit
2254 4652 2533 4723 operam
2588 4651 2663 4704 se
2716 4631 3043 4702 daturum
3082 4628 3172 4717 ¹¹)
3235 4648 3361 4719 pro
3426 4626 3993 4700 reconciliatione

903 4748 1120 4841 Regis
1177 4755 1248 4822 et
1300 4749 1549 4839 DuciS,
1605 4753 1676 4824 et
1730 4749 2064 4842 quicquid
2118 4752 2206 4822 ad
2260 4771 2496 4824 eorum
2560 4748 3099 4840 amplitudinem
3166 4752 3237 4820 et
3288 4747 3621 4820 honorem
3685 4745 3989 4837 pertine·

1117 5056 1162 5136 ¹)
1207 5076 1304 5120 res
1349 5054 1475 5118 Ed.
1522 5054 1703 5140 Lips.
1753 5056 1807 5137 ςΙ)
1839 5059 2086 5134 putabat
2119 5052 2271 5119 Cod.
2303 5053 2496 5118 Rozr.
2546 5054 2600 5134 8)
2632 5055 2922 5116 modestia
2960 5049 3087 5114 Ed.
3120 5050 3302 5135 Lips.
3338 5049 3393 5132 ⁴)
3426 5049 3801 5111 Withawdus
3831 5066 3993 5128 usus,

903 5162 998 5220 vel
1041 5162 1292 5221 maxime
1335 5163 1662 5237 angebatur
1703 5157 1831 5221 Ed.
1878 5157 2060 5242 Lips.
2111 5157 2165 5238 ⁵)
2209 5161 2298 5221 ire
2342 5165 2537 5220 tamen
2583 5158 2885 5220 consensit
2926 5173 3059 5218 eum
3104 5157 3166 5215 in
3209 5159 3384 5215 finem
3428 5150 3555 5214 Ed.
3590 5149 3772 5234 Lips.
3807 5149 3863 5230 ⁶)
3894 5156 3996 5212 aut

903 5259 1031 5324 Ed.
1077 5259 1260 5345 Lips.
1319 5261 1372 5340 ⁷)
1420 5268 1731 5325 conficeret
1773 5260 1899 5324 Ed.
1947 5261 2128 5344 Lips.
2188 5259 2239 5340 8)
2287 5263 2562 5323 Brzescie
2611 5256 2761 5322 Cod.
2808 5257 2985 5322 Kost.
3044 5257 3096 5337 ⁹)
3142 5262 3280 5335 post
3322 5257 3537 5318 festum
3582 5255 3643 5317 S.
3688 5255 3995 5318 Francisci

903 5362 1030 5428 Ed.
1077 5361 1258 5446 Lips.
1315 5364 1388 5445 ¹⁰)
1432 5367 1507 5427 de
1549 5367 1842 5428 Thwer-de
1897 5362 2048 5428 eod.
2099 5362 2291 5427 Rozr.
2346 5362 2424 5442 ¹¹)
2471 5365 2613 5425 dare
2662 5359 2815 5426 Cod.
2858 5359 3052 5425 Rozr.
