4342 6384
810 1658 1482 1825 LIBER
1637 1654 3107 1827 DUODEOIMUS.

1757 2058 2170 2097 uon-mnu·—

1315 2342 1738 2453 ANNUS
1810 2338 2269 2453 DOMINI
2341 2340 2612 2453 1435.

411 2619 738 2709 lup-bero
782 2620 956 2712 Rege
999 2620 1380 2730 madidae,
1425 2618 1819 2707 dignitates,
1865 2618 2225 2689 anulatis
2268 2618 2601 2692 tollenda·
2652 2635 2853 2692 msa
2866 2673 2883 2706 ,
2925 2634 3243 2691 amasus
3280 2620 3505 2691 ordine

1332 2741 1533 2830 atquo
1579 2737 1866 2829 optionis
1910 2738 2098 2810 nod·
2143 2736 2583 2811 conteruntur.

419 2964 990 3179 Wladislaus
1044 3106 1200 3180 Rex
1253 3126 1410 3179 cum
1464 3128 1792 3199 germano
1847 3126 1974 3180 suo
2028 3105 2391 3179 Kazimiro
2448 3107 2637 3180 Duce
2690 3105 2877 3179 sicut
2930 3106 3330 3181 continuam
3376 3110 3500 3181 ha-

413 3223 824 3298 bitationem
863 3226 1162 3299 habebat
1197 3225 1600 3315 cracoviae,
1657 3224 1762 3298 ita
1797 3246 2071 3318 quoque
2125 3224 2227 3299 ibi
2281 3225 2431 3298 dies
2478 3226 2762 3298 Natalis
2800 3226 3080 3300 Domini
3118 3248 3274 3299 curn
3313 3227 3507 3301 curia

413 3367 542 3418 sua
597 3346 826 3419 tenuit
881 3351 950 3420 et
1003 3347 1418 3421 celebravit:
1477 3348 1735 3439 quibus
1798 3346 2182 3439 expeditis,
2248 3368 2373 3438 pro
2430 3346 2676 3420 diebus
2733 3346 3315 3439 Quadragesimae
3370 3345 3507 3418 ivit

413 3465 958 3555 Sandomiriam,
1014 3464 1139 3539 ubi
1196 3468 1336 3541 fere
1389 3468 1576 3541 omni
1633 3472 1941 3559 tempore
1999 3466 2588 3560 quadragesimali
2642 3467 3044 3558 absumpto,
3104 3466 3504 3539 cracoviam

410 3606 536 3677 pro
593 3587 770 3659 festo
823 3587 1133 3659 Paschae
1185 3607 1508 3660 reversus
1573 3593 1702 3661 est.
1769 3588 1992 3661 'Penta
2045 3590 2154 3660 est
2208 3592 2281 3659 et
2331 3608 2457 3678 pro
2512 3586 2876 3659 Dominica
2938 3588 3231 3660 Laetare
3282 3585 3501 3658 Visli-

409 3704 560 3780 ciae
614 3710 957 3779 terrarum
1030 3706 1594 3780 Oracoviensium
1667 3706 2068 3795 conventi0,
2135 3711 2215 3779 ut
2275 3706 2702 3799 palatinatui
2776 3706 3327 3780 Sandomiriensi
3378 3725 3507 3797 per

410 3831 704 3899 mortem
743 3825 1159 3918 Spithkonis
1196 3826 1280 3899 de
1317 3828 1604 3900 Tarnow
1659 3828 1938 3900 vacanti
1991 3826 2498 3918 provideretur.
2556 3827 2660 3900 De
2706 3848 3001 3918 persona
3054 3826 3249 3900 varia
3304 3830 3505 3899 erant

407 3945 716 4038 partium
773 3946 1040 4035 studia,
1097 3950 1168 4018 et
1221 3946 1706 4038 unusquisque
1763 3968 1952 4035 eum,
2011 3948 2127 4020 cui
2164 3946 2632 4035 afficiebatur,
2692 3946 3163 4038 promovebat.
3234 3946 3497 4019 Suffra-

405 4066 549 4159 giis
603 4066 884 4139 tandem
937 4066 1160 4157 partis
1217 4065 1498 4139 maioris
1555 4066 1902 4141 Iohannes
1941 4068 2024 4140 (16
2061 4066 2364 4141 Gziszow
2410 4068 2843 4139 castellanus
2882 4065 3499 4155 Sandomiriensis,

407 4186 770 4279 palatinus
827 4186 1413 4260 Sandomiriensis
1477 4187 1903 4281 declaratus,
1973 4193 2043 4262 et
2095 4192 2179 4260 ut
2234 4185 2457 4259 omnis
2513 4191 2584 4260 et
2634 4187 2709 4259 in
2747 4208 3077 4279 praesens
3144 4191 3214 4259 et
3267 4186 3340 4258 in
3378 4208 3497 4277 po-

409 4312 676 4380 sterum
713 4306 1166 4399 abrogaretur
1200 4306 1273 4377 in
1311 4306 1744 4380 conferendis
1781 4307 2251 4401 dignitatibus
2288 4306 2515 4399 Regni
2551 4306 2967 4396 difficultas,
3024 4304 3299 4397 placuit
3335 4305 3501 4378 illas

408 4448 536 4520 per
589 4426 892 4519 optionis
949 4432 1018 4500 et
1072 4426 1502 4500 ascensionis
1565 4427 1845 4500 modum
1911 4428 2329 4516 conferri1).
2396 4427 2834 4519 Quapropter
2902 4426 2979 4499 in
3034 4426 3501 4499 castellanum

409 4543 1045 4619 Sandomiriensem
1109 4545 1562 4620 Lnblinensis
1633 4548 2060 4619 castellanus
2124 4548 2517 4620 Dobeslaus
2573 4547 2657 4620 de
2702 4546 3185 4634 Oleschnicza,
3242 4546 3318 4619 in
3356 4547 3497 4618 Lu-

407 4664 798 4739 bliuenscm
853 4664 1343 4756 Woynicensis
1399 4667 1783 4739 Demarath
1845 4667 1930 4739 de
1979 4666 2334 4760 Kobilany
2366 4666 2454 4756 2),
2520 4666 2593 4739 in
2649 4666 3183 4758 Woynicensem
3250 4666 3503 4739 castel-

407 4789 618 4859 lanus
693 4785 1110 4877 Byeczcnsis
1179 4785 1528 4860 Iohannes
1601 4787 1686 4859 de
1749 4786 2102 4859 Thanczin
2184 4791 2694 4861 successerunt.
2768 4786 3265 4861 castellaniam
3338 4806 3501 4860 vero

406 4908 904 4998 Byeczensem‚
961 4926 1118 4979 cum
1173 4910 1357 4979 esset
1410 4904 1722 4995 residua,
1780 4906 2088 4980 obtinuit
2141 4907 2497 5000 suffragiis
2552 4906 2871 4980 Clemens
2930 4906 3367 4981 Wantrobka
3419 4906 3504 4979 de

408 5025 791 5099 Strzelcze:
851 5030 920 5098 et
953 5026 1085 5097 hoc
1121 5024 1427 5117 optionis
1483 5024 1721 5098 ordine
1775 5026 2160 5119 dignitates
2219 5033 2549 5100 vacantes
2604 5026 2865 5120 Regni,
2924 5027 3117 5121 Rege
3155 5026 3505 5101 existente

404 5146 798 5238 impubere,
857 5166 992 5236 quo
1049 5144 1272 5218 omnis
1327 5151 1633 5220 cessaret
1686 5146 1870 5219 livor
1923 5152 1993 5221 et
2045 5148 2435 5236 contentio,
2494 5148 3051 5223 conferebantur.

629 5400 674 5482 ¹)
721 5404 946 5465 confici.
989 5399 1118 5464 Ed.
1174 5399 1354 5486 Lips.
1403 5400 1456 5483 2)
1499 5404 1858 5465 Demaratus
1904 5404 1979 5465 dc
2022 5404 2369 5482 Kobyliany
2412 5400 2539 5465 Ed.
2588 5399 2769 5489 Lips.
2862 5429 2869 5435 ·
