4342 6384
843 543 990 614 196
2025 564 2250 615 LIBER
2301 563 2760 615 manicemus
3391 539 3526 640 (Α.
3555 539 3656 614 D.
3695 539 3931 638 1410.)

833 745 1073 818 dinata
1128 745 1491 817 molimina
1544 766 1672 816 sua
1724 744 2224 836 propitiatione
2288 743 2576 832 avertit,
2643 751 2714 818 et
2768 744 3164 835 superbiam
3219 745 3543 838 Magistri
3597 745 3928 818 Prussiae

832 864 1197 936 Michaelis
1254 863 1742 936 Kochmeister
1795 868 1865 935 et
1920 885 2203 936 suorum
2259 863 2596 936 contrivit
2648 869 2719 936 et
2773 863 3202 936 humiliavit.

833 1214 1225 1286 wladislaus
1268 1215 1406 1285 Rex
1450 1215 1709 1302 legatos
1742 1215 1823 1285 ad
1856 1214 2202 1286 Concilium
2247 1214 2750 1285 constantiense
2793 1213 3032 1300 mittit,
3076 1234 3162 1287 ne
3191 1215 3494 1287 cruciferi
3523 1215 3937 1304 sanagittu

909 1335 1337 1418 infestarent,
1384 1336 1455 1404 et
1497 1336 1575 1404 ut
1616 1335 1743 1422 ipsi
1789 1336 2091 1422 potestas
2134 1335 2256 1405 nat
2301 1333 2739 1406 cathedralem
2786 1335 3125 1405 eeclesiam
3169 1334 3340 1423 apud
3387 1353 3500 1406 eos
3546 1336 3857 1450 erigendi.

1048 1578 1518 1652 Conventione
1590 1579 1771 1670 apud
1845 1579 2224 1669 Wyelunia
2295 1582 2574 1666 exacta,
2651 1577 3088 1650 Wladislaus
3159 1579 3492 1652 Poloniae
3563 1579 3720 1651 Rex
3777 1601 3934 1652 cum

841 1699 1243 1772 Alexandro
1307 1697 1736 1784 Withawdo,
1805 1698 1973 1770 item
2037 1719 2193 1770 cum
2257 1698 2605 1770 Praelatis
2661 1702 2731 1770 et
2783 1697 3160 1770 baronibus
3229 1697 3379 1769 suis
3433 1696 3802 1787 Poloniae,
3862 1697 3938 1769 in

845 1820 1111 1890 Kowno
1166 1815 1482 1903 advenit,
1542 1821 1612 1888 et
1666 1817 1751 1889 de
1811 1821 2018 1908 gente
2083 1816 2546 1906 Samagittica
2607 1817 2770 1906 plus
2836 1837 3043 1906 quam
3099 1816 3238 1888 tria
3291 1815 3663 1908 utriusque
3719 1837 3936 1888 sexus

844 1935 1072 2007 millia
1125 1934 1287 2006 fidei
1324 1934 1785 2026 religionique
1830 1938 2107 2008 nostrae
2142 1934 2532 2025 baptisatos
2571 1939 2642 2006 et
2679 1938 3074 2006 muneratos
3111 1934 3367 2008 univit.
3424 1935 3535 2007 Ex
3573 1936 3838 2007 Kowno
3882 1935 3936 2023 ¹)

847 2054 921 2125 in
976 2053 1251 2144 Trokky
1306 2073 1658 2141 reversuS,
1716 2053 2102 2126 licentiatis
2157 2051 2504 2126 Praelatis
2559 2057 2629 2126 et
2681 2053 3058 2126 baronibus
3113 2054 3477 2143 Poloniae,
3544 2053 3937 2127 venationi-

845 2174 977 2244 bus
1034 2172 1106 2243 in
1163 2171 1547 2244 Lithuania
1598 2193 1872 2263 operam
1928 2173 2168 2260 dabat,
2227 2177 2298 2244 et
2351 2174 2610 2244 festum
2647 2172 2929 2244 Natalis
2967 2173 3228 2245 Christi
3265 2173 3339 2245 in
3377 2173 3656 2247 Grodno
3694 2195 3933 2266 agene,

849 2291 921 2363 in
978 2291 1119 2362 alia
1174 2291 1385 2362 solita
1438 2292 1591 2364 loca
1642 2296 1803 2383 post
1840 2292 2151 2364 divertit.
2211 2292 2526 2383 Denique
2562 2292 2998 2364 Wladislaus
3036 2293 3192 2364 Rex
3231 2297 3303 2365 et
3339 2293 3742 2366 Alexander
3779 2292 3932 2365 Wi-

848 2410 1165 2482 thawdus
1221 2431 1471 2502 magna
1523 2431 1718 2498 cura,
1776 2432 1861 2482 ne
1918 2415 2103 2483 terra
2156 2410 2616 2502 Samagittiae
2652 2432 2693 2482 a
2731 2411 3007 2483 Ducatu
3061 2412 3310 2503 Magno
3348 2412 3773 2484 Lithuaniae
3811 2434 3936 2484 ex·

846 2528 1108 2602 cideret
1136 2526 1221 2616 2),
1280 2528 1575 2616 soliciti,
1636 2529 1975 2619 speciales
2029 2529 2348 2616 nuntioS,
2423 2529 2753 2602 videlicet
2816 2519 3212 2622 Georgium
3245 2531 3624 2622 Gedigolth
3653 2529 3740 2619 ³),
3799 2532 3937 2604 Ge-

850 2648 1121 2740 orgium
1159 2647 1469 2719 Bolimin
1506 2647 1575 2719 N
1578 2648 2031 2739 adobyowycz
2062 2649 2148 2736 4),
2199 2647 2623 2734 Lithuan08,
2665 2651 2736 2721 et
2772 2647 3142 2720 Nicolaum
3180 2649 3528 2740 Sepinsky
3565 2650 3938 2738 Polonum‚

850 2767 1148 2856 militeS,
1215 2767 1731 2857 adpetendum
1786 2788 2060 2839 sacrum
2116 2766 2648 2839 constantiense
2702 2766 3122 2854 Concilium,
3180 2772 3526 2858 quatenus
3583 2768 3933 2860 Samagit-

849 2892 1080 2958 tarum
1132 2890 1408 2978 gentes,
1465 2871 1675 2976 opera
1729 2907 1963 2958 eorum
2018 2886 2415 2957 charactere
2471 2884 2852 2958 christiano
2909 2885 3284 2978 insignitas
3323 2890 3394 2958 et
3429 2906 3655 2977 nuper
3691 2908 3732 2958 a
3768 2907 3940 2979 gen-

850 3004 1143 3076 tilitatis
1196 3004 1499 3095 caligine
1552 3003 1627 3074 in
1680 3003 1843 3076 fidei
1896 3005 2134 3075 lumen
2187 3005 2589 3094 perductas,
2647 3027 2688 3076 a
2741 3003 3114 3078 Cruciferis
3170 3005 3254 3077 de
3307 3005 3600 3077 Prussia
3635 3006 3944 3096 opprimi

853 3129 925 3196 et
977 3121 1222 3195 vexari
1274 3144 1412 3194 non
1464 3123 1907 3213 permittant,
1964 3123 2085 3195 sed
2137 3143 2376 3214 pacem
2415 3123 2579 3196 illos
2621 3144 2778 3195 cum
2833 3123 3203 3216 neophytis
3262 3124 3706 3216 Samagittis,
3765 3145 3942 3215 qnos

855 3241 1239 3316 multifarie
1306 3244 1469 3334 plus
1542 3243 1756 3315 solito
1821 3243 2202 3330 vexabant,
2261 3263 2346 3314 ne
2400 3243 2475 3314 in
2531 3242 2926 3314 idolatriam
2980 3243 3400 3332 reciderent,
3465 3242 3818 3315 custodire
3871 3248 3946 3314 et

857 3362 1225 3434 observare
1277 3361 1596 3450 iubeant;
1652 3363 1821 3434 item
1874 3366 1955 3433 ut
2008 3361 2394 3434 Concilium
2459 3365 2770 3452 praestet
2831 3361 3329 3434 authoritatem
3393 3365 3466 3434 et
3522 3361 3761 3434 iubeat
3825 3383 3942 3433 ca·

856 3481 1243 3553 thedralem
1298 3481 1697 3569 ecclesiam,
1753 3481 2015 3552 dudum
2070 3503 2110 3552 a
2164 3478 2495 3552 Poloniae
2551 3481 2741 3572 Rege
2794 3480 3186 3553 Wladislao
3225 3478 3695 3573 designatam,
3751 3481 3944 3553 aedi-

858 3603 1133 3673 ficatam
1189 3605 1258 3673 et
1311 3601 1653 3690 dotatam,
1714 3599 2049 3692 erigendi.
2118 3599 2386 3691 Quibus
2453 3597 2772 3670 omnibus
2837 3599 3158 3690 Synodus
3225 3621 3482 3672 morem
3535 3619 3817 3690 gerenS,
3875 3603 3949 3671 et

859 3718 1243 3792 Cruciferos
1299 3719 1624 3792 invadere
1680 3718 2107 3811 Samagittas
2164 3718 2688 3792 districtissime
2744 3718 3004 3806 vetuit,
3044 3723 3114 3791 et
3150 3719 3448 3791 Iohanni
3485 3719 3570 3791 de
3610 3718 3946 3789 Rzeszow

859 3837 1376 3929 archiepiscopo
1430 3837 1906 3929 Leopoliensi‚
1965 3859 2044 3909 ac
2096 3838 2307 3910 Petro
2363 3837 2683 3928 episcopo
2739 3837 3095 3924 Vilnensi‚
3154 3837 3492 3910 fundandi
3527 3836 3950 3909 Cathedram

863 3958 1046 4048 apud
1102 3956 1529 4048 Samagittas
1587 3956 1989 4028 mandatum
2046 3955 2348 4046 speciale
2402 3977 2524 4046 per
2577 3955 2822 4027 literas
2853 3954 2913 4044 5)
2968 3955 3184 4027 dedit.

888 4304 1276 4376 wladislaus
1320 4305 1459 4376 nex
1504 4305 1746 4376 Annam
1792 4306 1945 4377 olim
1988 4305 2194 4376 caroli
2240 4304 2578 4376 Bohemiae
2621 4304 2816 4392 nogia
2860 4304 3086 4389 liliam,
3138 4303 3528 4375 Brabantiee
3573 4303 3932 4388 Bucinum,

1940 4425 2007 4495 in
2051 4424 2522 4495 matrimonium
2566 4423 2877 4495 solicitat.

1073 4667 1384 4741 Tertium
1423 4667 1969 4757 matrimonium,
2026 4669 2290 4741 duobas
2327 4669 2466 4740 iam
2503 4670 2908 4758 perfunctus
2947 4667 3382 4740 Wladislaus
3420 4666 3750 4739 Poloniae
3791 4667 3964 4738 Rex

864 4790 1203 4874 initurus,
1260 4789 1546 4860 Petrum
1602 4788 2164 4879 Myedzwyeczky
2221 4787 2516 4859 militem
2573 4787 2644 4859 in
2701 4786 3153 4859 Brabantiam
3191 4786 3274 4857 ad
3315 4785 3684 4858 videndum
3725 4784 3963 4857 filiam

865 4909 1092 4980 Caroli
1146 4907 1520 4980 Bohemiae
1574 4905 1789 4999 Regis
1846 4909 2121 4977 Annam
2177 4911 2246 4977 et
2301 4905 2516 4977 Ducis
2573 4904 2991 4977 Brabantiae
3043 4904 3391 4990 relictam,
3451 4909 3519 4976 et
3573 4903 3660 4974 ad
3710 4902 3964 4976 solici-

1086 5194 1133 5271 ¹)
1176 5197 1268 5255 Ex
1310 5197 1539 5256 Kowno
1598 5202 1792 5257 autem
1856 5191 2005 5257 Cod.
2067 5192 2257 5255 Rozr.
2322 5189 2377 5275 ⁹)
2425 5198 2798 5269 separaretur
2859 5187 3011 5254 Cod.
3069 5189 3261 5254 Rozr.
3325 5188 3380 5274 ³)
3428 5189 3748 5268 Godigolth
3801 5185 3974 5256 Cod.

868 5296 1061 5360 Rozr.
1110 5294 1164 5381 ⁴²)
1212 5299 1529 5374 Georgium
1576 5298 1848 5358 Golomin
1899 5297 2325 5358 Nadobrowicz
2376 5291 2526 5357 Coel.
2572 5293 2748 5356 Kost.
2807 5291 2861 5377 ⁵)
2907 5313 3014 5371 per
3057 5295 3286 5370 literas,
3347 5310 3592 5368 quarum
3637 5293 3974 5356 inserimus

870 5406 1131 5460 tenorem
1179 5395 1331 5461 Cod.
1383 5396 1555 5461 Calv.
1614 5397 1824 5461 Tener
1866 5407 2078 5460 autem
2122 5396 2460 5459 literarum
2505 5393 2912 5458 desideratur
2954 5394 3027 5456 in
3070 5391 3358 5456 omnibus
3412 5391 3610 5460 codd.
