4342 6384
871 561 1023 638 440
1781 625 1790 636 .
2067 583 2295 639 616611
2346 581 2805 640 6666611166.
3430 560 3563 664 (Α.
3607 562 3697 639 D.
3732 561 3963 663 1431.)

871 774 1062 847 libus
1116 773 1485 845 dolendum
1553 771 1649 845 sit
1712 773 1794 844 de
1861 777 2096 846 vestra
2157 773 2589 846 deviatione:
2668 772 2844 845 mihi
2907 777 3141 846 tamen
3206 779 3279 846 61
3343 774 3585 866 Regno
3642 795 3825 862 me0,
3884 797 3959 848 6ο

872 895 1207 984 6111111166,
1265 899 1548 984 propter
1601 895 2002 985 Regnorum
2058 893 2497 966 vicinitatem
2561 899 2631 966 61
2683 893 3030 986 linguagii
3096 893 3537 966 identitatem
3576 896 3653 983 ¹).
3731 895 3957 968 Move-

870 1019 1034 1085 runt
1088 1013 1165 1084 hi
1220 1033 1571 1086 sermones
1628 1014 1936 1086 omnium
1991 1014 2597 1087 circumstantium
2654 1015 2860 1086 corda
2912 1014 3257 1101 fidelium3
3332 1014 3800 1087 Bohemorum
3856 1021 3957 1087 ta-

871 1153 1028 1203 men
1057 1131 1121 1221 2)
1187 1133 1381 1205 arida
1444 1139 1514 1206 61
1579 1132 1764 1206 61666
1825 1135 2102 1204 6611616
2174 1137 2554 1224 1161661661
2619 1155 2863 1225 capere
2892 1132 2955 1223 ³)
3019 1134 3413 1221 humorem,
3490 1135 3960 1227 allegantibus

871 1252 1052 1340 11116,
1113 1273 1187 1324 66
1239 1259 1497 1325 rectam
1553 1253 1925 1345 Evangelii
1980 1259 2076 1350 61,
2104 1254 2395 1325 Patrum
2450 1254 2670 1341 viam,
2728 1254 3103 1345 aliquando
3160 1253 3503 1345 ignotam,
3560 1276 3743 1326 nunc
3780 1275 3958 1327 com-

871 1377 1141 1463 pertam
1199 1379 1474 1445 secutos
1530 1394 1713 1460 esse,
1769 1394 1895 1444 nec
1951 1373 2036 1446 ab
2092 1373 2223 1445 illa
2278 1393 2553 1464 quoquo
2610 1372 2809 1444 modo
2864 1374 3330 1462 discessurOS,
3388 1373 3527 1446 nisi
3581 1395 3707 1466 per
3758 1396 3960 1466 gene·

871 1492 1018 1564 rale
1084 1491 1501 1580 Concilium,
1576 1493 1651 1563 in
1717 1514 1852 1584 quo
1918 1492 2201 1564 daretur
2270 1493 2421 1564 illis
2488 1494 2788 1564 facultas
2855 1493 3215 1584 opiniones
3290 1514 3453 1566 suas
3527 1494 3961 1584 defendendi,

872 1611 1047 1684 victi
1103 1616 1172 1684 et
1227 1612 1540 1703 superati
1595 1618 1850 1685 666661.
1909 1613 2024 1684 Ι16
2075 1633 2150 1684 re
2188 1613 2448 1685 infecta
2502 1613 2887 1687 discessum
2918 1614 3003 1702 ⁴).
3064 1613 3365 1686 Stabant
3401 1619 3632 1687 tamen
3688 1615 3763 1686 in
3800 1615 3957 1687 Cra-

875 1731 1076 1802 covia
1108 1729 1170 1820 5)
1225 1731 1548 1822 pluribus
1605 1731 1884 1820 diebuS,
1953 1735 2023 1804 et
2074 1733 2149 1803 in
2203 1732 2601 1823 praesentia
2655 1754 2888 1806 eorum
2955 1733 3506 1806 ecclesiasticum
3564 1735 3969 1807 servabatur

875 1850 1348 1922 interdictum.
1434 1851 1778 1942 Sbigneus
1842 1850 2211 1942 episcopus
2286 1851 2374 1922 ad
2450 1852 2991 1924 consecrandum
3066 1853 3369 1926 chrisma
3450 1857 3521 1926 et
3582 1855 3669 1925 ad
3733 1874 3967 1926 recon-

876 1969 1259 2042 ciliandum
1313 1970 1783 2062 poenitenteS,
1841 1971 1914 2042 in
1969 1971 2234 2062 Mogila
2288 1971 2789 2043 monasterium
2820 1972 2883 2060 6)
2940 1973 3294 2061 exiverat,
3354 1973 3613 2046 faciens
3670 1978 3741 2046 et
3774 1995 3969 2064 prae-

877 2089 1145 2181 cipiens
1199 2089 1599 2162 districtum
1657 2090 1921 2163 servari
1975 2091 2344 2163 Cracoviae
2398 2090 2873 2163 interdictum.
2932 2091 3023 2162 Et
3076 2090 3244 2165 licet
3298 2092 3520 2184 aliqui
3576 2095 3970 2166 saeculares

877 2210 1404 2298 persuaderent,
1481 2215 1562 2281 ut
1625 2210 1698 2281 in
1761 2210 2158 2301 praesentia
2230 2211 2728 2297 Bohemorum,
2804 2231 2939 2301 quo
3004 2212 3283 2284 facilius
3350 2233 3587 2285 eorum
3656 2213 3967 2285 reductio

877 2329 1250 2420 practicari
1313 2333 1384 2401 et
1439 2329 1618 2402 effici
1683 2333 1951 2420 posset,
2027 2330 2267 2402 divina
2330 2330 2560 2403 officia
2613 2336 3039 2419 tenerentur,
3109 2333 3467 2422 praefatus
3524 2337 3755 2406 tamen
3812 2335 3965 2407 Sbi-

875 2470 1098 2541 gneus
1161 2449 1531 2541 episcopus
1603 2471 1759 2522 cnm
1823 2451 2010 2522 omni
2083 2451 2269 2523 clero
2348 2471 2473 2521 suo
2550 2450 2825 2522 fortiter
2894 2451 3163 2523 restitit
3244 2456 3313 2524 et
3376 2454 3772 2526 constantia
3844 2476 3969 2527 sua

879 2569 1184 2642 omnium
1240 2575 1529 2641 conatus
1585 2570 1824 2662 fregit;
1882 2576 2303 2662 coactusque
2358 2569 2494 2641 fuit
2531 2570 2970 2643 Wladislaus
3008 2572 3195 2658 Rex,
3250 2591 3339 2643 ne
3376 2571 3631 2644 civitas
3668 2573 3969 2666 insignis

875 2710 1000 2780 pro
1066 2688 1312 2762 diebus
1378 2690 1690 2762 Paschae
1761 2690 2262 2763 ecclesiasticis
2327 2695 2593 2762 careret
2657 2690 2941 2777 officiis,
3019 2690 3364 2764 Bohemos
3431 2693 3823 2765 haereticos
3896 2693 3967 2766 in

877 2808 1312 2881 Casimiriam
1367 2809 1684 2896 16116616,
1743 2831 1880 2881 666
1919 2811 2071 2882 6166
2127 2810 2438 2901 ipsorum
2476 2810 2669 2900 turpi
2707 2809 3093 2902 ignominia
3146 2815 3215 2882 et
3250 2817 3449 2899 nota;
3506 2810 3763 2885 civitas
3801 2834 3966 2904 quo-

879 2948 1013 3018 que
1067 2928 1548 3000 Cracoviensis
1604 2933 1841 3001 6111666
1895 2933 2165 3020 portaS,
2226 2930 2354 3001 sub
2410 2930 2603 3002 fideli
2658 2930 3008 3019 custodia,
3064 2951 3151 3002 ne
3191 2931 3483 3003 Bohemi
3536 2933 3969 3005 clandestine

883 3047 1262 3135 intrarent,
1321 3049 1621 3137 61611666,
1663 3049 2029 3121 observare
2085 3053 2325 3121 coacta
2362 3054 2494 3122 est.
2554 3051 2689 3122 Pro
2746 3071 2883 3141 qua
2934 3071 3041 3138 re,
3099 3070 3350 3142 magna
3404 3051 3684 3124 cholera
3737 3056 3807 3124 et
3864 3055 3966 3125 fu-

877 3187 1033 3239 rore
1089 3167 1382 3239 Bohemi
1433 3167 1740 3256 accensi,
1806 3169 2032 3240 multa
2085 3169 2460 3242 maledicta
2525 3173 2595 3242 61
2648 3170 3133 3272 contumelias·
3162 3170 3402 3260 plures
3456 3171 3531 3242 in
3588 3171 3968 3264 Sbigneum

883 3287 1285 3377 episcopum
1339 3286 1863 3359 cracoviensem
1922 3289 2348 3379 expuebant,
2417 3309 2621 3380 quem
2686 3288 2999 3362 sciebant
3062 3311 3229 3362 suae
3284 3291 3714 3363 exclusionis
3779 3292 3966 3384 prin·

877 3406 1174 3496 cipa'lem
1232 3426 1384 3478 esse
1438 3425 1718 3478 causam
1775 3413 1845 3480 et
1899 3408 2292 3480 authorem.
2368 3409 2569 3480 Unde
2633 3414 2703 3482 et
2758 3414 3009 3501 expost
3074 3412 3473 3502 frequenter
3524 3413 3687 3483 Dux
3746 3411 3966 3504 Sigis-

878 3526 1180 3597 mundus
1236 3525 1592 3598 Koributh
1654 3526 1728 3597 in
1783 3528 2078 3600 consilio
2132 3528 2325 3620 regio
2397 3550 2552 3601 cum
2608 3551 2687 3602 eo
2751 3529 3073 3622 iurgatus
3130 3535 3267 3617 661,
3336 3535 3405 3603 61
3460 3532 3671 3604 verba
3735 3553 3967 3604 eorum

880 3667 1101 3737 nsque
1175 3645 1262 3716 ad
1335 3649 1630 3718 testatas
1702 3647 2112 3720 inimicitias
2146 3649 2208 3737 ⁷)
2280 3649 2765 3740 procedebant.
2849 3650 3221 3722 Praefatus
3294 3651 3549 3722 etenim
3622 3651 3967 3744 Sbigneus

879 3766 1250 3857 episcopus
1315 3766 1461 3838 zelo
1515 3767 1677 3839 fidei
1734 3788 2091 3856 66666666,
2149 3769 2515 3841 6666111166
2568 3769 2867 3860 praefati
2925 3769 3360 3861 Sigismundi
3406 3770 3765 3842 Koributh
3820 3772 3963 3842 ani-

879 3907 1070 3958 mose
1123 3886 1499 3958 resistebat
1562 3893 1633 3959 et
1697 3908 1860 3959 suas
1890 3887 1954 3978 8)
2019 3889 2427 3961 confutabat
2492 3889 2893 3961 instantias.
2968 3891 3033 3961 A
3095 3889 3456 3961 nonnullis
3522 3889 3967 3982 Sigismundo

881 4007 1282 4078 faventibus
1347 4005 1431 4078 ob
1495 4006 1566 4077 id
1623 4013 1904 4099 carptus
1935 4007 2024 4096 ⁹),
2089 4009 2401 4081 liberiori
2468 4029 2674 4100 quam
2738 4009 3224 4098 conveniebat,
3258 4031 3459 4110 'voce
3513 4011 3964 4100 666611161116,

883 4126 1330 4218 Sigismundo
1369 4125 1457 4215 ¹⁰)
1515 4127 1706 4199 Duce
1759 4149 1995 4200 necem
2033 4128 2143 4200 illi
2202 4134 2273 4201 et
2310 4129 2645 4200 bonorum
2703 4130 3200 4217 vastationem,
3260 4130 3320 4201 si
3376 4129 3460 4201 de
3498 4136 3769 4204 caetero
3826 4152 3967 4203 mo-

879 4248 1106 4318 lestus
1145 4245 1284 4318 sibi
1341 4250 1410 4317 et
1449 4246 1596 4318 suis
1651 4253 1968 4340 pergeret
2005 4269 2190 4335 esse,
2231 4248 2724 4321 comminante:
2785 4249 3021 4338 Istud,
3062 4249 3324 4340 inquit,
3382 4251 3611 4322 nescis
3652 4253 3970 4342 superbe,

879 4367 1087 4439 facile
1142 4387 1248 4438 me
1304 4369 1497 4438 tuam
1553 4367 1998 4440 insolentiam
2057 4369 2662 4441 comminaturum.
2738 4371 2921 4442 Dum
2976 4377 3210 4441 autem
3270 4370 3629 4461 praefatus
3684 4372 3849 4444 Dux
3902 4378 3975 4444 et

881 4487 1208 4575 Bohemi,
1283 4491 1425 4558 tam
1491 4507 1614 4579 per
1686 4487 2150 4561 Wladislaum
2214 4489 2505 4579 Regem,
2588 4509 2793 4580 quam
2860 4489 3303 4561 consiliarios
3368 4511 3532 4562 suos
3595 4491 3971 4578 licentiati,

882 4628 968 4680 ex
1025 4607 1356 4680 Gracovia
1410 4606 1876 4696 discederent,
1933 4607 2215 4680 retortis
2271 4608 2343 4680 in
2384 4607 2901 4682 (ἔτει-6611666616
2960 4609 3323 4682 6661661616
3377 4609 3540 4682 Dux
3579 4611 3971 4703 Sigismun-

881 4728 1012 4800 dus
1079 4727 1336 4815 oculis,
1403 4726 1659 4800 minaci
1723 4749 1868 4815 ore,
1946 4727 2082 4798 iam
2149 4749 2286 4799 non
2351 4727 2651 4820 Sbigneo
2718 4729 3073 4820 episcope,
3144 4731 3263 4802 sed
3328 4730 3662 4803 ecclesiae
3726 4731 3970 4804 01666-

881 4847 1149 4921 viensis
1206 4845 1627 4920 Beatissimo
1690 4846 2005 4938 pontifici
2063 4853 2133 4919 et
2186 4848 2489 4919 Patrono
2530 4849 2641 4937 ¹¹),
2702 4870 2908 4921 manu
2966 4854 3206 4922 contra
3252 4850 3617 4924 ecclesiam
3664 4852 3969 4940 vibrata,

1095 5051 1144 5133 ¹)
1189 5053 1428 5130 linguae
1474 5054 1900 5129 cognationem.
1950 5047 2101 5114 Cod.
2149 5049 2341 5114 Rozr.
2393 5049 2447 5136 2)
2494 5057 2634 5113 tunc
2678 5051 2805 5114 Ed.
2860 5051 3043 5136 Lipe.
3116 5051 3171 5133 ³)
3218 5054 3528 5132 concipere
3576 5051 3731 5116 Cod.
3776 5053 3972 5117 Rozr.

881 5154 938 5236 ⁴)
983 5155 1310 5216 discessum
1356 5161 1462 5217 est.
1516 5151 1666 5218 Cod.
1713 5153 1906 5217 Rozr.
1981 5154 2034 5234 ⁵)
2080 5161 2277 5217 autem
2322 5156 2645 5217 Cracoviae
2688 5154 2815 5217 Ed.
2861 5154 3043 5240 Lips.
3094 5154 3146 5235 ⁶)
3192 5158 3255 5216 in
3298 5158 3719 5218 monasterium
3764 5159 3975 5219 Clarae

879 5259 1150 5318 Tumbae
1192 5259 1340 5319 alias
1385 5259 1608 5336 Mogila
1655 5249 1807 5321 Cocl.
1853 5255 2044 5320 Rozr.
2095 5257 2145 5336 ⁷)
2192 5259 2537 5328 manifestas
2578 5260 2823 5320 iniurias
2872 5255 3023 5322 Cod.
3070 5257 3260 5321 Rozr.
3310 5257 3362 5339 ε)
3408 5261 3535 5321 eius
3583 5257 3737 5322 cod.
3781 5259 3972 5322 Rozr.

883 5358 938 5440 ⁹)
983 5365 1286 5438 correptus
1357 5358 1508 5426 Ood.
1553 5359 1746 5426 Rozr.
1832 5359 1907 5446 ¹⁰)
1957 5361 2451 5438 sigismundoque
2500 5357 2651 5424 Cod.
2704 5359 2927 5426 Rozr..
2975 5359 3051 5442 ¹¹)
3099 5364 3357 5424 Patrono
3413 5364 3629 5424 Sancto
3674 5363 3971 5426 Stanisho
3998 5359 4021 5374 “

888 5457 1040 5528 Cod.
1086 5459 1278 5524 Rozr.
