4342 6384
400 576 531 680 (Α.
570 579 661 654 D.
704 578 955 679 1429.)
1572 605 1799 656 mmm
1850 605 2309 658 annuemus.
3347 587 3495 659 373

398 793 547 861 tum
603 793 816 881 atque
868 788 1297 862 obstinatum
1356 794 1497 877 est,
1556 788 1821 881 inquit,
1878 794 1953 862 at
2008 811 2131 882 ego
2189 789 2274 863 ad
2330 811 2474 865 rem
2530 790 3020 882 perficiendam
3075 790 3240 863 aliis
3287 794 3497 883 atque

396 907 557 981 aliis
612 914 775 982 utar
825 908 1132 983 artibus:
1206 909 1645 983 vehementis
1698 909 1965 1002 ingenii
2022 909 2134 984 sui
2189 912 2504 984 ardorem
2561 908 2988 1002 significans.
3065 911 3207 984 Sed
3265 910 3493 983 consi·

396 1027 623 1102 liariis
676 1027 1033 1119 Poloniae,
1090 1033 1172 1101 ut
1208 1034 1389 1117 erat,
1447 1035 1651 1102 atrox
1690 1034 1759 1102 et
1792 1029 2079 1102 horrida
2114 1029 2502 1104 Withawdi
2554 1031 2728 1102 haec
2783 1029 3132 1103 sententia
3185 1035 3259 1104 et
3295 1051 3494 1122 prae·

399 1148 569 1222 satio
622 1148 1025 1223 videbatur:
1084 1169 1329 1222 coecus
1385 1149 1571 1223 enim
1623 1149 1804 1242 regii
1858 1149 2276 1223 diadematis
2341 1149 2728 1242 cupiditate
2781 1149 3057 1223 animus
3112 1149 3496 1224 Withawdi

397 1267 579 1340 nihil
632 1269 941 1342 salutare
976 1267 1427 1357 admittebat3
1486 1291 1877 1362 magnaque
1913 1271 2479 1361 percellabantur
2513 1269 3008 1356 admiratione,
3069 1269 3252 1362 quod
3291 1270 3494 1342 Prin-

394 1409 557 1480 ceps
612 1388 926 1480 alioquin
982 1390 1203 1462 solers
1258 1393 1330 1462 et
1367 1389 1785 1479 industrius,
1843 1389 1915 1462 in
1954 1394 2184 1464 aetate
2239 1395 2550 1464 extrema
2605 1395 2676 1462 et
2712 1388 3029 1478 occidua,
3087 1411 3492 1483 magnarum

398 1529 603 1600 opum
660 1514 730 1582 et
782 1508 1098 1600 gentium
1152 1509 1509 1599 dominus,
1577 1510 1795 1582 ardua
1849 1513 1919 1583 et
1970 1509 2368 1602 periculosa
2429 1515 2572 1582 tam
2627 1509 2767 1582 sibi
2821 1531 3030 1602 quam
3087 1509 3236 1583 suis
3294 1509 3492 1582 inva-

392 1628 555 1701 dere
612 1629 1057 1702 contenderet
1113 1629 1449 1715 facinora,
1507 1651 1768 1702 novum
1824 1651 2097 1722 quoque
2150 1629 2472 1721 iniquum
2527 1634 2597 1702 et
2649 1630 2894 1722 Regno
2952 1629 3284 1702 Poloniae
3335 1650 3492 1722 per·

344 1755 347 1760 ’
396 1746 737 1822 niciosum
807 1754 1045 1840 petere
1108 1749 1337 1838 visus,
1414 1749 1679 1842 iniquis
1742 1750 2032 1824 auribus
2107 1772 2148 1823 a
2223 1748 2570 1823 Praelatis
2642 1753 2716 1822 et
2785 1749 3190 1841 proceribus
3262 1748 3494 1843 Regni

396 1867 733 1942 Poloniae
786 1867 1071 1942 auditus
1128 1874 1259 1942 est.

396 2229 755 2302 oonsiliarii
796 2230 1097 2304 roloniae
1142 2248 1284 2305 cun
1326 2230 1500 2322 Πομ
1546 2250 1665 2304 no
1726 2251 1763 2304 ο
1808 2233 2099 2305 Luczsko
2142 2233 2510 2306 discedunt.
2573 2232 2831 2305 ΠοΙιοιιιί
2877 2232 3148 2305 Bletisa
3198 2233 3494 2304 vastant.

394 2349 819 2438 Uiuianus,
862 2352 1077 2424 invito
1104 2350 1280 2441 Πομ
1324 2369 1401 2426 ac
1432 2354 1679 2426 Senatu
1722 2352 2042 2440 roloniae,
2088 2370 2388 2426 coronam
2433 2369 2508 2424 ιο
2552 2370 2593 2425 ο
2624 2352 3030 2443 sigimundo
3073 2352 3493 2424 Ramnetum

1426 2475 1603 2564 Πομ
1646 2477 2061 2563 acceptum·
2104 2472 2477 2546 denuntiat.

602 2712 793 2784 Duce
848 2710 1245 2784 Withawdo
1303 2733 1391 2787 ex
1447 2712 1743 2786 concilio
1798 2713 2230 2802 discedente,
2299 2713 2606 2787 omnium
2660 2711 2996 2786 Poloniae
3050 2712 3485 2785 consiliario-

392 2853 549 2904 rum
603 2831 820 2904 animi
876 2830 949 2903 in
986 2853 1309 2926 magnam
1362 2833 1867 2924 pertrahuntur
1900 2833 2472 2924 amaritudinem,
2511 2853 2855 2906 venenum
2891 2831 3164 2926 ingens,
3207 2833 3489 2926 ingenio

400 2950 843 3044 Sigismundi
880 2950 1099 3045 Regis
1154 2951 1485 3026 diffusum
1525 2955 1865 3044 clamant,
1923 2954 2305 3028 difficulter
2357 2953 2758 3046 quieturum
2811 2956 2884 3026 ot
2937 2954 3318 3027 multorum
3371 2974 3490 3046 pe-

394 3077 587 3146 ctora
639 3071 1083 3146 infecturum.
1139 3073 1683 3164 Lacessitusque
1736 3079 1905 3147 tunc
1958 3079 2067 3148 est
2105 3074 2544 3148 Wladislaus
2599 3075 2754 3148 Rex
2811 3073 3293 3167 frequentibus
3331 3095 3489 3165 pro-

392 3191 572 3280 bris,
652 3192 834 3284 quod
898 3191 1376 3265 Withawdum
1451 3195 1735 3266 fratrem
1808 3199 1877 3268 et
1948 3193 2406 3268 Lithuaniam
2477 3193 2776 3287 patriam
2849 3215 3006 3268 cum
3079 3194 3308 3288 Regni
3381 3194 3494 3266 sui

284 3379 297 3386 ,
394 3312 727 3386 Poloniae
780 3311 1087 3405 pernicie
1150 3318 1221 3386 et
1283 3312 1647 3406 dispendio
1712 3314 2055 3388 niteretur
2116 3315 2580 3407 amplificare,
2651 3313 2846 3388 brevi
2909 3315 2998 3386 ad
3051 3336 3242 3403 eum,
3312 3315 3497 3406 quod

392 3432 691 3525 ipsemet
746 3431 1038 3525 egisset,
1095 3433 1647 3506 redundaturum
1687 3435 1764 3525 ¹),
1822 3455 1904 3508 ac
1938 3436 2342 3527 propediem
2381 3455 2783 3523 sensurum,
2843 3439 3180 3526 quantum
3229 3436 3493 3506 malum

392 3552 564 3640 sibi,
625 3551 913 3644 suisque
966 3553 1155 3625 natis
1211 3559 1282 3626 et
1334 3554 1613 3646 Regno,
1670 3554 1933 3638 eciem,
1988 3560 2447 3648 nectensque,
2505 3553 2934 3628 conflaverit.
2993 3553 3327 3627 Universi
3381 3575 3490 3628 ce-

393 3674 607 3746 lerem
664 3671 1052 3744 discessum
1107 3677 1179 3745 et
1216 3673 1563 3765 quandam
1621 3675 1825 3766 quasi
1862 3677 2097 3768 fugam
2134 3676 2456 3765 suadent,
2514 3695 2602 3748 ne
2639 3673 3049 3767 contagione
3103 3679 3246 3745 tam
3289 3674 3489 3746 fortis

392 3790 799 3865 inficiantur
826 3790 891 3881 2)
946 3791 1219 3865 veneni.
1276 3794 1563 3866 Adeunt
1614 3795 1916 3887 primum
1973 3795 2446 3868 Wladislaum
2483 3795 2776 3886 Regem,
2837 3815 3132 3884 eumque
3183 3793 3493 3885 graviter

394 3911 525 3984 tali
580 3931 896 3984 sermone
951 3910 1370 4003 corripiunt:
1430 3913 1756 4002 Hiccine,
1815 3913 2178 4006 inquiunt,
2237 3921 2346 3988 est
2399 3916 2670 3988 fructus
2705 3913 2920 3986 huius
2977 3913 3487 4002 conventioniS,

394 4031 483 4104 ad
540 4053 749 4124 quam
812 4053 937 4104 nos
1004 4032 1243 4105 venire
1304 4033 1615 4122 iussisti,
1683 4040 1764 4106 ut
1830 4040 1971 4108 tam
2028 4033 2371 4108 notabilia
2423 4033 2750 4107 Dominia
2813 4055 2855 4105 a
2908 4038 3030 4105 tuo
3085 4035 3492 4106 auferantur

396 4156 471 4224 et
524 4151 935 4224 scindantur
989 4153 1281 4244 Regno?
1338 4153 1511 4244 Quis
1559 4153 2018 4226 Serenitatem
2075 4159 2269 4227 tuam
2323 4153 2610 4246 impulit
2663 4154 2750 4226 ad
2793 4153 3160 4227 favendum
3219 4159 3290 4224 ot
3327 4175 3487 4226 con-

394 4271 837 4343 sentiendum
899 4270 975 4343 in
1028 4273 1160 4344 hoc
1223 4274 1533 4346 malum?
1616 4275 1949 4346 Malleum
2012 4273 2332 4348 adhiberi
2395 4280 2518 4348 tuo
2584 4273 2804 4366 capiti
2866 4271 3285 4365 permisisti,
3354 4294 3490 4363 quo

392 4391 802 4464 verberatus
858 4390 1156 4463 occidas.
1214 4391 1340 4463 Vir
1394 4391 1563 4481 iste,
1620 4394 2089 4466 Romanorum
2129 4394 2284 4467 Rex
2323 4393 2850 4487 Sigismundus,
2907 4414 3048 4465 non
3100 4392 3240 4464 alio
3295 4393 3492 4466 venit

390 4513 531 4586 huc
584 4517 937 4602 respectu,
995 4510 1137 4584 nisi
1191 4516 1272 4584 ut
1308 4512 1727 4585 divisionem
1780 4506 2139 4586 cruentam
2195 4514 2379 4588 int-er
2415 4520 2486 4588 to
2539 4519 2612 4588 et
2649 4515 2934 4586 fratrem
2988 4519 3190 4586 tuum
3229 4513 3491 4586 Ducem

394 4631 871 4704 Withawdum
926 4636 1172 4722 ponat:
1247 4632 1456 4705 aliter
1510 4632 1693 4705 enim
1758 4632 2021 4706 satiare
2074 4641 2317 4725 pectus
2373 4655 2614 4721 suum,
2683 4635 3029 4706 fraternae
3083 4632 3489 4707 concordiae

393 4750 743 4838 invidum,
810 4771 949 4822 non
1001 4755 1269 4842 potest·
1339 4751 1643 4843 Linque,
1710 4771 2094 4843 precamur,
2154 4751 2382 4828 locum
2437 4753 2654 4826 istum
2711 4775 2958 4846 ocyuS‚
3015 4775 3056 4826 a
3107 4752 3310 4827 nobis
3366 4774 3486 4826 ex·

390 4870 657 4962 templo
711 4870 1204 4961 linquendum3
1260 4891 1400 4942 non
1453 4870 1640 4944 enim
1693 4871 1840 4960 hie,
1898 4893 2076 4963 quae
2128 4878 2490 4964 parantur,
2551 4873 2792 4962 malis,
2849 4878 2920 4945 et
2973 4893 3151 4965 quae
3206 4873 3488 4947 assidue

392 4990 787 5063 conflantur
848 4990 923 5062 in
978 4994 1171 5062 tuam
1234 4996 1307 5064 et
1371 4997 1646 5065 tuorum
1711 4995 2035 5064 natorum
2064 4990 2152 5081 ³),
2220 5014 2393 5084 quos
2455 4993 2658 5066 nobis
2720 4993 3054 5066 haeredes
3115 4993 3485 5084 relinquis,

387 5110 770 5202 perniciem
823 5111 1354 5199 redundaturis,
1408 5133 1783 5203 possumus
1836 5111 2201 5186 interesse.
2260 5113 2641 5206 Consurge,
2699 5113 2896 5186 vides
2951 5114 3206 5185 nubem
3261 5113 3484 5187 trucis

392 5235 465 5303 et
528 5229 801 5304 cruenti
863 5229 1071 5318 belli,
1143 5232 1521 5322 procellam
1584 5235 1943 5305 tonantem
2006 5231 2299 5325 aspicis,
2374 5254 2622 5326 magno
2687 5231 2952 5306 cruoris
3017 5232 3268 5321 imbre,
3343 5232 3487 5306 nisi

608 5486 658 5569 ¹)
702 5487 1161 5550 redundaturum
1203 5485 1331 5550 Ed.
1378 5485 1561 5572 Lips.
1610 5487 1662 5570 ²)
1709 5490 2085 5551 inficerentur
2126 5487 2255 5552 Ed.
2301 5486 2483 5573 Lips.
2531 5488 2590 5572 ⁸)
2633 5507 2948 5569 puerorum
2993 5483 3147 5554 God.
3191 5485 3386 5554 Βοῦν.
