4342 6384
375 572 508 678 (Α.
550 572 640 650 D.
683 567 936 675 1428.)
1549 588 1776 649 menn
1827 584 2291 646 vnnncnms.
3320 565 3467 645 351

1277 994 1704 1106 ANNUS
1777 992 2237 1104 DOMINI
2307 990 2587 1103 1428.

757 1262 1149 1335 wladislaus
1191 1261 1331 1335 nox
1375 1261 1456 1332 ab
1501 1258 1784 1332 Antonio
1825 1258 2144 1348 :appatio
2182 1256 2455 1348 rigidam
2498 1258 2709 1347 exigit
2752 1258 3093 1330 rationem.

583 1504 898 1576 Peractis
935 1501 1216 1574 Natalis
1255 1500 1568 1587 Domini,
1607 1497 2050 1571 Wladislaus
2083 1497 2417 1571 Poloniae
2454 1498 2641 1583 Rex,
2682 1496 2867 1588 apud
2904 1496 3147 1568 Wilno
3200 1496 3471 1584 diebuS,

376 1628 448 1696 et
513 1624 748 1696 solitis
820 1623 1230 1714 perfunctus
1303 1618 1827 1705 venationibus,
1913 1617 1988 1689 in
2062 1618 2383 1709 Regnum
2466 1616 2799 1689 Poloniae
2878 1616 3122 1705 rediit,
3208 1621 3278 1689 et
3346 1637 3473 1708 pro

376 1744 624 1816 diebus
679 1739 1138 1832 carnisprivii
1192 1740 1264 1811 in
1303 1738 1619 1812 Iedlnam
1653 1740 1705 1827 ¹)
1743 1738 1970 1810 venit:
2030 1758 2166 1829 quo
2220 1738 2311 1808 ad
2346 1737 2551 1808 illum
2606 1738 2933 1828 frequens
2988 1737 3473 1823 Praelatorum

376 1868 445 1935 et
507 1864 846 1936 baronum
911 1861 1246 1934 Poloniae
1313 1880 1642 1932 numerus
1705 1858 2160 1931 confluxerat.
2237 1857 2405 1929 Cum
2472 1856 2731 1948 quibus
2790 1856 3094 1948 negotiis
3164 1854 3474 1947 publicis

373 1982 602 2075 Regni
667 1981 1010 2054 ordinatis
1081 1986 1152 2053 et
1215 1978 1656 2071 compositiS‚
1731 1998 1817 2049 ex
1883 1978 2131 2051 Iedlna
2161 1974 2225 2065 2)
2295 1998 2421 2068 per
2481 1977 2635 2048 loca
2698 1975 2942 2063 solita,
3020 1976 3153 2047 sub
3224 1975 3473 2048 diebus

375 2101 962 2194 Quadrugesimae
1017 2101 1090 2172 in
1147 2100 1214 2171 N
1219 2098 1719 2192 yepolomicze,
1777 2096 2027 2169 deinde
2084 2096 2487 2188 Bochnyam
2542 2095 2921 2168 deveniens
2954 2093 3042 2183 ³),
3108 2094 3473 2166 nonnullis

373 2222 726 2293 Praelatis
781 2226 852 2293 et
905 2220 1284 2293 baronibus
1339 2218 1863 2310 praesentibus,
1920 2217 2006 2290 de
2041 2215 2450 2288 introitibus
2490 2216 2887 2307 Zupparum
2918 2214 2982 2303 4)
3036 2215 3123 2287 ab
3164 2213 3473 2286 Antonio

375 2340 460 2412 de
512 2338 878 2411 Florentia
929 2339 1116 2410 Italo
1180 2336 1477 2429 rigidam
1545 2337 1784 2428 exegit
1846 2335 2215 2409 rationem.
2290 2335 2398 2406 Ex
2456 2335 2822 2425 Bochnya‚
2878 2333 3259 2425 praeterita
3310 2334 3471 2405 Cra-

377 2459 609 2545 covia‚
667 2459 755 2530 ad
807 2464 1046 2549 partes
1099 2456 1386 2529 Maioris
1421 2456 1757 2528 Poloniae
1809 2454 2135 2542 divertit,
2194 2459 2267 2526 et
2302 2454 2575 2526 Pascha
2620 2452 2900 2525 Domini
2954 2452 3139 2543 apud
3174 2451 3475 2527 Kalisch

381 2576 772 2665 celebranS,
831 2597 1032 2649 omne
1087 2576 1380 2648 aestatis
1437 2580 1712 2665 tempus
1767 2574 1840 2646 in
1896 2574 2221 2665 partibus
2278 2572 2564 2644 Maioris
2618 2572 2953 2643 Poloniae
3008 2570 3265 2663 exegit.

378 2940 711 3012 montom
738 2938 1011 3028 imperii,
1041 2936 1382 3009 accersitis
1411 2936 1658 3007 Slesiao
1687 2934 1984 3020 Ducibus,
2030 2934 2432 3023 collectoque
2472 2932 2730 3023 ingenti
2762 2932 3076 3019 exercitu,
3118 2930 3481 3005 Bobenia

523 3058 1011 3148 ingrediuntur:
1055 3057 1174 3128 sed
1203 3056 1320 3129 vix
1361 3056 1431 3126 in
1474 3055 1678 3145 prim
1722 3053 1865 3125 acie
1908 3054 2164 3125 hesum
2209 3052 2591 3142 conspicati,
2635 3055 2908 3142 repente
2952 3050 3323 3142 diffugium

587 3295 854 3369 Slesiae
907 3294 1306 3385 PrincipeS,
1363 3312 1614 3385 magna
1669 3291 2038 3365 formidine
2095 3313 2305 3384 super
2360 3290 2580 3380 bello,
2642 3291 2827 3383 quod
2880 3290 3059 3382 ipsis
3112 3296 3183 3365 et
3238 3312 3479 3365 eorum

381 3416 772 3489 Ducatibus
828 3415 1172 3487 Bohemos
1226 3413 1612 3485 haereticos
1667 3412 1752 3485 de
1790 3412 2349 3503 Viclephitarum
2402 3418 2623 3499 secta,
2681 3409 2865 3503 quod
2920 3409 3256 3483 adversus
3312 3409 3479 3483 illos

381 3535 712 3608 solatium
745 3534 806 3623 ⁵)
879 3533 1328 3626 Sigismundo
1391 3534 1862 3605 Romanorum
1938 3537 2008 3603 et
2071 3530 2478 3623 Hungariae
2554 3530 2733 3623 Regi
2806 3530 3216 3621 praestituri
3289 3550 3483 3601 arma

381 3658 858 3745 sumpserant,
915 3653 1319 3745 propediem
1375 3652 1736 3739 illaturos,
1802 3672 2041 3723 rumor
2097 3654 2168 3722 et
2226 3652 2407 3722 fama
2460 3650 2907 3742 vulgaverat,
2976 3648 3149 3737 acti,
3209 3647 3481 3722 Summi

379 3773 745 3846 Pontificis
799 3772 1086 3845 Martini
1141 3770 1375 3863 quinti
1441 3777 1512 3845 et
1566 3770 2004 3864 Sigismundi
2069 3770 2540 3842 Romanorum
2598 3769 2815 3861 Regis
2880 3768 3179 3859 praefati
3242 3768 3475 3841 defen-

381 3895 646 3967 sionem
701 3900 772 3965 et
809 3892 1144 3986 suffragia
1199 3892 1681 3984 frequentibus
1737 3890 1968 3965 literis
2024 3895 2094 3962 et
2129 3888 2403 3961 nuntiis
2458 3889 2903 3980 expetebant.
2961 3886 3309 3959 Martinus
3344 3886 3479 3959 ita-

381 4033 516 4105 que
572 4014 794 4104 Papa,
854 4033 1220 4085 onerosum
1278 4013 1414 4085 sibi
1469 4016 1698 4099 rame,
1755 4032 1882 4103 pro
1921 4010 2338 4083 Slositarum
2376 4029 2545 4101 pace
2584 4008 2891 4080 Nuntios
2948 4028 3035 4081 ex
3090 4007 3281 4080 Urbe
3316 4006 3478 4079 mit-

381 4142 552 4219 tere,
593 4132 894 4225 Sbigneo
934 4130 1377 4205 Cracoviensi
1415 4131 1738 4223 episcopo
1777 4130 2054 4218 scribit,
2095 4134 2441 4221 quatenus
2480 4150 2609 4202 sua
2645 4127 3180 4220 interpositione
3214 4126 3486 4199 bellum

380 4253 832 4325 Bohemicum
891 4274 931 4323 a
987 4252 1257 4325 Slesiae
1314 4252 1628 4325 Ducibus
1683 4256 1978 4324 avertat.
2036 4252 2128 4323 Et
2182 4250 2351 4323 licet
2390 4249 2739 4341 Sbigneus
2794 4248 3281 4323 cracoviensis
3336 4247 3485 4339 epi-

380 4392 667 4461 scopus,
725 4372 1078 4443 mandatis
1112 4372 1418 4463 parendo
1456 4371 1896 4464 apostolicis,
1939 4375 2311 4443 contentus
2351 4374 2501 4442 erat
2552 4390 2683 4460 pro
2714 4389 2883 4460 pace
2941 4367 3211 4440 Slesiae
3249 4368 3485 4441 subire

383 4512 860 4583 quoscumque
915 4491 1190 4563 labores
1246 4496 1316 4563 et
1353 4491 1738 4581 impensas,
1797 4489 2006 4587 idque
2033 4490 2098 4577 θ)
2154 4488 2471 4561 Conrado
2508 4486 3084 4560 Wratislaviensi
3132 4486 3483 4577 episcop0,

381 4612 818 4702 caeterisque
874 4610 1145 4684 Slesiae
1199 4610 1652 4702 Principibus
1726 4631 1850 4701 per
1915 4608 2160 4681 literas
2235 4607 2605 4699 specifice,
2674 4628 2869 4698 spem
2922 4606 3256 4698 optimam
3318 4604 3483 4678 affe·

381 4737 647 4817 tentae,
706 4730 1212 4821 significaverit
1243 4732 1342 4819 ⁷):
1408 4730 1768 4803 cunradus
1824 4734 2057 4801 tamen
2113 4726 2725 4799 Wratislaviensis
2781 4726 3151 4818 episcopus
3206 4731 3276 4798 et
3332 4724 3483 4797 Sle·

383 4852 528 4923 siae
583 4852 812 4923 Duces
875 4850 1060 4922 nihil
1123 4850 1327 4941 pensi
1397 4856 1732 4941 ponentes
1799 4850 1872 4921 in
1926 4848 2330 4920 huiusmodi
2386 4846 2771 4932 oblatione,
2842 4846 3358 4936 respondebant
3412 4864 3490 4917 se

381 4970 514 5043 illa
569 4970 850 5061 penitus
889 4992 1027 5041 non
1065 4968 1409 5061 indigere,
1469 4969 1957 5042 existimantes
1997 4989 2146 5040 eam
2176 4966 2241 5056 8)
2296 4966 2369 5038 in
2411 4967 2877 5040 Bohemorum
2916 4965 3139 5057 magis
3182 4966 3487 5037 favorem

601 5259 648 5337 ¹)
695 5261 986 5320 Gedlnam
1037 5256 1188 5321 Cod.
1241 5255 1416 5321 Calv.
1490 5258 1542 5339 ²)
1590 5260 1826 5321 Gedlna
1872 5255 2023 5323 Cod.
2063 5254 2238 5321 Calv.
2302 5258 2357 5339 ³)
2402 5260 2755 5336 perveniens
2804 5252 2955 5321 Cocl.
2988 5254 3182 5320 Rozr.
3248 5254 3299 5335 ⁴)
3348 5260 3491 5319 salis

384 5364 718 5423 fodinarum
769 5359 919 5423 Cod.
953 5360 1144 5423 Rozr.
1195 5362 1246 5440 ⁵)
1294 5364 1575 5421 auxilinm
1626 5358 1777 5425 Cod.
1827 5360 2017 5424 Roma
2067 5361 2120 5441 ⁶)
2169 5364 2349 5438 idque
2394 5368 2523 5422 erat
2569 5357 2720 5423 Cod.
2776 5358 2951 5423 Kost.
3001 5360 3051 5441 ⁷)
3099 5362 3489 5437 significatum

386 5461 541 5526 Cocl.
597 5462 776 5525 Kost.
832 5463 882 5544 ⁸)
930 5466 1092 5525 illam
1139 5462 1262 5525 Ed.
1313 5462 1492 5556 Lips.
3157 5486 3161 5490 ·
