4342 6384
933 563 1091 640 «101
2121 577 2351 638 amm
2398 579 2859 637 mamus.
3492 557 3629 662 (Α.
3661 557 4028 662 111431.)

938 774 1227 846 bantur:
1285 775 1569 863 propter
1621 769 1808 862 quod
1861 770 2090 841 minor
2141 770 2406 858 clades,
2474 791 2684 861 quam
2734 791 2861 860 pro
2916 790 3203 843 numero
3260 769 3443 842 tanti
3506 771 3864 843 exercitus
3920 771 4021 841 fu·

936 891 1231 985 gientis,
1307 891 1495 964 edita
1547 895 1680 963 est.
1756 889 2120 980 Principes
2184 909 2422 962 omnes
2479 890 2661 961 salvi
2715 910 2841 980 per
2893 891 3131 983 fugam
3194 895 3585 963 eva-serant.
3652 891 3843 963 Crux
3898 890 4022 961 Le-

934 1011 1246 1104 gationis
1322 1017 1392 1083 et
1445 1015 1678 1083 vestes
1754 1009 2189 1096 cardinales,
2262 1015 2507 1099 captae
2571 1029 2613 1079 3
2667 1009 3031 1096 Βο11011113,
3107 1010 3413 1082 ludibrio
3486 1010 3769 1082 habitae
3840 1015 4025 1082 sunt.

935 1132 1182 1204 Castra
1233 1130 1543 1203 hostium
1596 1150 1720 1221 per
1775 1130 2121 1201 Bohemos
2185 1128 2491 1218 direpta,
2562 1127 2640 1199 in
2693 1129 2951 1219 quibus
3014 1131 3241 1202 multa
3304 1149 3518 1202 aurea
3579 1141 3652 1201 et
3704 1133 4027 1220 argentea

937 1250 1192 1343 pocula
1236 1249 1385 1322 vini
1436 1250 1680 1341 plena,
1737 1252 2088 1340 comperta
2143 1253 2331 1320 sunt.
2390 1247 2719 1320 Tentoria
2772 1248 3071 1336 nobilia,
3130 1249 3528 1341 margaritis
3575 1255 3855 1336 ornata,
3912 1269 4025 1320 ve·

937 1375 1119 1458 stes,
1177 1369 1371 1462 equi,
1429 1369 1845 1441 bombardae
1899 1370 2195 1456 multae,
2254 1373 2323 1440 et
2377 1370 2755 1440 multarum
2804 1389 3037 1440 rerum
3074 1370 3303 1460 001113,
3362 1370 3751 1442 exercitum
3806 1370 4028 1442 Bobe-

931 1490 1197 1562 micum
1233 1490 1314 1579 ¹),
1373 1489 1446 1561 in
1503 1509 1638 1580 quo
1693 1488 1903 1560 etiam
1957 1487 2283 1560 nonnulli
2339 1488 2591 1560 Poloni
2646 1492 2876 1577 erant,
2934 1489 3383 1562 vehementer
3434 1489 3716 1563 ditavit.
3776 1489 3917 1562 Sed
3962 1495 4029 1562 et

934 1611 1168 1702 spolia
1238 1615 1310 1683 et
1381 1609 1694 1682 sarcinae
1769 1609 2187 1701 fugientium
2272 1614 2343 1681 et
2411 1629 2536 1699 per
2600 1608 2819 1681 silvas
2894 1609 3309 1696 errantium,
3384 1610 3712 1702 pluribus
3784 1610 4033 1682 diebus

939 1751 982 1803 a
1033 1729 1364 1804 Bohemis
1419 1729 1813 1822 agrestibus
1869 1730 2308 1822 legebantur.

941 2080 1335 2156 vladislaus
1376 2082 1517 2154 nox
1553 2083 2084 2155 -Dobrzinensiun
2130 2085 2201 2153 ot
2246 2081 2740 2170 ouravionsiun
2784 2082 3151 2154 calamitati
3195 2084 3662 2169 subventurus,
3720 2083 3881 2155 dun
3922 2083 4039 2155 31ὶί

935 2219 1063 2276 sua
1123 2204 1476 2276 deficerent
1489 2258 1506 2289 ,
1564 2203 1771 2275 mults
1828 2203 1997 2274 bona
2057 2203 2472 2273 ecclesiarum
2530 2203 2597 2272 vi
2652 2205 2923 2293 accepta
2978 2203 3113 2274 11113
3167 2203 3537 2275 distribuit:
3598 2221 3727 2292 quo
3778 2205 4039 2276 nm

1513 2340 1554 2395 a
1597 2324 1874 2413 sbigneu
1918 2322 2327 2394 cracoviensi
2372 2322 2675 2411 episcopo
2719 2323 3023 2394 300111ιο
3064 2323 3461 2412 obiurgatus.

1149 2572 1237 2644 In
1292 2571 1687 2644 Ghelmensi
1741 2574 1928 2643 terra
1981 2570 2421 2643 Wladislaus
2475 2570 2632 2642 Rex
2686 2569 3045 2662 aliquanto
3100 2573 3412 2661 tempore
3466 2573 3817 2658 moratus,
3886 2591 4038 2643 ver-

940 2712 1063 2765 sus
1117 2691 1480 2782 Leopolim
1533 2691 1905 2783 processit,
1965 2693 2036 2762 et
2089 2689 2192 2763 ibi
2244 2689 2671 2763 mansionem
2720 2709 2916 2762 suam
2954 2689 3315 2781 aliquanto
3356 2690 3568 2763 etiam
3598 2689 3663 2779 ²)
3720 2693 4041 2782 tempore

942 2811 1406 2885 continuavit.
1466 2810 1978 2883 Concurrebant
2049 2809 2137 2882 ad
2192 2831 2389 2882 suam
2446 2809 2909 2882 Serenitatem
2970 2810 3307 2882 baronum
3380 2813 3451 2881 et
3518 2808 3876 2882 nobilium
3948 2831 4035 2882 ex

927 2930 1148 3004 ‘terris
1199 2930 1660 3003 Dobrzinensi
1715 2935 1786 3002 et
1839 2929 2292 3022 Cuyaviensi,
2350 2950 2475 3022 per
2527 2929 2933 3001 vastitatem
2990 2928 3500 3002 Cruciferorum
3552 2929 4039 3002 damnificato-

940 3072 1128 3139 rum,
1183 3049 1558 3123 multifarii
1610 3068 1888 3142 greges,
1945 3071 2084 3121 non
2138 3054 2283 3121 tam
2320 3048 2773 3138 clamoribuS,
2834 3069 3041 3139 quam
3078 3049 3458 3140 gemitibus
3496 3054 3567 3121 et
3602 3049 4035 3136 ululatibuS,

941 3173 1340 3261 poscentes,
1395 3173 1478 3240 ut
1528 3169 1814 3242 illorum
1867 3171 2213 3242 relevaret
2264 3168 2571 3260 inopiam
2628 3171 2698 3240 et
2750 3189 2889 3240 non
2944 3167 3207 3241 sineret
3259 3168 3425 3241 illos
3472 3173 3543 3240 et
3577 3188 3843 3242 uxores
3880 3170 4039 3242 illo-

937 3307 1097 3361 rum
1153 3307 1233 3362 ac
1285 3289 1544 3361 liberos
1600 3290 1811 3378 fame,
1869 3289 2127 3380 frigore
2183 3292 2254 3361 et
2307 3287 2627 3360 nuditate
2680 3287 2931 3378 perire.
2990 3287 3408 3380 Compassus
3455 3309 3691 3360 eorum
3728 3289 4041 3362 miseriis

940 3408 1103 3500 pius
1157 3409 1316 3483 Rex
1365 3402 1839 3495 wladislaus,
1897 3408 2475 3500 aliquibus-bona
2512 3428 2641 3478 sua
2676 3407 2944 3500 regalia
2979 3408 3442 3500 largiebatur,
3484 3408 3849 3500 aliquibus
3890 3411 4041 3482 the·

942 3528 1137 3602 sauri
1190 3528 1303 3601 sui
1356 3528 1652 3619 pecunia
1707 3528 2198 3618 subveniebat,
2256 3529 2692 3622 singulorum
2730 3533 2964 3601 tamen
3001 3531 3454 3603 necessitates
3492 3534 3565 3603 et
3602 3530 4042 3624 indigentias

941 3651 1267 3741 supplere
1320 3649 1727 3722 nullatenus
1780 3653 2083 3740 poterat:
2143 3653 2341 3722 erant
2396 3648 2579 3722 enim
2632 3650 2965 3740 pleraque
3017 3651 3199 3722 bona
3249 3649 3518 3742 regalia
3581 3650 3853 3722 dudum
3914 3671 4044 3742 per

935 3791 1094 3843 011111
1147 3769 1428 3842 liberali
1481 3768 1852 3841 donatione
1915 3769 2064 3840 suis
2119 3768 2559 3843 curiensibus
2612 3774 2682 3842 et
2725 3769 3104 3842 baronibus
3152 3770 3553 3843 distributa.
3610 3771 3871 3861 Itaque
3906 3791 4035 3840 vo-

939 3888 1384 3963 ciferantium
1437 3893 1508 3961 et
1563 3887 1896 3980 suffragia
1949 3888 2420 3980 poscentium,
2478 3888 2598 3980 qui
2639 3887 2897 3980 ubique
2934 3889 3142 3961 illum
3180 3890 3684 3981 sequebantur,
3742 3890 4042 3963 infesta-

941 4009 1131 4082 tione
1185 4011 1417 4095 actus‚
1473 4007 1640 4078 dum
1693 4009 1907 4080 fiscus
1959 4007 2198 4101 regius
2253 4007 2733 4101 indigentibus
2788 4029 2927 4080 11011
2982 4011 3365 4097 sufficeret,
3432 4011 3517 4082 ad
3570 4010 3755 4082 bona
3820 4011 4043 4083 eccle-

945 4128 1206 4200 siarum
1261 4146 1336 4198 se
1391 4126 1766 4216 convertit,
1823 4131 1895 4199 et
1945 4127 2031 4200 de
2085 4127 2285 4199 villis
2340 4132 2485 4199 tam
2550 4127 3058 4200 cathedralium
3114 4129 3564 4202 ecclesiarum
3602 4128 4047 4202 Gnesnensis

942 4252 1012 4320 et
1064 4245 1596 4334 Posnaniensis,
1653 4267 1863 4336 quam
1917 4247 2493 4320 monasteriorum
2549 4252 2619 4319 et
2672 4247 3165 4339 capitularium
3220 4246 3594 4322 earundem
3652 4249 4045 4338 diocesum,

943 4366 1190 4440 multis
1244 4365 1658 4438 mortalibus
1720 4365 2288 4455 distributiones,
2357 4365 2735 4439 baronibus
2766 4365 2829 4456 ³)
2902 4373 2975 4440 et
3026 4368 3387 4441 nobilibus
3448 4367 3609 4460 igne
3664 4368 4043 4456 1103013113,

939 4488 1168 4561 facere
1219 4485 1480 4577 coepit:
1537 4507 1743 4559 usum
1797 4486 2145 4558 duntaxat
2197 4487 2599 4559 huiusmodi
2636 4487 2973 4560 villarum
3009 4487 3160 4560 illis
3200 4487 3631 4562 concedendo
3670 4488 3808 4560 sub
3846 4493 4047 4562 arcto

939 4612 1280 4698 tempore,
1339 4625 1478 4696 quo
1531 4609 1849 4696 possent,
1905 4610 2176 4680 aestate
2229 4606 2674 4696 adveniente,
2732 4607 2945 4680 villas
3002 4612 3073 4681 et
3125 4607 3597 4680 habitationes
3654 4627 3825 4680 suas
3876 4609 4046 4680 refi-

939 4747 1115 4801 cere.
1172 4725 1699 4800 cracoviensem
1753 4730 1986 4798 tamen
2040 4725 2405 4799 ecclesiam
2459 4728 2633 4799 haec
2684 4725 3093 4800 distributio
3146 4748 3287 4799 non
3339 4725 3781 4816 molestavit,
3838 4749 4045 4818 prae-

937 4853 1048 4922 ter
1098 4867 1358 4940 paucas
1409 4845 1625 4918 villas
1679 4845 2085 4919 monasterii
2148 4846 2736 4937 Myechoviensis:
2804 4846 3068 4922 sciebat
3120 4847 3307 4920 enim
3378 4848 3567 4936 Rex,
3631 4847 4049 4939 pontificem

937 4968 1465 5042 cracoviensem
1517 4966 1928 5039 nullatenus
1985 4987 2185 5038 suam
2238 4965 2567 5039 iniuriam
2615 4969 3102 5040 toleraturum.
3161 4967 3469 5040 Onerosa
3504 4988 3719 5058 supra
3754 4967 4051 5039 modum

939 5087 1344 5162 huiusmodi
1406 5085 1816 5159 distributio
1880 5086 2018 5158 fuit
2079 5085 2431 5175 ecclesiis;
2496 5092 2778 5178 propter
2840 5088 3025 5178 quod
3078 5088 3419 5160 Albcrtus
3474 5087 4050 5177 Iastrzambyecz

944 5205 1372 5280 Gnesnensis
1435 5204 1999 5298 archiepiscopus
2071 5211 2145 5278 et
2216 5204 2563 5296 Sbigneus
2636 5205 3112 5279 Cracoviensis
3174 5207 3577 5297 episcopus,
3642 5203 4051 5297 assumptis

1159 5459 1206 5548 ¹)
1249 5462 1640 5524 Bohemorum
1688 5459 1842 5528 Cod.
1885 5460 2081 5526 Rozr.
2129 5461 2183 5546 ²)
2228 5451 2499 5524 similiter
2528 5455 2684 5525 Cod.
2716 5457 2895 5525 Kost.
2944 5458 2999 5541 ³)
3027 5461 3307 5523 videlicet
3332 5460 3658 5522 baronibus
3686 5457 3821 5524 Ed.
3858 5457 4051 5544 Life.
