4342 6384
361 573 498 676 (Α.
538 573 628 647 D.
670 568 923 670 1430.)
1517 594 1743 645 mmm
1795 590 2255 646 unnncnms.
3306 564 3458 639 405

363 780 556 853 bant.
614 781 963 852 Ruborem
1003 779 1058 868 ¹)
1113 783 1378 865 autem,
1438 800 1640 870 quem
1697 799 1783 851 ex
1821 778 2219 869 praesentia
2252 777 2711 850 invitatorum
2750 778 2821 848 et
2855 773 3453 867 retrogradatione

363 901 754 993 legatorum
810 902 1249 989 conceperat,
1307 898 1815 983 diminuturus,
1872 897 2213 970 invitatos
2270 918 2506 969 omnes
2559 916 2784 987 usque
2838 896 2924 966 ad
2980 894 3165 967 diem
3212 892 3454 966 Sancti

361 1018 762 1105 Michaelis,
821 1039 980 1109 spes
1037 1040 1202 1089 suas
1255 1017 1534 1109 impleri
1589 1016 2036 1105 existimans,
2095 1016 2424 1090 detinuit.
2486 1016 2633 1107 Quo
2672 1016 2903 1107 lapso,
2946 1035 3141 1105 spem
3180 1034 3450 1086 omnem

361 1140 747 1230 deponens,
806 1142 876 1210 et
931 1136 1212 1229 fastigio
1266 1135 1486 1228 regali
1543 1156 1616 1208 se
1671 1135 2188 1222 vehementiae,
2246 1156 2454 1227 quam
2492 1134 2982 1221 conveniebat,
3039 1136 3455 1205 frustratum

359 1258 453 1330 iri
507 1258 782 1345 dolens,
841 1256 1226 1329 licentiatis
1282 1256 1570 1329 advenis
1625 1254 1948 1327 invitatis
2004 1262 2074 1327 et
2128 1254 2557 1346 hospitibus,
2624 1274 2748 1345 pro
2814 1252 3030 1325 nimio
3096 1253 3333 1323 dolore
3386 1255 3457 1325 et

361 1378 593 1450 taedio
633 1378 948 1450 morbum
987 1376 1155 1465 sibi,
1213 1376 1336 1467 qui
1373 1375 1672 1447 anthrax
1727 1374 2158 1462 nominatur,
2218 1372 2581 1446 conscivit.
2640 1372 2801 1445 Non
2838 1371 3075 1463 omisit
3112 1377 3343 1444 tamen
3383 1375 3453 1443 et

361 1501 531 1570 tunc
585 1497 1026 1569 Withawdus
1081 1497 1245 1567 Dux
1302 1494 1698 1586 cupidinem
1753 1514 2045 1567 coronae
2097 1513 2511 1585 magnopere
2550 1496 2911 1583 expetere,
2968 1490 3291 1583 quamvis
3330 1491 3449 1562 ad·

363 1616 697 1689 vertisset
768 1637 978 1706 super
1047 1614 1343 1707 gratiam
1400 1619 1470 1686 et
1523 1614 1890 1705 pecuniam
1955 1635 2152 1685 snam
2216 1612 2289 1684 in
2344 1613 2645 1685 Polonos
2720 1612 3043 1699 effusam,
3120 1610 3452 1682 maiorem

361 1735 533 1807 facti
587 1739 659 1808 et
711 1734 1116 1808 ambitionis
1173 1756 1338 1807 suae
1393 1734 1731 1806 invidiam
1787 1732 2189 1806 accessisse.
2247 1733 2335 1805 In
2390 1732 2621 1805 animo
2675 1731 2860 1803 enim
2916 1751 3076 1817 suo,
3134 1728 3451 1820 alioquin

361 1855 676 1926 modesto
715 1858 785 1925 et
822 1854 994 1927 bene
1047 1852 1412 1941 institute,
1470 1852 1655 1940 auri,
1713 1850 2016 1945 argenti,
2083 1850 2425 1937 virorum,
2494 1870 2963 1941 equorumque
3018 1852 3111 1921 et·
3142 1853 3454 1922 caeterae

359 1973 620 2046 nobilis
693 1972 1156 2064 supellectilis
1229 1972 1688 2057 abundantia,
1765 1975 2279 2044 assentatorum
2352 1970 2699 2058 adulati0‚
2773 1968 3124 2043 consortis
3182 1989 3455 2060 quoque

363 2093 683 2167 Iulianae
736 2094 1110 2185 plusquam
1165 2092 1526 2165 muliebris
1581 2093 1667 2163 ad
1703 2093 2201 2181 capessendum
2256 2090 2434 2182 regii
2488 2090 2899 2163 diadematis
2935 2091 3267 2162 honorem
3306 2110 3448 2159 am-

361 2212 571 2301 bitio,
631 2212 960 2304 spiritum
1016 2215 1262 2303 suapte
1315 2212 1881 2303 languescentem
1935 2210 2112 2302 regii
2168 2208 2442 2301 fastigii
2496 2208 2836 2281 ambitum
2892 2208 3320 2281 excitabant.

426 2564 760 2636 wladislai
803 2564 997 2654 Regis
1040 2564 1110 2636 in
1155 2564 1563 2636 Lithusniam
1609 2564 1900 2637 adventu
1913 2621 1930 2651 ,
1975 2564 2116 2635 linx
2137 2535 2142 2545 ⁵
2163 2562 2570 2636 Withowdus
2616 2562 2894 2633 animum
2938 2561 3380 2633 coronationis

1661 2702 1821 2757 suso
1865 2685 2152 2775 deponit.

569 2924 678 2994 Ex
735 2922 1117 2995 Andrzeow
1169 2922 1606 2995 Wladislaus
1660 2923 1996 2997 Poloniae
2051 2926 2207 2998 Rex
2263 2926 2339 2997 in
2394 2928 2760 3001 Visliciam
2816 2935 2887 3002 et
2940 2929 3212 3001 Novam
3276 2929 3448 3003 civi-

359 3046 576 3115 tat-em
631 3063 1072 3135 progressus,
1129 3042 1484 3115 residuum
1543 3050 1816 3134 tempus
1871 3045 2162 3117 aestatis
2202 3068 2325 3137 per
2362 3047 2701 3121 stationes
2740 3049 2987 3121 solitas
3025 3049 3446 3141 absumpsit.

361 3164 544 3233 Dum
599 3166 831 3234 autem
888 3167 1040 3234 octo
1096 3161 1342 3235 diebus
1397 3167 1559 3235 ante
1617 3164 1868 3236 festum
1925 3164 2166 3237 Sancti
2222 3165 2585 3239 Michaelis
2644 3168 2715 3239 in
2769 3168 3033 3240 Lublin
3088 3176 3323 3262 ageret
3383 3172 3452 3241 et

363 3282 686 3373 frequens
738 3281 1226 3353 Praelatorum
1280 3303 1361 3354 ac
1416 3283 1750 3355 baronum
1805 3304 2134 3355 numerus
2175 3287 2259 3356 ad
2300 3308 2456 3359 eum
2512 3288 2985 3374 convenisset,
3044 3288 3451 3380 supervenit

361 3402 448 3473 ad
505 3422 702 3473 suam
760 3400 1220 3474 Serenitatem
1269 3402 1484 3475 Ducis
1532 3402 1914 3475 Withawdi
1951 3404 2277 3494 nuntius,
2335 3405 2673 3477 Nicolaus
2721 3407 3097 3493 Maldrzik,
3140 3409 3454 3480 Polonus

360 3520 445 3593 de
499 3522 702 3592 domo
757 3522 983 3594 Rosae
1013 3519 1099 3610 2),
1155 3542 1410 3613 rogans
1468 3522 1874 3593 multifariis
1928 3524 2253 3613 precibus
2306 3526 2584 3597 nomine
2629 3526 2845 3598 Ducis
2888 3525 3303 3598 Withawdi:
3362 3532 3443 3598 ut

362 3638 438 3712 in
493 3640 947 3712 Lithuaniam
1003 3641 1240 3713 venire
1293 3661 1417 3731 pro
1457 3640 1754 3713 instanti
1801 3642 2028 3715 hieme
2065 3644 2503 3736 dignaretur,
2544 3666 2669 3717 nec
2706 3650 3099 3736 respectum
3138 3647 3443 3737 aliquem

361 3760 782 3865 hostilitatis
837 3761 1254 3852 conciperet.
1311 3762 1555 3852 Ipsum
1611 3762 1762 3833 iam·
1807 3784 2074 3834 omnem
2123 3764 2433 3835 animum
2472 3771 2541 3837 et
2578 3763 3036 3837 intentionem
3074 3765 3449 3837 coronandi

361 3902 433 3952 se
488 3880 562 3951 in
619 3882 878 3973 Regem
949 3880 1350 3971 proiecisse.
1425 3882 1580 3953 Rex
1635 3882 1771 3952 etsi
1826 3882 2076 3953 avidus
2149 3888 2300 3955 erat
2373 3883 2778 3955 transeundi
2843 3884 2916 3954 in
2970 3883 3445 3971 Lithuaniam,

359 4004 704 4091 quatenus
757 3999 912 4071 illic
964 4000 1370 4072 venationes
1433 4003 1798 4084 tractaret,
1864 4001 2228 4073 Praelatos
2295 4008 2525 4076 tamen
2580 4007 2652 4075 et
2705 4002 2999 4075 barones
3056 4024 3219 4074 suos
3275 4008 3444 4075 tunc

357 4123 760 4210 praesentes
816 4118 1192 4191 consuluit.
1249 4118 1588 4191 Plurimis
1645 4120 1859 4207 enim,
1919 4120 2038 4192 sed
2093 4126 2164 4193 et
2218 4121 2357 4212 ipsi
2412 4121 2591 4214 Regi
2648 4126 2976 4213 suspecta
3014 4128 3162 4195 erat
3200 4123 3445 4195 huius-

359 4238 548 4310 modi
604 4237 963 4326 invitati0‚
1021 4260 1108 4311 ne
1161 4238 1330 4330 quid
1383 4240 1670 4330 gravius
1724 4239 2168 4311 Withawdus
2224 4240 2295 4312 in
2353 4241 2612 4333 Regem
2676 4241 2857 4314 dolis
2912 4243 3029 4315 vel
3084 4242 3153 4314 vi
3208 4250 3450 4334 aperta

359 4359 787 4444 consuleret,
845 4358 956 4430 vel
1011 4379 1098 4429 ne
1152 4357 1646 4449 largitionibus
1702 4358 2008 4450 profusis
2056 4361 2316 4452 Regem
2358 4365 2426 4433 et
2463 4360 2795 4434 Poloniae
2832 4362 3125 4435 barones
3163 4362 3249 4435 ad
3288 4384 3447 4434 con-

359 4497 644 4549 sensum
702 4476 1094 4549 inclinaret.
1151 4478 1244 4548 Et
1297 4477 1462 4548 dum
1518 4478 1864 4550 communi
1931 4478 2431 4553 deliberatione
2495 4481 3009 4569 decerneretur,
3065 4486 3147 4553 ut
3200 4481 3273 4553 in
3328 4482 3446 4573 Li-

359 4595 725 4667 thuaniam
777 4600 1066 4688 rogatus
1121 4595 1288 4684 iret,
1345 4600 1416 4669 et
1467 4597 1822 4669 residuum
1881 4600 2261 4672 fomentum
2318 4600 2721 4673 ambitionis
2782 4623 3074 4674 coronae
3128 4601 3201 4673 in
3258 4603 3449 4674 Duce

358 4713 756 4785 Withawdo
830 4714 1270 4787 submoveret
1323 4717 1394 4787 et
1449 4714 1888 4808 exingueret,
1962 4718 2176 4791 veriti
2244 4719 2555 4792 Praelati
2609 4725 2679 4792 et
2729 4720 3025 4794 barones
3088 4720 3444 4809 Poloniae,

357 4852 447 4905 ne
501 4832 976 4906 reconciliatio
1031 4832 1250 4924 Regis
1307 4840 1376 4905 et
1413 4834 1629 4906 Ducis
1665 4856 1812 4907 rem
1850 4837 2317 4910 coronationis
2356 4839 2441 4911 de
2476 4860 2655 4911 novo
2702 4838 3196 4932 reintegraret3
3252 4861 3445 4930 prae-

359 4956 596 5025 sentes
650 4950 833 5025 enim
889 4952 961 5022 in
1015 4951 1429 5040 Lithuania,
1497 4954 1825 5044 Baptista
1889 4955 2146 5027 Doctor
2200 4960 2269 5028 et
2324 4957 2816 5049 Sigismundus
2879 4959 3070 5031 Roth
3134 4960 3445 5047 aderant,

356 5070 479 5162 qui
535 5091 808 5143 monere
861 5076 930 5144 et
984 5069 1336 5145 solicitare
1393 5074 1652 5145 Ducem
1707 5072 2181 5147 Withawdum
2235 5098 2375 5147 non
2422 5076 2884 5165 desistebant,
2943 5083 3025 5149 ut
3062 5078 3333 5151 coronis
3373 5079 3447 5150 in

355 5188 570 5261 Vilna
599 5186 660 5279 3)
717 5188 1074 5261 fabricatis
1129 5190 1443 5263 coronari
1483 5212 1556 5264 se
1591 5194 2063 5283 permitteret,
2121 5216 2279 5267 cum
2315 5194 2717 5267 huiusmodi
2756 5197 3269 5270 coronationem
3308 5198 3445 5271 Ro-

573 5442 621 5524 ι)
663 5446 942 5507 Dolorem
989 5440 1141 5508 Cod.
1188 5443 1367 5508 Kost.
1416 5444 1465 5527 ²)
1512 5447 1704 5508 Rosze
1752 5443 1904 5510 Cod.
1957 5443 2133 5511 Calv.
2184 5447 2239 5528 ³)
2282 5450 2495 5511 Vilnae
2542 5446 2695 5516 cod.
2726 5448 2919 5515 Rozr.
