4342 6384
854 535 1005 608 216
2040 553 2268 606 mmm
2320 535 2780 606 mnemos-
3414 527 3548 628 (Α.
3587 527 3679 604 D.
3722 523 3950 624 1418.)

1754 969 2182 1082 ANNUS
2255 966 2714 1080 DOMINI
2783 966 3042 1078 1418.

848 1214 1075 1304 togati
1122 1231 1207 1285 ox
1251 1211 1740 1284 onustantionsl
1797 1210 2075 1282 oonsilio
2120 1209 2506 1295 redeuntes,
2553 1225 2593 1280 a
2645 1193 2819 1298 u‘ogo
2863 1207 3216 1280 wladislao
3275 1209 3530 1280 obviam
3588 1209 3954 1298 prodeunte

1980 1329 2336 1401 honorilice
2383 1329 2814 1419 excipiuntur.

1057 1577 1319 1653 Christi
1376 1575 1726 1650 Natalitio
1781 1574 1965 1667 apud
2004 1574 2283 1648 Grodno
2325 1577 2602 1661 exacto,
2659 1573 3097 1646 Wladislaus
3134 1574 3468 1647 Poloniae
3506 1576 3660 1647 Rex
3699 1575 3775 1647 in
3813 1577 3946 1646 Po-

850 1699 1081 1774 loniae
1119 1699 1173 1788 ¹)
1229 1699 1549 1789 Regnum
1604 1716 1692 1768 ex
1751 1694 2134 1768 Lithuauia
2188 1714 2544 1780 reversuS,
2602 1693 2753 1765 dies
2809 1691 3230 1784 Canisprivii
3285 1693 3358 1765 in
3395 1694 3644 1766 Iedlna
3673 1693 3736 1784 ²)
3794 1716 3954 1768 cum

851 1817 1218 1892 Elisabeth
1272 1815 1607 1889 Poloniae
1660 1815 1935 1908 Regina
1986 1814 2155 1906 egit.
2216 1813 2484 1904 Quibus
2548 1813 2958 1901 transactiS,
3025 1834 3150 1904 per
3203 1813 3746 1902 Sandomiriam,
3805 1815 3878 1886 N
3879 1837 3950 1887 o-

852 1959 1011 2011 vam
1048 1937 1442 2023 civitatem,
1497 1933 1899 2022 Visliciam,
1956 1934 2333 2025 MyechoW‚
2389 1935 2871 2024 Zarnowyecz,
2932 1932 3302 2024 Wielyun,
3359 1933 3742 2022 Siradiam,
3799 1934 3948 2008 Eli-

853 2059 1101 2132 sabeth
1155 2055 1429 2150 Regina
1482 2054 1557 2127 in
1610 2053 2009 2127 Cracoviam
2062 2053 2390 2142 remissa,
2448 2053 2524 2125 in
2577 2053 2911 2126 Maiorem
2965 2053 3332 2126 Poloniam
3371 2054 3756 2142 transienS,
3815 2054 3952 2126 Pa-

854 2179 1023 2251 scha
1074 2175 1360 2249 Domini
1413 2176 1599 2266 apud
1655 2173 1953 2246 Kalisch
2006 2171 2410 2246 celebravit.
2467 2173 2579 2246 Ex
2635 2172 2936 2245 Kalisch
2972 2193 3135 2245 vero
3171 2171 3517 2264 processit
3553 2173 3627 2244 in
3664 2173 3948 2265 Konyn,

854 2296 1287 2387 Radzyeyow
1358 2299 1428 2367 et
1493 2294 1827 2367 Brzescze
1856 2291 1943 2382 ³),
2001 2298 2073 2366 et
2126 2291 2494 2366 Elisabeth
2555 2292 2830 2386 Regina
2892 2293 2980 2364 ad
3043 2293 3250 2366 illum
3313 2293 3389 2364 in
3443 2293 3779 2366 Brzescze
3833 2314 3946 2366 ve-

854 2415 1125 2504 niente,
1182 2413 1415 2487 solitis
1470 2413 1609 2487 viis
1662 2413 1739 2486 in
1790 2416 2047 2486 terram
2103 2411 2646 2486 Dobrzinensem
2701 2417 2770 2485 et
2823 2433 2947 2504 pro
3003 2413 3179 2484 festo
3225 2412 3678 2485 Pentecostes
3715 2413 3791 2486 in
3826 2414 3946 2486 Iu-

854 2534 1443 2610 niwladislaviam
1506 2533 1870 2626 processit.
1937 2533 2047 2604 Ex
2092 2530 2699 2604 Iuniwladislavia
2759 2553 2884 2624 pro
2941 2533 3118 2604 festo
3173 2532 3493 2623 Corporis
3559 2533 3824 2607 Christi
3879 2533 3949 2606 in

852 2657 1203 2748 Zneynam
1230 2655 1319 2744 ⁴),
1376 2653 1629 2727 abinde
1683 2673 1845 2727 vero
1901 2652 1973 2724 in
2030 2651 2384 2725 Gnesnam
2437 2651 2662 2742 venit,
2722 2673 2858 2743 quo
2912 2650 3050 2724 iam
3107 2673 3236 2724 suo
3291 2651 3490 2724 iussu
3528 2654 3844 2726 Praelati
3881 2659 3950 2727 et

851 2775 1143 2849 barones
1199 2774 1426 2868 Regni
1482 2775 1556 2847 in
1611 2773 1961 2864 frequenti
2013 2792 2300 2845 numero
2355 2777 2843 2846 convenerant.
2902 2772 2990 2844 In
3044 2793 3340 2864 quorum
3395 2772 3756 2846 audientia
3793 2773 3950 2848 Rex

852 2895 1173 2968 libellum
1226 2893 1565 2966 Iohannis
1620 2893 2085 2984 Falkemberg
2140 2892 2522 2983 satyricum
2569 2892 2645 2965 in
2691 2892 2968 2984 vulgari
3014 2892 3346 2965 Polonico
3383 2893 3528 2985 legi
3562 2894 3948 2982 mandavit,

852 3026 935 3086 ut
989 3013 1140 3087 eius
1196 3013 1625 3086 continentia
1678 3012 1917 3085 audita
1973 3013 2448 3101 consulerent,
2507 3013 2568 3084 si
2623 3011 2792 3104 quid
2845 3032 2968 3104 pro
3023 3014 3282 3084 honore
3337 3012 3552 3106 Regis
3609 3017 3680 3086 et
3715 3014 3947 3106 Regni

854 3133 1045 3207 ultra
1096 3153 1208 3223 ea,
1267 3153 1445 3225 quae
1494 3131 1670 3225 regii
1724 3132 2224 3206 ambasiatores
2256 3132 2317 3221 ⁵)
2373 3131 2821 3205 Constantiae
2858 3131 3258 3220 effecerant,
3316 3133 3700 3206 instaurari
3737 3155 3948 3232 expe-

854 3253 1059 3328 diret.
1116 3253 1528 3326 Consultum
1582 3255 1815 3326 autem
1870 3252 2036 3325 fuit:
2095 3257 2176 3324 ut
2213 3252 2633 3344 scripturam
2681 3253 2962 3340 falsam,
3021 3253 3420 3325 mendosam
3459 3259 3528 3326 et
3565 3275 3952 3345 erroneam,

852 3373 1295 3448 wladislaus
1350 3373 1509 3447 Rex
1562 3373 1816 3446 leviter
1868 3377 1939 3446 et
1990 3374 2460 3465 perfunctorie
2516 3375 2757 3460 ferret,
2815 3393 3038 3464 neque
3091 3371 3174 3446 de
3229 3372 3388 3462 illa,
3447 3374 3646 3446 velut
3699 3375 3788 3448 ab
3827 3376 3952 3448 ho-

853 3493 1041 3568 mine
1095 3493 1237 3568 levi
1292 3497 1363 3568 et
1414 3492 1928 3585 contemptibili
1983 3493 2202 3582 edita,
2257 3515 2542 3586 gravem
2597 3493 2852 3567 faceret
2889 3491 3476 3582 aestimationem,
3534 3495 3949 3585 praesertim

852 3636 1011 3689 cum
1065 3613 1353 3688 libellus
1407 3614 1763 3706 praefatus
1819 3612 2249 3687 authoritate
2303 3612 2728 3687 universalis
2783 3613 3138 3686 Ecclesiae
3193 3616 3262 3686 et
3307 3613 3733 3705 apostolicae
3773 3614 3950 3687 fuis-

856 3738 966 3810 set
1039 3735 1409 3808 damnatus
1474 3737 1545 3808 et
1600 3734 1852 3806 author
1926 3755 2097 3806 suus
2160 3732 2374 3826 digna
2436 3735 2702 3808 mulcta
2762 3735 3078 3826 punitus.
3156 3732 3417 3823 Quodsi
3487 3733 3954 3808 nihilominus

854 3854 1107 3931 liberet
1168 3859 1411 3928 contra
1474 3853 1665 3927 dicta
1726 3853 2024 3946 praefati
2089 3853 2322 3927 libelli
2384 3854 2602 3927 altius
2668 3853 2938 3946 aliquid
3000 3853 3350 3942 refellere,
3411 3854 3830 3928 subornaret
3885 3861 3956 3929 et

856 3975 1014 4049 Rex
1068 3973 1286 4047 alium
1342 3973 1754 4047 monachum
1810 3993 2027 4068 aeque
2065 3973 2572 4066 impudentem,
2631 3995 2785 4047 cum
2823 3975 3136 4047 Iohanne
3171 3973 3637 4067 Falkemberg
3672 3974 3758 4048 de
3796 3975 3957 4066 pari

854 4093 1055 4166 litem
1108 4098 1181 4167 et
1233 4092 1732 4185 improperium
1759 4095 1824 4182 ὓ)
1878 4098 2385 4168 conserturum.
2451 4095 2562 4168 Ex
2617 4094 2896 4168 Gnesna
2949 4093 3292 4185 processit
3343 4095 3500 4168 Rex
3552 4093 3629 4166 in
3682 4095 3956 4186 Pobye-

856 4213 1132 4303 dziska,
1186 4212 1311 4286 ubi
1364 4212 1865 4286 ambasiatores
1898 4215 1959 4302 ⁷)
2016 4235 2214 4303 suOS,
2271 4214 2604 4288 videlicet
2655 4214 3028 4287 Nicolaum
3083 4212 3556 4287 Gnesnensem
3605 4213 3953 4306 archiepi-

858 4353 1181 4425 scopum,
1213 4331 1677 4426 Lyaskarium
1704 4331 2284 4422 Posuaniensem,
2316 4335 2647 4408 Iacobum
2674 4332 3154 4422 Ploczeusem,
3192 4333 3574 4406 Iohannem
3603 4333 3956 4426 Kropidlo

858 4451 1527 4526 wladislaviensem
1592 4453 1951 4546 episcopos
1980 4453 2077 4544 8),
2145 4454 2466 4548 singulos
2529 4475 2787 4546 cappas
2853 4454 3105 4527 rubeas
3172 4452 3573 4541 sarlaticas‚
3639 4455 3959 4546 capellos

857 4593 1020 4648 vero
1074 4573 1346 4673 nigros„
1402 4576 1795 4665 gestanteS,
1862 4573 2031 4647 item
2094 4571 2636 4648 Ianussium-de
2691 4573 3136 4646 Thuliskowo
3201 4573 3667 4646 castellanum
3724 4573 3956 4648 Calis-

856 4692 1158 4767 siensem
1230 4691 1639 4785 (Zawissius
1712 4691 1897 4766 enim
1968 4694 2169 4788 niger
2221 4694 2306 4768 de
2360 4694 2676 4782 Garbow,
2751 4692 3283 4786 Sigismundum
3353 4694 3830 4766 Romanorum
3887 4701 3962 4768 et

854 4813 1262 4908 Hungariae
1316 4814 1577 4906 Regem
1632 4817 1947 4900 secutus,
2004 4835 2144 4886 non
2200 4815 2518 4903 venerat)
2581 4813 2951 4887 redeuntes
3015 4814 3482 4885 honoraturus
3501 4869 3518 4904 ‚
3583 4813 3738 4887 illis
3795 4835 3960 4888 cum

855 4933 1224 5009 Elisabeth
1276 4932 1550 5027 Regina
1604 4936 1675 5007 et
1729 4931 2059 5007 universa
2112 4932 2308 5007 curia
2360 4932 2436 5007 in
2490 4932 2774 5006 obvium
2828 4933 3201 5025 processit,
3259 4937 3328 5007 et
3377 4955 3493 5007 eos
3532 4933 3836 5028 benigno
3876 4955 3966 5008 ac

1072 5221 1119 5302 ¹)
1164 5224 1227 5284 in
1270 5241 1443 5286 suum
1489 5220 1642 5287 Cod.
1688 5221 1881 5286 Rozr.
1940 5221 1996 5304 Ω)
2041 5223 2319 5300 Gyedlna
2365 5216 2520 5286 Cod.
2577 5219 2753 5290 Gale.
2810 5219 2863 5303 ³)
2909 5223 3220 5284 Brzesezie
3267 5218 3419 5285 God.
3465 5219 3642 5285 Kost.
3702 5220 3760 5303 ⁴)
3805 5224 3967 5285 Ζηθ-

856 5344 995 5387 nam
1036 5323 1164 5388 Ed.
1208 5323 1389 5409 Lipe.
1452 5325 1507 5407 ⁵)
1548 5327 1731 5404 legati
1794 5322 1946 5389 God.
2006 5323 2201 5389 Rozr.
2264 5323 2317 5407 ⁶)
2364 5326 2619 5404 iurgium
2682 5319 2834 5388 0οᾶ.
2895 5321 3088 5388 Rozr.
3157 5322 3208 5406 ⁷)
3271 5327 3500 5404 legatos
3557 5319 3712 5388 Cod.
3757 5322 3968 5392 Rozr.

862 5425 916 5514 ⁸)
961 5429 1302 5510 episcopum
1342 5425 1469 5494 Ed.
1514 5425 1697 5516 Lipe.
