4342 6384
907 606 1059 680 428
2087 627 2317 680 aman
2368 626 2828 680 memus.
3451 603 3594 704 (Α.
3634 603 3727 678 D.
3766 603 4021 705 1⁴³0.)

922 812 1189 902 „nostri
1248 810 1626 884 wladislai
1688 811 2022 886 Poloniae
2084 810 2303 903 Regis
2377 811 2685 884 illustris
2704 865 2721 899 ,
2790 811 3093 883 salutem
3162 815 3232 884 et
3286 810 3740 902 apostolicam
3800 809 4012 886 bene·

923 931 1360 1022 „dictionem
1415 931 1716 1004 Fuimus
1770 931 2098 1004 admirati
2152 931 2535 1023 plurimum
2572 936 2644 1004 et
2682 929 2982 1019 turbati,
3040 929 3402 1004 audientes
3452 929 3901 1003 carissimum
3940 930 4015 1002 in

921 1051 1237 1142 „Christo
1293 1049 1517 1122 filium
1572 1056 1887 1123 nostrum
1935 1050 2411 1123 Wladislaum
2447 1049 2781 1122 Poloniae
2817 1050 3081 1141 Regem
3121 1047 3472 1121 illustrem
3510 1048 3585 1121 in
3620 1048 4015 1122 Lithuania

921 1168 1300 1261 „detineri,
1357 1174 1429 1242 et
1483 1168 1544 1242 si
1601 1169 1772 1262 quid
1823 1190 1948 1261 per
2000 1191 2128 1242 nos
2184 1168 2336 1243 fieri
2388 1173 2627 1261 posset
2662 1189 2786 1259 pro
2826 1167 2976 1241 eius
3012 1167 3460 1255 liberatione,
3508 1171 3843 1259 tanquam
3880 1190 4003 1261 pro

921 1290 1110 1380 „filio
1177 1288 1540 1362 carissimo
1584 1294 1823 1362 nostro
1879 1295 1950 1363 et
2001 1289 2391 1378 Ecclesiae,
2457 1289 2531 1362 id
2592 1289 2923 1362 continuo
2988 1289 3240 1361 libenti
3301 1287 3531 1360 animo
3594 1289 4000 1375 faceremuS,

923 1410 1151 1502 „quod
1203 1409 1279 1480 in
1331 1408 1886 1499 praesentiarum
1941 1408 2142 1481 nobis
2197 1408 2429 1480 visum
2484 1411 2592 1481 est
2626 1408 2805 1480 utile
2844 1408 2919 1480 in
2953 1408 3086 1480 hoc
3120 1428 3321 1495 casu3
3376 1411 3537 1498 post
3572 1407 3726 1498 pias
3764 1412 3835 1480 et
3868 1409 3997 1479 hu-

923 1528 1166 1618 „miles
1223 1529 1574 1601 orationes
1629 1528 1850 1600 factas
1905 1526 1993 1599 ad
2047 1528 2272 1600 Deum
2324 1548 2449 1618 pro
2504 1526 2731 1618 ipsius
2768 1525 3183 1600 liberatione
3218 1531 3288 1599 et
3324 1525 3839 1615 incolumitate,
3896 1548 4002 1599 ro-

925 1667 1212 1740 „gamus
1264 1669 1389 1740 per
1439 1648 1685 1720 literas
1740 1647 2255 1721 instantissime
2308 1647 2748 1720 carissimum
2801 1646 2875 1718 in
2930 1645 3205 1718 Christo
3260 1645 3487 1718 filium
3540 1651 3859 1718 nostrum
3900 1647 4009 1719 Si·

926 1767 1416 1860 „gismundum
1469 1769 1938 1841 Romanorum
1995 1768 2259 1860 Regem
2306 1767 2691 1855 illustrem,
2747 1771 2829 1838 ut
2882 1765 3034 1838 eius
3088 1764 3492 1838 liberationi
3530 1765 3899 1839 caritative
3936 1772 4009 1840 et

927 1886 1344 1980 „diligenter
1395 1887 1574 1960 velit
1627 1887 2014 1974 intendere3
2074 1891 2142 1959 et
2198 1886 2568 1960 scribimus
2625 1886 2837 1958 etiam
2890 1885 3093 1958 fratri
3145 1884 3393 1977 Regis,
3447 1883 3661 1957 huius
3698 1886 3753 1972 ¹)
3808 1885 4008 1958 novi·

929 2007 1143 2093 „tatis
1197 2007 1510 2092 authori,
1565 2010 1647 2078 ut
1699 2005 2032 2080 videbitis
2084 2006 2160 2078 in
2198 2006 2419 2098 copiis
2473 2005 2836 2078 literarum
2891 2009 3321 2093 nostrarum,
3376 2004 3864 2094 praesentibus
3900 2005 4009 2078 in-

930 2125 1302 2216 „terclusis
1332 2124 1422 2215 2).
1479 2126 1572 2197 Et
1625 2125 1792 2217 quia
1841 2126 2194 2217 praefatos
2247 2127 2476 2217 Reges
2532 2125 2853 2217 cupimus
2908 2123 3145 2196 videre
3198 2123 3564 2196 unanimes
3620 2127 3691 2196 et
3728 2144 4007 2196 concor-

932 2245 1128 2334 „des‚
1187 2245 1468 2317 sublata
1503 2244 1692 2317 omni
1727 2244 2018 2318 materia
2054 2244 2547 2317 dissensionis:
2606 2244 2888 2335 utrique
2924 2265 3159 2317 eorum
3197 2243 3608 2332 scribimus,
3668 2248 4021 2335 quatenus

933 2385 1098 2455 „pro
1153 2364 1487 2437 tollendis
1541 2363 1990 2452 differentiis,
2057 2385 2235 2456 quae
2298 2364 2483 2437 inter
2536 2384 2653 2436 eos
2708 2365 2934 2436 forent
2960 2360 3047 2452 ³),
3112 2363 3337 2435 velint
3392 2363 3669 2437 mittere
3723 2363 4015 2436 nuntios

933 2487 1046 2572 „et
1113 2487 1416 2556 oratores
1482 2504 1718 2556 eorum
1747 2484 1811 2572 ⁴)
1867 2484 2296 2556 sufficienter
2357 2484 2773 2569 instructos,
2842 2483 2930 2554 ad
2994 2482 3330 2556 dilectum
3394 2481 3620 2555 filium
3697 2487 4020 2554 nostrum

933 2602 1334 2691 „Iulianum
1377 2601 1622 2676 Sancti
1659 2603 1920 2695 Angeli
1959 2602 2344 2676 Diaconum
2382 2603 2849 2691 cardinalem,
2907 2601 3357 2692 Apostolicae
3404 2602 3607 2676 Sedis
3643 2602 4017 2694 Legatum,

937 2744 1184 2813 „quem
1221 2723 1304 2795 de
1340 2721 1696 2814 praesenti
1749 2722 1838 2794 ad
1883 2726 2120 2814 partes
2176 2721 2586 2796 Germaniae
2640 2721 3104 2810 destinamus;
3160 2721 3489 2794 volumus
3526 2721 3745 2810 enim,
3785 2727 3867 2793 ut
3906 2741 4023 2794 eos

938 2846 1348 2933 „componat
1403 2841 1900 2930 amicabiliter,
1959 2842 2021 2915 si
2073 2841 2356 2933 poterit.
2415 2841 2676 2933 Quodsi
2728 2843 3054 2932 perficere
3108 2842 3259 2932 ipse
3314 2842 3623 2933 Legatus
3678 2862 3820 2917 non
3856 2861 4021 2932 pos-

937 2964 1120 3051 „set,
1187 2964 1259 3033 et
1310 2959 1546 3032 nuntii
1609 2965 1680 3033 et
1743 2968 2050 3035 oratores
2130 2960 2533 3034 huiusmodi
2597 2960 2971 3033 mittantur
3034 2962 3122 3032 ad
3174 2981 3330 3049 nos,
3396 2966 3477 3032 ut
3532 2961 3727 3053 ipsos
3790 2961 4025 3054 Reges

937 3078 1442 3171 „amicabiliter
1494 3100 2016 3172 componamus,
2074 3102 2198 3173 per
2228 3080 2289 3170 5)
2345 3080 2531 3152 viam
2584 3079 2903 3152 iustitiae
2967 3082 3176 3154 finem
3231 3101 3468 3154 eorum
3524 3080 4027 3154 controversiis

940 3199 1452 3292 „imponamu3,
1528 3204 1600 3271 et
1653 3199 1847 3292 ipsos
1917 3200 2201 3274 tandem
2272 3201 2581 3272 fraterna
2642 3199 2935 3272 caritate
2988 3200 3074 3272 ad
3128 3199 3261 3274 Dei
3312 3201 3643 3273 honorem
3698 3205 3769 3273 et
3822 3201 4023 3274 obse-

943 3318 1230 3409 „quium
1294 3318 1678 3392 catholicae
1743 3319 1906 3392 fidei
1970 3319 2496 3412 coniungamuS.
2575 3318 2850 3393 Literas
2906 3324 3137 3392 autem
3192 3324 3466 3392 nostras
3530 3319 3883 3392 mittimus
3936 3317 4029 3391 ad

944 3457 1234 3527 „manus
1269 3437 1568 3528 praefati
1603 3438 1886 3531 Legati,
1946 3459 2072 3511 sua
2125 3459 2294 3512 cura
2348 3444 2417 3512 et
2472 3438 2842 3531 diligentia
2895 3439 3322 3531 dirigendas,
3364 3439 3486 3531 qui
3521 3438 3768 3512 literas
3804 3439 4027 3512 desti·

942 3556 1250 3647 „nandas
1315 3558 1629 3648 praefato
1691 3557 1872 3650 Regi
1935 3557 2270 3630 Poloniae
2336 3561 2405 3631 et
2468 3558 2669 3630 fratri
2724 3579 2849 3630 suo
2880 3558 2943 3647 θ)
2999 3558 3295 3630 forsitan
3358 3558 3556 3632 vobis
3620 3558 3889 3648 mittet,
3939 3562 4033 3629 ut

943 3697 1101 3765 „eas
1155 3676 1623 3767 praesentari,
1681 3677 2060 3751 secundum
2115 3677 2299 3769 quod
2355 3677 2555 3750 vobis
2610 3676 2999 3765 videbitur,
3056 3677 3358 3750 faciatis.
3415 3678 3562 3751 Nos
3600 3677 3785 3752 enim
3820 3679 4030 3751 vobis

944 3793 1450 3887 „iniungimus‚
1507 3799 1589 3867 ut
1642 3799 1982 3887 quantum
2019 3794 2095 3868 in
2131 3797 2333 3870 vobis
2388 3796 2553 3884 erit,
2610 3797 2956 3869 studeatis
2994 3817 3075 3869 ea
3110 3796 3336 3870 facere
3374 3801 3445 3870 et
3482 3798 3786 3889 operari,
3846 3818 4030 3888 quae

944 3914 1339 4004 „pertinent
1391 3914 1480 3986 ad
1532 3916 2002 4006 praefatorum
2057 3916 2331 4007 Regum
2396 3915 2967 4008 compositionem
3022 3921 3093 3988 et
3146 3917 3621 3990 confusionem
3675 3918 4025 3991 Bohemo-

947 4054 1142 4120 „rum
1197 4033 1738 4122 haereticorum,
1797 4038 1868 4107 et
1921 4035 2006 4106 de
2060 4039 2253 4107 statu
2307 4035 2655 4108 carissimi
2708 4035 2783 4107 in
2838 4036 3112 4108 Christo
3166 4036 3304 4108 filii
3354 4037 3580 4109 nostri
3632 4036 3855 4130 Regis
3908 4058 4030 4110 ve-

946 4151 1124 4241 „stri
1177 4157 1247 4224 et
1277 4151 1341 4241 ⁷)
1396 4173 1724 4226 successu
1777 4174 2006 4226 rerum
2062 4152 2485 4228 Lithuaniae
2536 4176 2664 4227 nos
2718 4155 2977 4228 curetis
3031 4177 3155 4247 per
3190 4155 3433 4229 literas
3472 4159 3743 4230 vestras
3779 4155 4035 4230 dietim

947 4270 1215 4361 „facere
1278 4271 1631 4344 certiores.
1697 4273 1958 4344 Datum
2022 4273 2285 4346 Romae
2350 4275 2533 4366 apud
2589 4274 2883 4347 Sanctos
2938 4273 3347 4366 ApostoloS,
3414 4275 3630 4349 Sexto
3684 4275 4034 4349 calendas

948 4388 1386 4478 „Februarii‚
1443 4381 1906 4464 Pontificatus
1959 4393 2187 4464 nostri
2240 4414 2420 4464 anno
2478 4393 3120 4484 quatuordecimo“.

1155 4507 1542 4598 „Martinus
1595 4510 1986 4602 Episcopus
2017 4511 2106 4600 8),
2165 4533 2411 4584 servus
2459 4531 2815 4585 servorum
2850 4512 3013 4601 Dei,
3070 4512 3443 4585 Carissimo
3496 4512 3571 4586 in
3616 4512 3896 4586 Christo
3952 4515 4034 4586 fi-

949 4628 1087 4717 „lio
1155 4627 1604 4720 Sigismundo
1668 4630 2172 4718 Romanorum,
2250 4631 2653 4723 Hungariae
2704 4637 2773 4704 et
2820 4632 3196 4705 Bohemiae
3248 4632 3429 4725 Regi
3480 4633 3785 4720 illustri,
3844 4634 4037 4705 salu·

950 4751 1132 4835 „tem
1187 4751 1258 4820 et
1311 4747 1766 4838 apostolicam
1830 4749 2381 4823 benedictionem
2412 4751 2501 4839 9).
2575 4751 2821 4842 Nuper
2884 4750 3316 4841 audivimus,
3386 4754 3570 4844 quod
3624 4751 4035 4826 carissimus

948 4867 1067 4956 „in
1119 4865 1396 4939 Christo
1451 4867 1645 4940 filius
1699 4873 1966 4957 noster,
2023 4869 2463 4942 Wladislaus
2515 4870 2851 4942 Poloniae
2904 4870 3061 4942 Rex
3114 4871 3455 4960 illustris,
3519 4871 3597 4943 in
3648 4871 4037 4945 Lithuania

1153 5169 1204 5256 ¹)
1251 5174 1379 5235 eius
1420 5169 1549 5234 Ed.
1595 5170 1778 5256 Lips.
1828 5172 1878 5252 ²)
1925 5175 2193 5235 inclusis.
2242 5169 2395 5236 Cod.
2441 5171 2635 5236 Rozr.
2686 5171 2737 5252 ³)
2784 5180 2922 5236 sunt
2962 5169 3117 5237 cod.
3150 5172 3345 5237 Rozr.
3394 5171 3447 5254 ⁴)
3480 5191 3622 5238 suos
3654 5171 3813 5240 cod.
3844 5173 4035 5240 Rozr.

945 5270 998 5352 ⁶)
1044 5292 1154 5350 per
1196 5270 1366 5336 deest
1407 5274 1482 5336 in
1534 5270 1686 5338 cod.
1738 5270 1916 5338 Calv.
1981 5271 2037 5358 ⁸)
2086 5277 2214 5336 eius
2276 5270 2429 5338 cod.
2488 5274 2683 5338 Rozr.
2751 5273 2801 5356 ⁷)
2848 5295 2920 5336 ac
2964 5278 3039 5338 de
3086 5273 3239 5342 cod.
3264 5274 3482 5364 'Roma
3546 5275 3605 5357 8)
3658 5279 4033 5356 sigismundo

941 5375 1334 5436 Romanorum
1377 5377 1719 5453 Hungariae
1765 5383 1825 5438 et
1864 5377 2185 5438 Bohemiae
2226 5377 2397 5454 Regi.
2424 5411 2506 5422 -
2528 5379 2819 5440 Martinus
2863 5379 3195 5457 Episcopus
3244 5373 3397 5442 Cod.
3442 5375 3647 5442 Roaer.
3696 5377 3751 5461 ⁹)
3798 5387 3861 5444 et
3901 5399 4031 5462 apo-

943 5476 1212 5538 stolicam
1253 5477 1719 5539 benedictionem
1765 5475 1992 5540 desunt
2032 5478 2108 5541 in
2157 5475 2311 5542 Cod.
2361 5474 2536 5542 Calv.
