4342 6384
376 570 512 672 (Α.
545 569 636 647 D.
677 566 932 670 1422.)
1563 590 1789 645 LIBER
1840 586 2299 644 unnncnms.
3313 564 3462 641 297

565 902 796 975 Petrus
838 900 921 973 de
968 900 1172 972 δισσὴ
1218 900 1560 990 episeopus
1606 898 2057 971 (lothariensis
2103 913 2144 968 a
2190 896 2593 987 sigismundo
2637 896 3059 969 Romanorum
3103 896 3282 984 nego

1473 1019 1558 1090 ad
1603 1018 2021 1091 wladislaum
2065 1018 2373 1089 mittitur.

583 1260 713 1331 Die
767 1258 1132 1332 Dominico
1189 1257 1430 1331 Sancti
1483 1255 1881 1345 Laurentii,
1939 1256 2148 1329 motis
2206 1257 2359 1329 Rex
2415 1253 2666 1327 castris
2722 1254 2808 1326 ad
2845 1254 3214 1346 villagium
3254 1252 3471 1345 quod-

369 1380 534 1452 dam
589 1383 954 1467 exustum,
1013 1383 1083 1452 et
1130 1381 1360 1451 castra
1413 1398 1626 1468 supra
1677 1378 1909 1449 lacum
1963 1376 2168 1448 locat.
2227 1376 2433 1447 Feria
2472 1374 2775 1447 secunda
2827 1378 3013 1446 moto
3070 1374 3233 1445 inde
3273 1393 3469 1446 exer-

371 1498 556 1587 citu,
612 1499 808 1571 venit
870 1499 958 1570 ad
1021 1498 1276 1571 flumen
1339 1496 1548 1585 Ossa,
1617 1496 1742 1568 ubi
1807 1496 2078 1567 duobus
2141 1496 2387 1567 diebus
2452 1493 2878 1586 absumptis,
2954 1493 3067 1565 die
3138 1492 3470 1566 Mercurii

371 1618 754 1691 tredecima
805 1617 1152 1711 Augusti,
1209 1616 1502 1689 fluvium
1540 1615 1716 1688 Ossa
1767 1614 2075 1702 transiit,
2133 1619 2501 1704 castraque
2554 1613 2742 1685 haud
2796 1614 3043 1705 procul
3096 1634 3137 1684 a
3190 1612 3475 1684 flumine

373 1738 770 1811 constituit.
827 1739 915 1810 In
972 1757 1109 1829 quo
1163 1737 1361 1809 Petri
1414 1736 1498 1809 de
1529 1736 1748 1808 Szeek
1784 1737 1840 1824 ¹)
1896 1734 2383 1807 Corbaviensis
2440 1733 2749 1825 episcopi
2802 1732 3127 1820 nuntiuS,
3186 1752 3271 1805 ex
3328 1732 3473 1803 Ma-

371 1857 710 1949 rienburg
761 1878 886 1949 per
937 1862 1182 1950 gentes
1235 1856 1465 1950 regias
1519 1855 1937 1943 conductus,
1979 1854 2293 1939 advenit,
2354 1852 2757 1945 significans
2811 1852 3022 1944 Regi:
3080 1852 3471 1943 praefatum

375 1976 781 2069 episcopum
836 1976 1368 2049 Corbaviensem
1434 1976 1712 2048 nomine
1778 1973 2216 2067 Sigismundi
2271 1973 2744 2045 Romanorum
2800 1971 3016 2065 Regis
3071 1970 3474 2058 advenisse,

375 2097 500 2169 sed
560 2100 845 2188 propter
912 2096 1146 2189 regias
1209 2100 1514 2169 armatas
1543 2093 1606 2184 ²)
1669 2098 1912 2189 gentes
1967 2093 2227 2185 ubique
2281 2092 2606 2180 diffusas,
2664 2090 2902 2165 venire
2956 2090 3307 2163 timuisse.
3366 2090 3475 2161 Ex

375 2215 732 2288 industria
785 2216 1133 2308 siquidem
1188 2216 1343 2288 Rex
1398 2234 1647 2286 manus
1713 2213 1952 2304 spargi
2017 2217 2088 2285 et
2138 2210 2665 2303 populationem
2718 2209 2938 2281 latius
2993 2208 3301 2282 iusserat
3354 2229 3475 2281 ex-

377 2334 608 2425 tendi,
665 2335 868 2407 hoste
921 2356 1098 2427 vago
1153 2334 1422 2425 copiam
1475 2353 1750 2425 pugnae
1804 2353 1942 2403 non
1997 2331 2317 2419 faciente,
2372 2350 2501 2404 nec
2538 2329 2909 2422 quisquam
2964 2328 3115 2401 sine
3170 2328 3479 2401 evidenti

375 2454 690 2546 periculo
747 2454 822 2526 in
876 2454 1094 2546 Regis
1149 2453 1412 2527 stativa
1463 2456 1741 2545 poterat
1792 2450 2192 2543 pervenire:
2266 2452 2551 2543 propter
2604 2449 2789 2540 quod
2840 2447 3243 2539 praedictus
3297 2470 3476 2520 nun-

375 2574 526 2646 tius
581 2573 891 2666 episcopi
947 2572 1432 2647 Oorbaviensis
1495 2571 1778 2643 nonnisi
1830 2590 1956 2662 per
1999 2570 2336 2657 Polonos,
2394 2568 2517 2660 qui
2571 2590 2611 2639 a
2644 2568 2973 2660 gentibus
3011 2566 3475 2654 Crucifericis,

381 2694 550 2764 dum
605 2692 856 2784 spoliis
883 2689 948 2781 ³)
1013 2700 1083 2765 et
1135 2690 1479 2765 incendiis
1541 2711 1790 2782 parum
1853 2688 2144 2781 provide
2208 2688 2683 2775 intenderant,
2752 2686 2941 2779 capti
2970 2688 3058 2775 ⁴),
3115 2687 3191 2759 in
3244 2690 3476 2759 castra

374 2811 574 2903 regia
625 2831 715 2884 ex
769 2810 1218 2903 Matienburg
1278 2811 1530 2882 ductus
1585 2812 1716 2882 est.
1799 2808 1926 2880 Cui
1987 2809 2144 2881 Rex
2208 2829 2423 2879 unum
2489 2827 2575 2881 ex
2630 2807 2917 2879 Polonis
2982 2812 3053 2879 et
3106 2826 3321 2878 unum
3387 2825 3476 2878 ex

375 2930 756 3003 Lithuanis
811 2930 1230 3023 adiungens,
1287 2930 1517 3021 ipsum
1573 2928 1880 3017 remisit3
1955 2948 2250 3019 quorum
2304 2928 2519 3001 ductu
2574 2931 2647 2999 et
2698 2927 2954 3000 Petrus
3020 2926 3106 2998 de
3161 2925 3381 2999 Szeek
3412 2925 3473 3013 ⁵)

377 3050 748 3142 episcopus
802 3048 1288 3123 Corbaviensis
1345 3048 1717 3121 incolumis
1773 3048 1860 3120 ad
1913 3047 2381 3140 praesentiam
2436 3046 2817 3119 Wladislai
2870 3044 3207 3118 Poloniae
3260 3044 3479 3136 Regis

377 3171 762 3262 perductus
817 3174 948 3241 est.

1309 3530 1616 3619 Oppidum
1661 3528 1862 3601 Golub
1907 3546 1946 3600 a
1989 3528 2249 3600 toloni:
2293 3528 2566 3618 eapitur.

588 3769 798 3843 Feria
851 3768 1100 3859 quinta
1153 3768 1228 3839 in
1283 3767 1552 3861 Vigilia
1605 3766 2134 3859 Assumptionis
2193 3762 2488 3838 Sanctae
2526 3764 2787 3837 Mariae
2808 3764 2895 3853 ⁰),
2954 3762 3150 3835 venit
3186 3763 3342 3835 Rex
3388 3762 3477 3833 ad

379 3912 709 3983 magnum
763 3891 1026 3963 lacum:
1083 3888 1350 3979 illoque
1389 3878 1476 3961 'et
1529 3889 1750 3962 altero
1805 3888 1950 3976 die,
2006 3892 2291 3978 propter
2342 3884 2483 3957 diei
2520 3883 3028 3972 celebritatem,
3086 3882 3161 3955 in
3214 3881 3476 3954 eisdem

381 4009 669 4083 stativis
725 4009 927 4101 quies
981 4008 1225 4081 habita
1279 4012 1410 4081 est.
1467 4007 1774 4080 Sabbato
1829 4028 2028 4095 vere,
2093 4007 2168 4078 in
2224 4004 2529 4078 crastino
2593 4002 3122 4096 Assumptionis
3179 4001 3477 4075 Sanctae

381 4130 676 4217 Mariae,
735 4129 916 4202 facto
971 4129 1127 4201 Rex
1184 4127 1258 4199 in
1295 4148 1434 4199 nna
1488 4128 1819 4199 villarum
1875 4131 2250 4214 nocturno,
2309 4124 2421 4197 die
2458 4123 2855 4211 Dominic0,
2912 4123 3077 4194 dum
3132 4122 3219 4193 ad
3254 4121 3317 4210 ⁷)
3354 4141 3475 4211 op-

378 4249 626 4341 pidum
683 4248 911 4321 Golub
965 4252 1379 4340 perventum
1435 4247 1645 4335 foret,
1701 4250 1946 4339 gentes
1981 4245 2216 4338 regiae
2268 4244 2536 4335 impetu
2574 4244 2779 4331 facto,
2839 4242 3042 4315 facile
3097 4241 3277 4313 illud
3315 4261 3475 4312 con-

381 4368 705 4459 quirunt:
760 4367 1018 4459 praeda
1072 4364 1306 4457 oppidi
1362 4364 1612 4457 ingens
1667 4369 1737 4438 et
1789 4366 2016 4437 multa
2077 4363 2294 4436 militi
2349 4382 2673 4435 concessa
2700 4361 2789 4451 ⁸).
2873 4363 2965 4434 Et
3018 4362 3186 4435 licet
3236 4362 3477 4453 plures

380 4507 672 4560 numero
727 4506 816 4559 ex
871 4484 1240 4577 oppidanis
1297 4485 1369 4556 in
1436 4485 1690 4557 turrim
1753 4507 1964 4557 unam
2019 4485 2267 4557 fortem
2340 4488 2409 4557 et
2464 4482 2839 4571 munitam,
2916 4503 3129 4574 supra
3182 4481 3475 4554 fluvium

386 4608 764 4679 Drwancza
816 4605 1056 4693 sitam,
1114 4624 1190 4677 se
1241 4605 1672 4696 recepissent
1725 4610 1797 4679 et
1831 4605 2351 4696 aliquantulum
2406 4623 2495 4675 ex
2532 4602 2661 4675 illa
2716 4622 2789 4675 se
2834 4603 3310 4689 defenderent,
3352 4622 3474 4673 ex·

380 4730 541 4818 post
570 4724 634 4815 ⁹)
692 4731 926 4798 tamen
979 4725 1299 4798 videntes
1355 4746 1429 4799 se
1483 4723 1866 4797 subsistere
1918 4746 2053 4797 non
2092 4743 2329 4815 posse,
2383 4720 2614 4816 gratia
2658 4722 3064 4813 impetrata,
3122 4721 3197 4792 in
3251 4719 3471 4812 capti-

381 4846 678 4919 vitatem
732 4866 805 4919 se
851 4844 1170 4917 tradunt:
1229 4843 1722 4936 multipliciter
1759 4844 1944 4918 enim
1980 4848 2225 4937 gentes
2262 4842 2495 4935 regiae
2531 4841 2695 4914 illos
2749 4840 3166 4930 infestando,
3222 4839 3474 4913 turrim

381 4964 810 5058 praedictam
873 4965 1451 5056 comprehendere
1511 4964 2000 5038 moliebantur.
2082 4964 2290 5037 Miles
2352 4960 2769 5035 Missnensis
2823 4961 3161 5035 Paczolth
3212 4959 3473 5046 dictus,

599 5255 648 5336 ¹)
693 5256 850 5318 Seek
891 5254 1018 5318 Ed.
1071 5254 1255 5339 Lips.
1303 5254 1351 5333 ²)
1398 5272 1690 5315 armorum
1739 5250 1890 5316 cod.
1921 5250 2102 5315 Kost.
2151 5250 2205 5332 ³)
2250 5252 2469 5311 dudum
2512 5252 2575 5309 in
2606 5250 2811 5327 spoliis
2860 5244 3011 5311 Cod.
3042 5246 3235 5312 Rozr.
3286 5244 3338 5329 ⁸)
3368 5268 3476 5326 pa-

383 5378 509 5420 rum
552 5358 800 5436 provide
844 5360 1078 5420 fuerant
1119 5358 1340 5420 versati
1355 5400 1374 5437 ,
1435 5358 1594 5434 capti
1636 5358 1800 5418 fuere
1863 5350 2014 5418 cod.
2059 5352 2253 5417 Rozr.
2312 5352 2365 5433 ⁸)
2408 5354 2565 5416 Seek
2620 5349 2749 5415 Ed.
2788 5349 2972 5436 Lips.
3044 5349 3099 5431 ⁶)
3144 5352 3205 5413 S.
3249 5352 3475 5413 Mariae

397 5462 660 5539 Virginis
695 5457 845 5524 Cod.
868 5458 1060 5523 Rozr.
1127 5458 1176 5542 ⁷)
1227 5459 1386 5538 apud
1413 5456 1540 5523 Ed.
1573 5456 1754 5542 Lips.
1804 5457 1856 5538 ⁸)
1903 5476 2187 5521 concessa
2217 5462 2326 5519 est.
2364 5454 2520 5519 Cod.
2546 5451 2739 5518 Rozr.
2786 5452 2841 5537 ⁹)
2872 5458 3085 5533 postea
3116 5448 3271 5517 cod.
3298 5450 3475 5517 Rom·

436 5612 482 5654 J.
507 5612 700 5663 Diagon.
729 5612 852 5653 mut.
877 5611 1038 5654 roton.
1066 5610 1118 5653 τ.
1145 5612 1228 5652 xv.
3088 5585 3161 5643 38
