4342 6384
350 560 482 661 (Α.
519 561 613 636 D.
651 558 915 659 ⁸438.)
1471 578 1702 633 mann
1750 580 2267 634 nuonncnms.
3295 560 3438 633 581

353 766 676 839 concludi
728 770 1024 858 poterat.
1081 765 1401 856 Utroque
1455 764 1696 856 itaque
1751 765 2065 838 exercitu
2120 764 2413 857 fatigato
2453 763 2531 852 ¹),
2590 764 2754 834 dum
2810 784 3083 835 annona
3134 761 3211 834 in
3266 763 3443 835 locis

349 886 761 978 propinquis
815 886 1170 973 deficeret,
1227 885 1314 955 ad
1367 888 1634 956 remota
1687 904 1853 957 vero
1903 884 2345 977 periculosus
2400 887 2587 955 esset
2640 902 2962 955 accessus
2999 886 3285 972 propter
3318 884 3441 953 ho-

351 1026 535 1095 rum,
604 1026 896 1096 quorum
962 1006 1196 1095 fruges
1261 1003 1876 1091 consumebantur,
1945 1002 2452 1091 resistentiam,
2527 1001 2828 1093 palatini
2891 1000 3224 1073 Poloniae
3286 1021 3447 1073 cum

303 1206 314 1213 ,
354 1123 670 1197 exercitu
726 1145 852 1196 suo
906 1124 981 1195 in
1037 1122 1367 1213 oppidum
1422 1122 1647 1195 Tabor
1701 1142 1776 1194 se
1829 1122 2215 1214 recipiunt,
2272 1122 2610 1193 Albertus
2673 1140 2837 1193 vero
2885 1120 3041 1192 Rex
3080 1118 3447 1193 licentiato

277 1278 300 1285 -
352 1243 700 1331 exercitu,
766 1244 1066 1335 Pragam
1130 1241 1450 1317 discedit.
1515 1241 1931 1314 Missnensis
1995 1240 2306 1313 Marchio
2356 1261 2511 1313 cum
2558 1239 2874 1313 exercitu
2938 1260 3065 1312 suo
3118 1259 3244 1330 per
3294 1239 3449 1311 loca

355 1356 570 1435 terris
604 1362 754 1434 suis
789 1360 1290 1453 propinquiora
1323 1361 1489 1432 dum
1524 1360 1814 1449 rediret,
1854 1360 2183 1433 civitates
2220 1360 2423 1431 Luna
2448 1357 2537 1448 ²),
2576 1360 2871 1431 Zathecz
2910 1363 2981 1431 et
3016 1357 3199 1430 aliae
3235 1378 3445 1449 quam

353 1484 592 1573 plures
648 1481 734 1555 de
789 1480 1184 1554 obedientia
1235 1480 1612 1568 Kazimiri,
1669 1485 2137 1571 opportunum
2192 1484 2471 1570 tempus
2524 1481 2749 1565 ratae,
2817 1498 2953 1568 quo
3019 1482 3311 1568 possent
3360 1476 3449 1549 de

349 1601 705 1692 praedicto
760 1600 1160 1673 Marchione
1211 1601 1472 1673 referre
1535 1599 1932 1686 victoriam,
2000 1597 2293 1691 collecto
2358 1596 2674 1671 exercitu
2728 1616 2817 1669 ex
2871 1596 3231 1689 equitibus
3250 1652 3275 1685 ,
3325 1617 3445 1687 pe-

350 1719 790 1811 ditibusque,
849 1740 1009 1791 eum
1062 1719 1364 1793 insecuti
1403 1722 1600 1806 sunt3
1655 1718 1808 1809 ipse
1844 1738 2007 1791 vero
2045 1716 2369 1789 solicitus
2405 1717 2490 1790 de
2524 1715 2869 1807 periculo,
2926 1714 3259 1788 Iacobum
3311 1716 3443 1787 Be*

350 1840 586 1931 linsky
643 1840 1027 1911 Bohemum
1083 1859 1239 1911 cum
1294 1839 1618 1930 pluribus
1673 1836 1836 1910 aliis
1892 1835 2225 1908 Bohemis
2263 1834 2401 1907 sibi
2437 1834 2512 1906 in
2548 1834 2974 1926 praesidium
3007 1831 3067 1922 3)
3122 1833 3315 1906 mitti
3353 1834 3439 1906 ab

351 1960 652 2031 Alberto
697 1960 890 2050 Rege
943 1958 1306 2049 impetrat,
1364 1956 1750 2047 maiorique
1804 1955 2032 2027 milite
2086 1954 2395 2045 stipatus
2450 1953 2897 2045 congreditur
2944 1958 3015 2024 et
3050 1953 3447 2043 praedictae

351 2077 677 2150 civitates
732 2082 802 2149 et
856 2098 1090 2150 eorum
1147 2077 1533 2149 exercitum
1587 2076 1809 2149 vincit
1847 2079 1918 2147 et
1952 2074 2372 2166 prosternit,
2430 2072 2817 2163 multisque
2855 2072 3187 2145 Bohemis
3224 2073 3451 2163 captis

349 2202 474 2269 aut
528 2197 810 2283 occisiS,
867 2201 940 2269 et
991 2217 1152 2268 cum
1202 2196 1428 2288 gloria
1483 2201 1553 2268 et
1607 2195 1842 2267 salute
1891 2194 1964 2265 in
2022 2193 2353 2265 Dominia
2408 2214 2537 2265 sua
2588 2192 2827 2265 rediit.

1125 2547 1518 2624 vladislaus
1562 2548 1702 2623 nex
1745 2548 2046 2623 roloniae
2089 2547 2359 2621 stasim
2405 2549 2654 2621 tutet.

558 2792 1000 2867 wladislaus
1073 2792 1228 2864 Rex
1302 2792 1634 2865 Poloniae
1710 2792 1940 2866 literis
2005 2797 2074 2865 et
2127 2793 2399 2864 nuntiis
2470 2792 2943 2883 palatinorum
3016 2812 3303 2863 suorum
3358 2812 3447 2863 ex

348 2908 690 2985 Bohemia
745 2912 1206 2999 certificatuS,
1267 2916 1608 3002 quantum
1665 2912 2050 2984 exercitum
2105 2912 2443 2986 Albertus
2498 2913 2652 2985 Rex
2690 2918 2935 2985 contra
2969 2911 3135 2983 illos
3176 2915 3245 2983 et
3282 2932 3443 3003 par-

348 3036 495 3105 tem
553 3031 900 3103 Kazimiri
957 3031 1513 3123 congregaverit,
1574 3034 1754 3104 ferre
1809 3032 1958 3104 illis
2014 3032 2447 3105 exercituale
2502 3032 2928 3121 subsidium,
2986 3031 3165 3122 quod
3205 3035 3445 3123 postu-

341 3154 624 3240 labant,
680 3156 985 3223 maturat
1013 3151 1102 3239 ⁴),
1159 3158 1229 3221 et
1281 3150 1570 3242 proinde
1613 3152 1922 3243 generali
1970 3151 2424 3243 expeditione
2489 3152 2785 3241 indicta,
2854 3172 3045 3223 arma
3102 3151 3318 3223 sumit
3372 3156 3444 3223 et

348 3271 680 3343 omnibus
735 3277 1076 3343 terrarum
1129 3292 1413 3343 suarum
1472 3270 1777 3343 subditis
1835 3271 2151 3359 mandat,
2212 3276 2556 3362 quatenus
2612 3272 2699 3342 ad
2728 3271 2959 3345 illum
2997 3271 3071 3343 in
3110 3271 3441 3362 oppidu-m

340 3391 916 3477 Czanstochowa,
971 3400 1098 3481 pro
1153 3390 1264 3462 die
1319 3389 1540 3463 natali
1569 3390 1629 3479 ⁵)
1687 3390 1984 3463 Sanctae
2049 3389 2311 3462 Mariae
2376 3390 2817 3463 conveniant.
2883 3391 3103 3462 quta
3166 3390 3445 3463 iussum

337 3511 590 3601 itaque
643 3509 859 3601 Regis
915 3530 1152 3583 omnes
1207 3510 1471 3583 milites
1517 3514 1588 3583 et
1631 3509 1902 3582 nobiles
1941 3529 2028 3582 ex
2065 3509 2279 3581 terris
2336 3510 2809 3603 Cracoviensi,
2866 3508 3443 3597 Sandomiriensi,

337 3628 804 3717 Lublinensi‚
862 3628 1290 3717 Chelmensi‚
1349 3628 1796 3702 conveniunt.
1860 3628 2299 3704 wladislaus
2366 3648 2641 3720 quoque
2703 3629 2861 3701 Rex
2914 3628 3077 3701 aliis
3130 3650 3271 3701 non
3323 3649 3442 3701 ex-

331 3749 686 3841 pectatis,
745 3748 929 3820 facta
983 3748 1434 3840 Principibus
1489 3748 1758 3821 Slesiae
1813 3748 2098 3840 publica
2149 3748 2621 3835 diffidatione,
2688 3749 2873 3840 quod
2934 3768 3261 3840 germano
3316 3769 3443 3820 suo

333 3867 715 3940 Kazimiro
769 3866 982 3940 etiam
1037 3888 1274 3941 secum
1328 3868 1400 3939 iu
1457 3868 1772 3939 exercitu
1825 3868 2180 3958 praesenti
2232 3871 2587 3959 praestare
2634 3867 2998 3939 fidelitatis
3044 3867 3447 3959 homagium

331 3995 688 4079 tanquam
743 3985 925 4078 Regi
979 3986 1356 4060 Boliemiae
1406 3992 1842 4076 recusarent,
1897 3988 2072 4059 item
2125 3988 2311 4079 quod
2363 3988 2685 4080 Regnum
2742 4008 2947 4061 suum
3000 3987 3214 4059 furtis
3250 3987 3441 4059 clam

327 4106 654 4179 destinis
707 4110 780 4179 et
833 4105 1086 4197 spoliis
1138 4106 1591 4195 lacesserent,
1649 4106 1818 4179 item
1857 4106 2040 4197 quod
2080 4106 2345 4179 subditi
2382 4127 2621 4179 eorum
2656 4110 3007 4179 monetam
3040 4106 3270 4199 Regni
3306 4107 3441 4178 Po-

327 4226 590 4300 }oniae
617 4282 634 4313 ,
692 4224 870 4317 ipsis
925 4224 1570 4314 dissimulantibus,
1629 4226 2084 4299 falsificarent
2121 4230 2193 4298 et
2228 4225 2685 4317 importarent
2722 4225 3165 4298 falsificatum
3202 4224 3276 4297 in
3308 4225 3445 4298 Re·

317 4368 566 4440 gnum
621 4344 989 4432 Poloniae,
1048 4348 1272 4416 terras
1327 4348 1397 4417 et
1451 4345 1763 4417 Ducatus
1825 4366 2062 4419 eorum
2127 4343 2518 4437 ingreditur
2582 4349 2653 4418 et
2714 4366 2839 4435 per
2898 4344 3325 4435 Lublinyeez
3354 4344 3444 4433 θ),

322 4465 733 4552 Straelcze,
789 4463 1068 4555 aliaque
1123 4464 1275 4535 loca
1329 4485 1775 4555 progressuS,
1831 4486 2056 4555 usque
2107 4464 2199 4537 ad
2254 4462 2637 4555 Oppaviam
2692 4467 3085 4556 grassatur,
3152 4484 3234 4535 eo
3286 4484 3443 4553 pro-

315 4584 584 4677 posito
616 4584 682 4671 ⁷)
705 4630 712 4639 -
734 4588 814 4655 ut
869 4588 994 4655 aut
1051 4582 1510 4674 personaliter
1565 4583 1970 4655 Bohemiam
2005 4587 2233 4675 petat,
2283 4588 2407 4653 aut
2442 4582 2827 4655 notabilem
2872 4580 3257 4654 exercitum
3295 4580 3445 4653 suis

315 4706 412 4777 in
483 4703 874 4775 subsidium
927 4702 1190 4774 mittat.
1245 4701 1587 4774 Avisatus
1639 4707 1874 4775 autem
1927 4704 2096 4775 dum
2150 4706 2335 4774 esset
2388 4722 2601 4793 prope
2656 4700 3043 4793 Oppaviam
3092 4700 3444 4773 exercitus

312 4825 432 4897 ab
495 4822 798 4895 invicem
859 4821 1269 4894 discessisse
1334 4821 1466 4913 (ibi
1529 4821 1714 4893 enim
1769 4822 1856 4893 ad
1913 4842 2110 4893 suam
2165 4822 2605 4895 Maiestatem
2670 4821 3023 4893 Iohannes
3078 4820 3161 4892 de
3214 4820 3442 4891 Than-

309 4942 507 5017 czin
563 4941 920 5032 palatinus
976 4940 1562 5012 Sandomiriensis
1617 4961 1775 5012 cum
1828 4941 2152 5032 pluribus
2214 4940 2505 5013 Polonis
2560 4946 2629 5013 et
2683 4940 3047 5030 BohemiS,
3117 4938 3447 5011 videlicet

569 5230 614 5309 ¹)
661 5231 984 5307 demuma
1029 5226 1154 5292 Ed.
1205 5227 1380 5312 Lips.
1446 5229 1503 5307 Ω)
1546 5230 1722 5291 Lima
1769 5225 1920 5292 Cod.
1967 5228 2144 5291 Kost.
2210 5228 2264 5309 ³)
2309 5230 2635 5291 subsidium
2680 5227 2805 5291 Ed.
2854 5226 3033 5311 Lips.
3096 5226 3149 5307 ⁴¹)
3194 5233 3444 5293 matura-

301 5342 450 5403 bat
509 5330 638 5394 Ed.
701 5330 878 5415 Lips.
942 5332 1006 5413 ⁵).
1054 5334 1398 5393 Nativitatis
1462 5326 1614 5394 Cod.
1671 5330 1888 5394 Przez.
1953 5331 2006 5411 θ)
2064 5333 2422 5393 Labieniecz
2485 5327 2637 5394 Cod.
2700 5329 2883 5393 Koet.
2953 5329 3005 5411 ⁷)
3070 5350 3149 5391 ea
3198 5335 3446 5407 propter

303 5436 476 5504 Ed.
527 5434 707 5518 Lips.
