4342 6384
884 562 1035 633 700
2045 580 2274 635 mnan
2325 578 2836 634 nuonncnms.
3417 555 3554 656 (Α.
3594 555 3686 631 D.
3725 558 3968 658 1444.)

884 787 1169 840 numero
1226 770 1296 838 et
1350 763 1671 838 curribus
1745 786 2007 839 merces
2061 763 2516 852 vehentibus,
2592 785 2717 858 pro
2783 766 2963 837 festo
3020 762 3262 837 Sancti
3325 764 3664 837 Iohannis
3729 764 3964 857 Bapti-

884 891 1035 959 stae
1088 886 1178 957 ad
1212 885 1567 957 nundinas
1602 884 2141 958 wratislaviam
2197 884 2596 964 tendentem
2634 885 2714 973 ¹),
2769 888 2852 956 ut
2887 883 3124 956 iustus
3159 884 3548 973 exercitus,
3605 884 3672 958 si
3705 885 3968 959 invasio

882 1005 1164 1078 hostilis
1218 1007 1445 1093 fieret,
1501 1008 1892 1097 putaretur,
1950 1006 2023 1077 in
2061 1006 2314 1097 oppido
2351 1005 2763 1097 Kruczborg
2791 1002 2878 1093 ²),
2935 1004 3012 1076 in
3050 1024 3186 1097 quo
3225 1004 3454 1096 quieti
3504 1008 3577 1078 et
3613 1006 3882 1079 nullius
3909 1005 3968 1097 ³)

884 1124 1309 1199 hostilitatis
1348 1125 1643 1213 conscii,
1686 1126 2140 1217 quiescebant
2181 1132 2372 1217 (nam
2413 1125 2564 1198 sine
2601 1124 2798 1199 clade
2835 1146 2964 1197 sua
2999 1128 3072 1198 et
3109 1146 3394 1197 suorum
3433 1125 3748 1199 obtinere
3779 1148 3968 1218 prae·

880 1246 1039 1318 dam
1094 1245 1293 1318 illam
1347 1245 1557 1319 aliter
1619 1267 1756 1317 non
1786 1248 1850 1336 4)
1904 1246 2247 1334 rebatur),
2313 1246 2588 1319 irruens
2653 1244 2842 1337 cepit
2907 1249 2977 1319 et
3039 1244 3465 1337 captivavit,
3533 1250 3604 1319 et
3657 1246 3970 1320 omnibus

880 1366 1123 1454 rebus,
1180 1366 1560 1454 mercibus,
1618 1386 1925 1457 auroque
1980 1369 2051 1438 et
2104 1369 2393 1458 argento
2411 1420 2428 1454 ,
2484 1364 2989 1438 mercatoribus
3045 1385 3300 1456 pavore
3366 1369 3492 1438 aut
3545 1365 3972 1459 fugientibus

881 1490 1005 1559 aut
1058 1485 1559 1575 consternatis,
1626 1484 1917 1558 civitate
1985 1486 2396 1579 Kruczborg
2425 1484 2489 1575 5)
2553 1485 2832 1559 nullum
2899 1485 3163 1559 ferente
3217 1484 3645 1575 subsidium,
3709 1487 3972 1578 potitus

885 1610 1025 1692 est,
1104 1611 1175 1677 et
1237 1626 1509 1679 omnem
1574 1605 1859 1678 illarum
1925 1607 2364 1677 fortunarum
2437 1609 2509 1678 et
2571 1604 2904 1678 mercium
2967 1605 3254 1693 molem,
3301 1626 3512 1696 quae
3573 1606 3972 1681 modestiori

884 1724 1369 1799 aestimatione
1423 1725 1509 1797 ad
1564 1725 1867 1799 ducenta
1923 1744 2292 1797 aureorum
2345 1723 2576 1797 millia
2630 1723 3176 1816 appendebatur,
3242 1724 3530 1816 impune
3581 1728 3971 1819 usurpavit.

885 1843 1189 1919 Grandis
1244 1850 1533 1918 eatenus
1589 1845 1879 1918 afflictio
1944 1844 2214 1917 animos
2268 1845 2694 1918 Polonorum
2761 1844 3146 1935 oppressit,
3211 1844 3706 1918 vindicandam
3767 1850 3971 1921 teme-

882 1965 1167 2038 ritatem
1230 1964 1445 2037 Ducis
1510 1964 1823 2039 Boleslai
1894 1965 2361 2038 decernebant
2434 1969 2504 2038 et
2556 1963 3002 2037 indicendum
3077 1964 3192 2037 illi
3253 1964 3615 2057 publicum
3687 1967 3972 2040 bellum.

886 2086 1023 2159 Sed
1078 2106 1213 2176 quo
1268 2089 1563 2158 eventus
1618 2085 1817 2157 illius
1874 2085 2149 2158 felicius
2181 2085 2244 2175 θ)
2303 2085 2732 2173 succederet,
2799 2083 3194 2157 sufferenda
3246 2084 3481 2157 omnia
3544 2088 3772 2179 quoad
3823 2088 3974 2161 Rex

768 2262 773 2265 .
884 2204 1176 2297 rediret,
1234 2208 1304 2277 et
1356 2206 1753 2297 praesentia
1808 2227 1935 2277 sua
1988 2205 2257 2278 bellum
2310 2205 2724 2297 gerendum,
2793 2224 2920 2277 nec
2976 2205 3159 2277 facta
3213 2204 3497 2279 interim
3551 2206 3746 2295 fidei,
3804 2228 3976 2299 quae

887 2326 1041 2398 Rex
1097 2325 1347 2417 agebat
1378 2325 1463 2413 ⁷),
1521 2324 1981 2418 impedienda.
2040 2325 2180 2398 Sed
2232 2345 2360 2398 nec
2408 2324 2846 2398 Wladislaus
2885 2325 3042 2399 Rex
3095 2324 3372 2413 ardore,
3433 2346 3568 2417 quo
3623 2326 3976 2419 negotium

888 2444 1049 2517 fidei
1104 2450 1175 2517 et
1228 2443 1653 2518 defensionis
1710 2445 2206 2537 Hungarorum
2269 2444 2814 2536 promovendum
2871 2448 3310 2536 susceperat,
3379 2444 3741 2535 incensuS,
3795 2446 3975 2520 iniu-

886 2564 1063 2637 riam
1120 2569 1261 2636 tam
1316 2564 1703 2655 improbam
1757 2568 1831 2636 et
1884 2568 2189 2637 atrocem
2245 2562 2509 2636 sentire
2562 2563 2830 2655 potuit,
2898 2567 2969 2636 et
3022 2563 3311 2637 Polonis
3375 2564 3682 2657 spolium
3739 2567 3974 2640 huius·

887 2682 1073 2756 modi
1145 2684 1331 2775 apud
1402 2704 1559 2757 eum
1633 2682 2087 2776 querentibus
2112 2738 2130 2771 ,
2204 2684 2475 2756 nullam
2549 2704 2626 2759 se
2695 2681 3166 2775 provisionem
3237 2685 3448 2758 rebus
3525 2683 3706 2777 ipsis
3777 2708 3976 2777 posse

888 2804 1249 2892 daturum,
1315 2803 1391 2876 in
1442 2802 1640 2877 aliud
1704 2802 1933 2877 animo
1988 2808 2060 2875 et
2114 2803 2516 2895 operatione
2581 2803 2898 2877 intentus
2951 2803 3347 2896 respondit,
3413 2808 3485 2877 et
3539 2807 3622 2876 ut
3675 2826 3820 2879 rem
3873 2807 3976 2879 in-

889 2926 1155 3015 tegram
1210 2922 1286 2994 in
1322 2923 1701 2995 adventum
1756 2944 1963 2996 suum
1998 2926 2470 3011 reservarent,
2529 2923 2923 3012 mandavit,
2979 2944 3120 2996 non
3153 2944 3360 3015 posse
3411 2923 3750 3016 gaudium
3785 2948 3974 3017 prae-

890 3042 1120 3114 datori
1172 3062 1262 3115 ex
1314 3047 1517 3136 rapta
1568 3043 1856 3134 praeda,
1916 3043 1979 3115 si
2032 3043 2186 3116 vita
2239 3064 2366 3115 sua
2418 3044 2768 3135 protelata
2820 3042 3064 3131 fuerit,
3123 3044 3268 3117 fore
3321 3042 3760 3119 diuturnum.
3831 3048 3976 3120 Sol·

889 3160 1124 3233 licitat
1197 3160 1446 3234 deinde
1516 3162 1932 3254 Magistrum
2004 3166 2075 3236 et
2138 3162 2464 3236 Ordinem
2519 3163 3027 3237 cruciferorum
3099 3163 3184 3236 de
3255 3163 3548 3237 Prussia
3617 3163 3852 3239 literis
3913 3172 3981 3240 et

891 3279 1197 3369 nuntiis,
1253 3285 1337 3352 ut
1390 3280 1529 3354 sibi
1584 3281 1955 3355 secundam
2014 3281 2530 3373 expeditionem
2585 3282 2825 3375 agenti
2879 3287 3122 3355 contra
3174 3283 3436 3357 Turcos
3492 3284 3750 3358 saltem
3803 3308 3978 3361 nunc

892 3400 1319 3473 exercituale
1374 3400 1765 3474 subsidium
1819 3402 2139 3491 mittant,
2209 3402 2392 3493 quod
2454 3424 2579 3494 pro
2633 3400 2860 3493 prima
2923 3402 3202 3476 mittere
3266 3405 3763 3499 neglexerunt,
3830 3428 3976 3479 cum

891 3519 965 3592 id
1018 3540 1106 3593 ex
1144 3519 1577 3610 professione
1632 3542 1760 3593 sua
1798 3521 2220 3613 obligentur.
2279 3522 2416 3597 Sed
2453 3521 2800 3595 obturatis
2855 3522 3144 3596 auribus
3181 3524 3398 3618 Regis
3449 3524 3704 3616 petitio
3751 3533 3979 3618 spreta

892 3644 965 3712 et
1016 3642 1416 3731 contempta
1450 3645 1591 3729 est,
1646 3639 1976 3733 quoniam
2032 3646 2462 3715 terrenorum
2497 3642 2833 3715 bonorum
2871 3643 3333 3732 abundantia,
3389 3644 3640 3719 deinde
3670 3646 3974 3735 Veneris,

894 3758 1291 3851 Bacchique
1344 3780 1515 3831 usus
1570 3760 1643 3831 in
1679 3761 2038 3855 plerisque
2092 3782 2329 3835 eorum
2384 3761 3072 3835 commendatoribus
3127 3763 3658 3854 immoderatus,
3715 3787 3976 3840 omnem

894 3883 1064 3949 tunc
1092 3877 1155 3965 8)
1228 3877 1303 3949 in
1368 3878 1471 3951 eis
1534 3880 1986 3955 extinxerant
2055 3882 2444 3973 priscorum
2509 3881 2955 3973 disciplinam
3019 3882 3420 3957 militarem.
3497 3884 3761 3958 Verum
3823 3908 3973 3959 con·

894 4001 1238 4088 temptum
1294 3998 1479 4071 hunc
1532 4020 1752 4091 aequo
1806 4000 2037 4074 animo
2076 4002 2515 4075 Wladislaus
2553 4002 2709 4075 Rex
2764 4002 2964 4091 tulit,
3021 4001 3304 4077 divinae
3358 4002 3566 4077 illum
3619 4026 3975 4079 reservans

896 4117 1175 4189 futurae
1226 4116 1508 4191 ultioni.

1115 4440 1160 4520 ¹)
1207 4444 1629 4505 contendentes
1678 4440 1830 4506 Cod.
1862 4443 2040 4507 Kost.
2090 4446 2137 4523 2)
2185 4448 2521 4524 Krfltzberg
2563 4444 2691 4509 Ed.
2726 4444 2905 4530 Lips.
2956 4447 3011 4525 ³)
3057 4453 3117 4510 et
3157 4449 3357 4509 multis
3401 4444 3529 4509 Ed.
3553 4444 3735 4531 Lips.
3783 4444 3836 4527 ⁸)
3869 4466 3978 4509 non

895 4564 1072 4623 posse
1128 4542 1280 4711 003.
1327 4542 1505 4608 Kost.
1555 4545 1606 4627 ⁵)
1652 4550 1987 4625 Kriitzberg
2030 4546 2156 4610 Ed.
2207 4547 2386 4632 Lvsps.
2436 4548 2488 4629 ⁶)
2537 4552 2769 4611 facilius
2817 4545 2971 4613 Cod.
3015 4548 3193 4612 Kost.
3245 4548 3296 4629 ⁷)
3339 4552 3587 4629 gerebat
3633 4544 3786 4613 cod.
3809 4546 3977 4613 Kott-

900 4648 952 4728 s)
998 4666 1155 4709 nunc
1254 4646 1355 4710 od.
1386 4646 1564 4711 Kost.
