4342 6384
805 582 956 655 126
1995 602 2223 655 mnan
2274 602 2733 673 6666611166.
3392 578 3529 679 (Α.
3567 579 3659 653 D.
3699 576 3911 678 1411.)

800 787 1191 861 6666116616
1247 786 1617 859 invidiam:
1675 786 2160 879 magnitudine
2216 807 2458 879 opum,
2519 808 2693 879 quas
2732 788 2941 859 Petro
2980 787 3374 878 Kurowsky
3410 807 3735 879 germano
3774 808 3903 859 suo

798 907 1212 1001 reliquerat,
1271 928 1478 999 quam
1533 906 1776 998 aliquo
1830 907 1907 978 in
1962 907 2328 981 ecclesiam
2384 913 2507 980 ant
2560 906 2861 999 patriam
2898 906 3188 999 pietatis
3228 926 3465 1000 opere,
3525 907 3889 1002 insignior.

801 1263 1194 1337 wladislaus
1247 1262 1386 1333 Rex
1438 1262 1682 1334 reiecto
1735 1261 1996 1333 alberto
2049 1261 2569 1352 ratrammo:
2584 1318 2601 1350 ,
2662 1262 2985 1335 meolam
3026 1261 3293 1333 Tramba
3336 1262 3759 1333 Halieionaam
3804 1278 3901 1333 ar·

801 1384 1283 1473 chiopiacopnun
1326 1383 1623 1454 nominat
1665 1382 2127 1469 flaconensem,
2171 1381 2441 1457 Iohanni
2486 1399 2643 1454 11116
2686 1381 3146 1454 Rzoschowski
3178 1382 3260 1453 do
3290 1381 3635 1493 Haliciensi
3664 1382 3907 1454 archio-

1075 1504 1418 1594 piscopatu
1462 1502 1778 1593 1116111111,
1825 1503 2006 1575 onina
2052 1503 2272 1575 aedom
2314 1504 2881 1593 metropolitanam
2926 1502 3247 1593 1661161161
3293 1502 3631 1574 transfert.

1003 1752 1114 1823 Ex
1169 1750 1504 1841 Glinyani
1546 1750 1948 1823 Alexandro
1987 1751 2178 1823 Duce
2215 1750 2463 1843 Magno
2500 1750 2923 1823 Lithuaniae
2960 1750 3036 1821 in
3072 1748 3523 1821 Lithuaniam
3560 1749 3859 1823 remisso
3882 1806 3901 1837 ,

799 1870 1236 1945 wladislaus
1292 1870 1631 1944 Poloniae
1681 1872 1839 1944 Rex
1876 1870 2240 1962 Leopolim
2278 1870 2511 1944 rediit.
2570 1871 2717 1962 Quo
2756 1870 2910 1943 11116
2948 1873 3213 1958 616616,
3270 1869 3669 1960 Capitulum
3708 1869 3891 1943 Gne-

801 1992 1078 2064 snensis
1134 1990 1467 2064 ecclesiae
1507 1991 1563 2081 ι)
1619 1992 1706 2063 611
1759 1992 2170 2064 electionem
2228 1991 2450 2063 futuri
2502 1991 2819 2064 Pastoris
2872 1990 3286 2084 11166611666,
3354 1990 3727 2063 Albertum
3780 1990 3900 2061 Ia·

802 2112 1274 2203 strzambyecz
1307 2109 1367 2201 ²)
1423 2112 1970 2185 Posnaniensem
2023 2112 2429 2204 episcopum
2496 2111 2957 2195 concorditer,
3022 2111 3222 2182 nullo
3287 2109 3755 2201 discrepante,
3824 2108 3907 2180 in

801 2232 1401 2323 archiepiscopum
1455 2230 1932 2306 Gnesnensem
1981 2232 2399 2323 postulavit.
2459 2230 2593 2323 Qui
2630 2232 2718 2303 ad
2754 2230 3225 2304 Wladislanm
3264 2230 3600 2302 Poloniae
3635 2230 3904 2321 Regem

799 2351 1161 2442 Leopolim
1214 2350 1662 2443 perveniens,
1719 2352 2136 2424 conformem
2193 2356 2262 2424 et
2318 2351 2719 2425 canonicam
2772 2350 3321 2442 postulationem
3380 2370 3579 2422 suam
3630 2370 3671 2420 a
3708 2350 3903 2441 Rege

799 2470 1193 2545 Wladislao
1247 2472 1446 2544 velut
1492 2474 1820 2563 patrono,
1878 2470 2159 2544 admitti
2208 2477 2280 2544 61
2314 2471 2697 2564 gratificari
2735 2471 3129 2563 expetebat.
3182 2469 3625 2543 Wladislaus
3662 2472 3903 2542 autem

797 2593 952 2665 Rex
1007 2591 1370 2681 Poloniae,
1425 2614 1673 2683 parum
1727 2591 1918 2664 iusta
1973 2592 2078 2665 ira
2131 2596 2397 2680 motus,
2455 2593 2639 2683 quod
2694 2591 3097 2665 Gnesnense
3150 2590 3587 2683 Capitulum,
3646 2610 3725 2662 eo
3781 2588 3897 2660 in-

793 2712 1145 2800 consulto,
1201 2712 1746 2804 postulationem
1801 2712 2081 2785 Alberti
2124 2712 2681 2803 Iastrzambyecz
2716 2712 3167 2801 celebrasset,
3222 2709 3595 2784 Nicolaum
3650 2709 3889 2782 archi-

797 2832 1200 2925 episcopum
1262 2832 1740 2906 Haliciensem
1806 2838 1878 2905 et
1940 2832 2170 2925 Regni
2232 2832 2567 2905 Poloniae
2630 2831 3286 2905 vicecancellarium
3360 2831 3447 2903 ad
3524 2829 3901 2904 ecclesiam

799 2952 1274 3026 Gnesnensem
1325 2952 1674 3040 nominat,
1731 2952 2014 3026 Alberti
2068 2953 2623 3044 Iastrzambyecz
2687 2952 2899 3024 iustis
2954 2956 3025 3024 et
3078 2950 3419 3043 legitimis
3474 2949 3796 3042 precihus
3830 2947 3900 3038 ³)

797 3072 1209 3163 repudiatis,
1277 3072 1412 3163 Qui
1476 3072 1762 3164 litigare
1828 3072 1965 3146 sibi
2030 3093 2187 3145 cum
2252 3073 2445 3165 Rege
2499 3076 2569 3145 61
2623 3072 2983 3163 Principe,
3050 3070 3383 3145 ecclesiae
3446 3070 3799 3142 Romanae
3832 3070 3902 3159 ⁴)

796 3192 1132 3283 pestifero
1186 3196 1480 3285 urgente
1535 3191 1946 3281 schismate,
2001 3214 2214 3285 81616
2260 3197 2329 3265 61
2366 3192 2655 3266 difficile
2692 3192 3140 3279 existimans,
3198 3189 3532 3281 prosequi
3575 3192 3742 3261 tunc
3778 3209 3899 3261 ca-

797 3312 1118 3385 nonicam
1175 3317 1373 3385 suam
1429 3312 1839 3385 electionem
1896 3312 2168 3400 omisit,
2234 3314 2423 3389 haud
2478 3314 2702 3385 multo
2757 3316 2919 3405 post
2972 3317 3318 3403 tempore,
3375 3310 3451 3381 in
3504 3308 3903 3381 officiosum

798 3431 885 3504 ad
942 3432 1308 3506 ecclesiam
1371 3432 1894 3506 Cracoviensem
1959 3453 2358 3521 ascensum,
2426 3432 2913 3525 indulgentius
2992 3453 3197 3523 quam
3260 3429 3577 3521 pontifici
3640 3449 3901 3502 661116·

797 3552 1066 3641 niebat,
1125 3552 1599 3643 quaesiturae.
1657 3553 1759 3625 Ut
1813 3558 2045 3625 autem
2101 3553 2487 3625 nominatio
2542 3554 2631 3625 ad
2685 3553 3160 3627 Gnesnensem
3216 3550 3584 3623 ecclesiam
3639 3549 3723 3621 de
3758 3548 3899 3621 Ni-

797 3672 990 3743 colao
1045 3672 1342 3744 Tramba
1395 3672 1789 3745 Haliciensi
1844 3672 2398 3764 archiepiscopo,
2464 3676 2707 3745 contra
2762 3673 2866 3744 fas
2922 3676 2993 3744 et
3047 3672 3159 3743 ius
3217 3672 3432 3758 facta,
3490 3668 3903 3743 celeriorem

797 3792 1313 3883 expeditionem
1369 3791 1788 3883 susciperet,
1844 3793 2230 3864 Iohannem
2270 3793 2521 3884 slyedz
2554 3792 2615 3882 5)
2670 3794 3037 3865 Doctorem
3088 3794 3157 3863 et
3193 3790 3504 3882 capellae
3560 3810 3723 3861 suae
3779 3810 3897 3862 re-

793 3910 952 4003 8166
1014 3911 1426 4003 magistrum
1491 3910 1579 3982 ad
1631 3912 2017 3984 Iohannem
2083 3912 2344 4003 Papam
2410 3912 2821 3986 vicesimum
2876 3911 3165 3985 tertium
3194 3910 3257 4000 θ)
3314 3931 3472 3983 cum
3526 3908 3757 3982 literis
3817 3914 3903 3981 et

797 4029 1431 4121 supplicationibus
1471 4031 1894 4104 transmisit:
1955 4031 2076 4122 qui
2112 4032 2341 4104 literis
2380 4034 2450 4105 et
2486 4032 2811 4124 precibus
2847 4032 3063 4126 regiis
3102 4051 3360 4103 morem
3394 4050 3672 4123 gerens„
3728 4048 3899 4101 cum

795 4169 997 4220 nemo
1053 4150 1229 4221 foret
1283 4149 1406 4239 qui
1461 4149 1806 4222 niteretur
1858 4150 1934 4222 111
1987 4152 2389 4239 6111616616,
2447 4152 2709 4225 1161666
2766 4157 2933 4224 1666
2987 4172 3234 4243 68666,
3294 4149 3609 4223 Secundo
3647 4148 3899 4221 Nonas

795 4267 1144 4359 Augusti,
1201 4268 1493 4340 Nicolao
1549 4270 1941 4343 Haliciensi
1995 4272 2517 4363 archiepiscopo
2571 4272 2647 4343 in
2699 4271 3174 4345 Gnesnensem
3238 4269 3604 4344 ecclesiam
3658 4273 3897 4340 trans-

795 4389 976 4475 late,
1032 4388 1332 4459 Iohanni
1385 4389 1875 4462 Rzeschowski
1929 4390 2338 4483 Praeposito
2405 4392 2646 4465 Sancti
2710 4390 3077 4465 Michaelis
3130 4390 3205 4463 in
3260 4394 3489 4463 castro
3543 4394 3616 4461 et
3666 4388 3895 4459 Cano-

791 4508 950 4581 nico
1005 4507 1476 4596 cracoviensi,
1533 4509 1756 4582 nobili
1773 4508 1884 4606 }de
1921 4511 2121 4583 domo
2160 4511 2555 4583 Polukosza
2587 4511 2673 4600 ⁷),
2732 4515 3031 4603 utroque
3083 4508 3416 4583 beneficio
3472 4507 3607 4581 sibi
3661 4527 3899 4579 16661-

791 4632 990 4717 1616,
1049 4628 1253 4700 iuxta
1305 4628 1574 4719 regium
1627 4628 2141 4720 beneplacitum
2200 4634 2410 4721 atque
2465 4651 2736 4721 precem
2792 4631 2877 4704 de
2930 4629 3325 4703 Haliciensi
3380 4627 3675 4701 ecclesia
3724 4647 3895 4717 pro-

791 4746 997 4821 vidit.
1054 4748 1398 4821 Processu
1452 4768 1726 4840 quoque
1763 4749 2099 4841 temporis
2136 4749 2722 4841 metropoliticam
2758 4750 3208 4843 dignitatem,
3267 4748 3657 4821 Wladislao
3692 4746 3903 4839 Rege

791 4868 1132 4957 instante,
1189 4889 1279 4941 ex
1334 4869 1582 4943 Halicz
1635 4869 2000 4960 Leopolim
2057 4869 2457 4959 transtulit,
2516 4875 2587 4943 et
2641 4871 3003 4944 civitatem
3059 4869 3587 4963 Leopoliensem
3624 4869 3897 4941 honoro

790 4988 1176 5082 geminato,
1231 4988 1625 5081 pontificali
1677 4989 2008 5064 videlicet
2061 4994 2131 5063 et
2185 4991 2729 5082 metropolitico,
2788 4989 3185 5084 insignivit.

1009 5277 1056 5357 ¹)
1104 5270 1438 5355 Capitulum
1483 5280 1832 5343 Gnesnense
1874 5277 2000 5343 Ed.
2051 5278 2231 5363 Lips.
2296 5278 2348 5359 ²)
2404 5281 2793 5341 Iastrzebiecz
2858 5274 3009 5342 Cod.
3070 5276 3245 5341 Kost.
3304 5280 3663 5357 Iastrabiecz
3728 5272 3903 5342 cod.

794 5378 988 5442 Rozr.
1037 5377 1093 5462 ³)
1136 5384 1463 5445 rationibus
1511 5379 1662 5446 cod.
1709 5380 1902 5445 Rozr.
1949 5382 2002 5463 ἰ)
2047 5386 2110 5444 16
2154 5384 2408 5445 ecclesia
2449 5384 2715 5445 Romana
2763 5378 2916 5445 Cod.
2950 5380 3142 5444 Rozr.
3190 5380 3242 5461 ³)
3272 5382 3481 5458 Slyecz
3516 5375 3669 5442 Cod.
3706 5374 3902 5444 Galo.

799 5480 856 5563 6)
902 5483 978 5543 611
1021 5484 1301 5545 Ioannem
1340 5486 1564 5563 Papam
1605 5487 1820 5547 XXIV.
1869 5481 2021 5550 Cod.
2068 5484 2261 5549 Rozr.
2313 5484 2363 5567 ⁷)
2408 5487 2692 5548 Pulkozie
2740 5479 2891 5549 Cod.
2922 5482 3099 5548 Kost.
3142 5484 3441 5545 Pulkosza
3481 5480 3610 5545 Ed.
3656 5480 3848 5567 Lips.
