4342 6384
888 549 1039 624 640
2064 491 2292 627 Lrnnn
2345 573 2857 627 Duonncnms.
3429 550 3565 650 (Α.
3607 543 3710 624 D.
3753 549 4032 649 ¹440.)

886 758 1149 850 Regem
1216 757 1580 850 eligimus,
1647 763 1719 832 et
1780 763 1862 831 ut
1925 759 2330 833 huiusmodi
2394 766 2790 854 acceptares
2855 759 3297 848 electionem,
3362 758 3660 831 nuntios
3719 763 4022 830 nostros

886 883 1251 970 rogaturos
1308 878 1773 953 Serenitatem
1827 884 2057 969 tuam,
2113 880 2272 972 ipsa
2326 881 2538 954 etiam
2595 880 2964 953 Elisabeth
3016 880 3289 972 Regina
3342 878 3416 950 in
3463 879 3912 953 electionem
3951 894 4018 951 et

882 998 1290 1071 missionem
1354 999 1543 1071 ultro
1606 1000 2119 1090 consentiente,
2190 1002 2544 1089 misimus3
2609 999 3013 1072 huiusmodi
3067 1021 3342 1092 quoque
3395 999 3876 1087 electionem,
3935 1021 4018 1071 ne.

883 1139 1009 1209 per
1064 1119 1462 1211 quempiam
1517 1125 1883 1194 revocetur
1937 1121 2013 1192 in
2066 1121 2390 1210 dubium,
2450 1122 2638 1194 clara
2693 1142 2861 1194 voce
2898 1119 3010 1193 die
3046 1119 3380 1194 hodierna
3445 1119 3729 1212 singuli
3799 1123 4016 1210 profi·

884 1243 1117 1310 temur
1182 1245 1253 1312 et
1317 1239 1731 1312 innovamus
1771 1241 1851 1329 ¹).
1910 1240 2439 1314 coronationem
2496 1263 2656 1314 vero
2707 1262 2884 1334 quae
2946 1242 3032 1313 de
3097 1240 3244 1312 filio
3311 1240 3592 1314 Alberti
3663 1239 4018 1312 Ladislao

886 1361 1069 1432 facta
1124 1365 1264 1448 est,
1322 1379 1731 1432 execramur
1784 1365 1855 1433 et
1908 1361 2347 1434 decernimus
2403 1362 2695 1434 nullam.
2757 1361 3184 1434 Universum
3223 1361 3546 1453 Regnum
3586 1360 4019 1452 Hungariae

885 1501 1137 1572 magna
1191 1478 1627 1553 iucunditate
1682 1481 1767 1554 de
1822 1484 1891 1554 te
1946 1483 2251 1554 exultat:
2314 1488 2392 1554 tu
2447 1505 2521 1556 es
2577 1483 2763 1556 enim
2819 1503 3070 1574 magna
3124 1501 3316 1572 spes,
3382 1503 3505 1572 per
3576 1499 3803 1572 quem
3867 1503 4012 1552 res-

884 1599 1116 1690 pirare
1146 1599 1208 1689 2)
1262 1600 1609 1673 credimus
1666 1623 1706 1672 a
1743 1602 2126 1675 Turcorum
2180 1603 2486 1690 insultu3
2543 1608 2614 1676 te
2670 1623 2908 1675 omnes
2955 1601 3180 1673 nostri
3217 1601 3639 1694 Iobagiones
3674 1599 3746 1691 ³)
3807 1623 4020 1673 suum

887 1722 1195 1793 clamant
1265 1720 1732 1794 liberatorem.
1810 1701 1999 1796 Tuae
2072 1722 2312 1815 itaque
2385 1723 2740 1796 Maiestati
2815 1723 2999 1794 colla
3054 1725 3294 1792 nostra
3351 1721 3824 1808 311111101111113,
3889 1721 4020 1792 tibi

893 1861 1167 1912 omnem
1224 1841 1461 1929 fidem,
1522 1841 1991 1914 obedientiam
2046 1849 2117 1916 et
2162 1842 2664 1916 subiectionem
2718 1842 3166 1934 pollicemur,
3224 1841 3351 1914 nec
3404 1842 3836 1915 dubitamus
3875 1861 4018 1912 om-

887 1961 1096 2034 nibus
1154 1966 1226 2032 et
1276 1961 1633 2053 signanter
1686 1962 2055 2035 Elisabeth
2108 1963 2420 2055 Reginae
2477 1968 2546 2036 et
2603 1964 2747 2035 filio
2797 1984 2956 2050 sue,
3015 1962 3137 2055 qui
3173 1966 3367 2034 tuam
3408 1961 3907 2035 Serenitatem
3945 1961 4016 2032 in

754 2159 759 2166 ,
887 2081 1327 2154 assecutione
1380 2081 1612 2174 Regni
1665 2082 2075 2175 Hungariae
2129 2083 2466 2174 impedire
2521 2089 2754 2156 conati
2810 2083 3100 2172 fuerint,
3159 2083 3464 2155 debitam
3510 2081 4020 2154 resistentiam

888 2220 1265 2293 opponere,
1325 2205 1395 2272 et
1448 2200 1683 2292 capita
1735 2205 1978 2274 nostra
2030 2222 2154 2293 pro
2211 2207 2282 2275 te
2335 2202 2626 2276 cuilibet
2679 2203 3025 2294 periculo,
3085 2203 3292 2274 morti
3331 2223 3614 2295 quoque
3653 2222 4020 2294 exponere

889 2324 959 2394 et
1012 2321 1345 2393 iacturae.
1403 2321 1551 2392 Tua
1604 2321 1964 2394 Serenitas
2021 2322 2199 2396 velit
2235 2324 2716 2395 tantummodo
2762 2323 3015 2396 bonam
3055 2327 3355 2396 mentem
3393 2323 3729 2411 induere,
3775 2327 3854 2396 et
3891 2343 4016 2394 nos

890 2441 1029 2514 sibi
1082 2441 1325 2514 fideles
1378 2444 1724 2532 reputare.
1782 2442 2004 2514 Nemo
2042 2463 2128 2516 ex
2167 2443 2370 2516 nobis
2409 2447 2548 2533 est,
2607 2444 2730 2536 qui
2785 2447 2982 2516 tuam
3030 2443 3543 2516 Excellentiam
3589 2441 3846 2534 pluris
3882 2463 4014 2513 non

888 2562 1132 2650 faciat,
1192 2582 1400 2654 quam
1458 2561 1826 2635 Elisabeth
1881 2562 2228 2655 Reginam
2282 2568 2354 2636 et
2405 2566 2673 2656 prolem
2729 2585 2927 2636 suam
2983 2562 3226 2636 taliter
3273 2568 3718 2635 coronatam:
3785 2563 3914 2635 sed
3951 2566 4014 2633 et

888 2683 1077 2754 hunc
1130 2680 1601 2754 coronationis
1657 2703 1957 2756 errorem
2004 2683 2346 2776 corrigere
2384 2684 2847 2758 studebimus,
2903 2683 3171 2756 Nullus
3209 2687 3440 2756 autem
3477 2682 3752 2754 mentis
3793 2683 4012 2755 bonae

890 2822 1173 2894 compos
1238 2821 1646 2875 succensere
1710 2803 1912 2876 nobis
1975 2803 2267 2895 poterit,
2327 2805 2390 2878 si
2443 2806 2756 2896 praefato
2823 2803 3104 2877 Alberti
3165 2803 3332 2876 olim
3361 2803 3425 2891 ⁴)
3482 2803 3714 2894 Regis
3787 2801 4013 2873 nostri

892 2922 1040 2995 filio
1097 2923 1467 3013 posthumo
1532 2922 1942 3012 praeterito,
2010 2927 2080 2996 et
2136 2924 2339 3015 quasi
2403 2925 2489 2999 ab
2554 2924 2985 2998 haereditate
3047 2927 3339 3015 paterna
3410 2923 3747 3011 excluso,
3823 2929 4011 2994 tuam

898 3042 1359 3114 Serenitatem
1404 3063 1531 3133 pro
1579 3043 1873 3115 Domino
1930 3048 1999 3116 et
2054 3044 2249 3137 Rege
2294 3051 2533 3116 nostro
2606 3044 3149 3136 assumpsimus:
3212 3031 3766 3135 providebamus
3833 3041 4010 3115 enim

784 3189 797 3197 ·
895 3183 1020 3254 per
1073 3164 1205 3234 hoc
1258 3168 1409 3233 tum
1463 3154 1703 3234 n'ostro
1758 3168 1827 3236 et
1882 3163 2093 3236 huius
2148 3165 2380 3257 Regni
2433 3165 2656 3236 nostri
2712 3164 3021 3255 privato,
3089 3168 3240 3235 tum
3295 3163 3518 3235 totius
3575 3162 4004 3234 Christiani·

893 3281 1068 3355 tatis
1139 3283 1423 3374 publico
1496 3284 1874 3356 commodo.
1952 3283 2219 3356 Nullus
2285 3284 2467 3358 enim
2531 3285 2852 3358 dubitare
2907 3285 3200 3375 poterit,
3274 3284 3518 3375 Regno
3574 3284 3752 3369 hoc,
3832 3283 4011 3374 quod

896 3402 1457 3476 Christianitatis
1514 3407 1792 3476 scutum
1848 3411 1987 3493 est,
2046 3409 2169 3476 aut
2224 3409 2559 3495 occupato
2612 3427 2736 3496 per
2791 3406 3084 3492 TurcoS,
3149 3409 3274 3476 aut
3327 3405 3723 3490 confracte,
3783 3409 4008 3474 caete-

903 3545 1019 3596 ras
1074 3523 1405 3597 catholici
1460 3522 1666 3596 Orbis
1719 3523 2037 3615 regiones
2078 3525 2362 3598 eandem
2403 3528 2657 3598 sortem
2695 3525 2941 3598 debere
2978 3523 3308 3616 experiri.
3363 3525 3690 3596 Delirum
3733 3543 4008 3614 quoque

896 3649 1048 3717 erat
1098 3644 1407 3738 periculo
1463 3643 1691 3736 Regni
1746 3648 2048 3732 attento,
2108 3643 2313 3715 illum
2367 3666 2492 3736 pro
2547 3646 2739 3737 Rege
2793 3651 3060 3730 tenere,
3111 3664 3324 3735 quem
3381 3643 3858 3715 continebant
3895 3663 4005 3714 cu-

896 3786 1059 3852 nae,
1116 3769 1185 3837 et
1239 3765 1459 3836 totius
1515 3764 1742 3856 Regni
1782 3765 1910 3836 sub
1950 3770 2094 3836 tam
2133 3763 2370 3856 fragili
2405 3767 2672 3838 rectore
2706 3765 3194 3856 pertimescere
3229 3763 3538 3851 ruinam,
3581 3783 3772 3854 quae
3811 3763 4008 3854 prius

898 3906 986 3985 ne
1050 3884 1351 3972 accidat,
1420 3904 1628 3974 quam
1694 3884 1845 3975 ipse
1911 3883 2152 3956 viriles
2218 3905 2435 3956 annos
2501 3885 2837 3976 attingat,
2905 3885 3249 3956 incertum
3311 3884 3690 3970 habemus,
3765 3883 3892 3954 sed
3946 3892 4006 3954 et

904 4005 1147 4095 Regno
1200 4007 1439 4075 nostro
1494 4002 1936 4095 gravissimis
1991 4003 2559 4095 impendentibus
2603 4005 2814 4078 bellis
2845 4005 2907 4095 ⁵)
2963 4025 3193 4077 serum
3249 4003 3324 4076 in
3370 4002 3872 4095 expectatione
3909 4003 4004 4075 111-

904 4123 1121 4195 fantis
1176 4122 1597 4195 arbitramur
1649 4123 2020 4196 auxilium.
2098 4125 2198 4196 Ut
2253 4131 2486 4197 autem
2549 4130 2716 4198 tuae
2772 4124 3153 4198 Serenitati
3207 4128 3449 4196 nostra
3503 4124 3676 4196 fides
3739 4128 3815 4196 et
3853 4123 4004 4195 obe-

900 4241 1169 4314 dientia
1232 4241 1487 4313 clarior
1550 4242 1648 4314 sit
1709 4247 1918 4334 atque
1983 4243 2244 4332 notior,
2313 4266 2550 4316 omnes
2607 4250 2676 4316 et
2731 4244 3030 4337 singuli,
3097 4265 3139 4316 a
3193 4244 3440 4335 primis
3505 4243 3920 4333 incipiendo
3949 4244 4006 4329 ὅ)

899 4382 1121 4452 usque
1176 4362 1262 4433 ad
1314 4367 1734 4452 postremos,
1802 4363 2169 4435 fidelitatis
2233 4363 2398 4452 tibi,
2468 4364 2926 4437 subiectionis
2990 4369 3060 4437 et
3105 4363 3540 4439 obedientiae
3601 4362 3998 4453 praestabi-

900 4485 1055 4553 mu's
1112 4488 1644 4555 sacramentum.
1702 4485 1854 4554 Hac
1907 4483 2361 4573 responsione
2415 4490 2728 4575 accepta,
2787 4484 3226 4557 Wladislaus
3281 4483 3437 4556 Rex
3489 4481 3659 4555 fidei
3713 4481 4000 4554 illorum

901 4601 1381 4693 integritatem
1444 4603 1909 4690 commendat,
1979 4607 2379 4676 constantes
2444 4609 2526 4674 ut
2591 4603 2769 4692 sint,
2835 4608 3068 4696 rogat,
3139 4625 3214 4676 se
3277 4593 3401 4695 pro
3467 4601 3885 4702 defensione
3936 4607 4002 4674 et

902 4720 1279 4793 commodis
1336 4719 1566 4812 Regni
1620 4721 2024 4814 Hungariae
2079 4723 2355 4793 nullum
2409 4723 2719 4796 laborem
2759 4727 3268 4796 recusaturum.
3329 4721 3634 4795 Offertur
3669 4723 3998 4812 posthaec

903 4840 1176 4932 lignum
1233 4840 1529 4921 Sanctae
1584 4841 1825 4913 Crucis
1880 4841 1955 4912 in
2008 4841 2346 4928 medium,
2405 4846 2474 4913 et
2509 4842 2814 4933 primum
2853 4843 3236 4934 Dionysius
3273 4841 3665 4914 Cardinalis
3704 4849 3777 4914 et
3823 4841 3996 4932 epis-

906 4981 1119 5051 copus
1176 4959 1681 5053 Strigoniensis
1736 4981 1893 5032 cum
1949 4960 2274 5034 omnibus
2317 4961 2801 5051 pontificibus,
2861 4961 3111 5037 deinde
3146 4960 3574 5036 Laurentius
3611 4961 3699 5032 de
3735 4961 3994 5034 Hedre-

1119 5249 1165 5328 ¹)
1210 5251 1571 5313 invocamus.
1618 5249 1750 5316 Ed.
1800 5249 1977 5335 Lips.
2026 5252 2081 5331 α)
2126 5253 2276 5331 Spes
2320 5261 2551 5336 nostra,
2596 5275 2703 5333 per
2747 5275 2924 5333 quam
2969 5255 3264 5334 respirare
3309 5275 3419 5318 nos
3449 5273 3628 5334 posse
3657 5244 3788 5317 Ed.
3827 5253 3994 5338 Lv‘ps.

906 5349 959 5430 ³)
1005 5353 1279 5413 Ioabines
1336 5351 1487 5415 Ood.
1538 5353 1671 5416 Lis.
1718 5356 2099 5431 Ischagiones
2143 5353 2271 5418 Ed.
2320 5353 2500 5439 Lips.
2551 5357 2603 5436 ⁴)
2649 5361 2917 5435 praefato
2960 5360 3208 5421 Alberto
3251 5361 3393 5420 Divi
3439 5353 3568 5423 Ed.
3603 5357 3784 5442 Laejps.
3823 5358 3878 5437 ⁵)
3905 5379 3992 5435 pe·

908 5454 1109 5512 riculis
1164 5452 1315 5517 eod.
1364 5453 1541 5517 Kost.
1590 5455 1643 5536 ⁶)
1690 5459 2040 5534 incipientes
2086 5455 2212 5521 Ed.
2268 5457 2440 5541 Lips.
