4342 6384
358 597 489 697 (Α.
531 595 621 669 D.
664 593 894 694 1410.)
1552 619 1779 670 LIBER
1832 618 2294 670 minuemus.
3367 599 3456 669 17

360 805 636 877 futurae
689 805 915 896 paoiS‚
971 807 1344 896 postquam
1414 802 1552 874 iam
1620 807 1922 876 mentem
1988 801 2312 895 Magistri
2373 803 2708 896 Prussiae
2771 809 2840 875 et
2903 824 3184 876 suorum
3249 826 3460 898 agno-

362 925 654 997 vissent.
713 924 1151 996 Wladislaus
1206 931 1440 1000 autem
1479 927 1633 998 Rex
1688 926 2151 1013 deliberatuS‚
2211 925 2460 998 nuntio
2513 925 2906 1017 respondit:
2947 925 3268 998 Dominis
3317 927 3461 997 tuis

361 1045 443 1116 ad
497 1066 625 1116 nos
680 1044 922 1117 venire
975 1045 1412 1134 volentibuS‚
1489 1045 1857 1117 sabbatum
1914 1050 1983 1118 et
2037 1045 2483 1117 Dominieum
2549 1045 2866 1136 proxime
2923 1050 3256 1118 venturos
3314 1046 3464 1118 dies

360 1165 837 1256 assignamus3
910 1166 1143 1237 loeum
1198 1169 1433 1238 autem
1488 1170 1755 1238 eertum
1812 1165 2171 1257 assignare
2226 1186 2362 1236 non
2417 1187 2825 1256 possumuS,
2894 1187 2972 1238 eo
3029 1167 3211 1257 quod
3267 1188 3459 1239 exer-

363 1286 545 1358 eitus
601 1307 946 1376 nusquam
1004 1285 1078 1356 in
1134 1286 1346 1358 certis
1402 1285 1577 1358 loeis
1635 1285 1995 1374 subsistit,
2054 1306 2182 1357 nee
2218 1291 2452 1377 potest
2508 1286 2885 1359 transitum
2945 1308 3146 1358 suum
3203 1287 3459 1379 aliqui-

358 1407 493 1478 bus
548 1407 910 1480 distinetis
966 1406 1430 1479 determinare
1486 1406 1683 1480 loeis.
1742 1406 1925 1477 Dum
1980 1409 2212 1477 autem
2267 1405 2658 1477 Dobeslaus
2713 1407 3114 1496 praedictus
3170 1407 3245 1478 in
3282 1407 3460 1478 Tho-

360 1548 493 1597 run
565 1527 653 1597 ad
723 1527 1015 1600 barones
1089 1527 1495 1618 Hungariae
1566 1526 1895 1599 rediisset
1976 1529 2045 1597 et
2120 1547 2528 1616 responsum
2606 1525 2877 1616 regium
2956 1527 3459 1615 renuntiasset,

360 1647 693 1718 Prussiae
748 1645 1086 1737 Magister
1140 1647 1427 1719 Ulrieus
1484 1669 1638 1720 eum
1679 1667 1929 1738 magna
1984 1645 2215 1735 eoepit
2270 1645 2355 1716 ab
2393 1645 2628 1716 eodem
2669 1645 3012 1718 Dobeslao
3069 1647 3460 1740 diligentia,

364 1788 452 1838 an
517 1787 605 1839 ex
662 1765 913 1839 eastris
976 1765 1312 1839 Poloniae
1374 1767 1591 1860 Regis
1658 1766 1997 1851 venisset,
2074 1769 2145 1836 et
2208 1764 2278 1836 in
2346 1785 2481 1855 quo
2546 1765 2698 1836 loeo
2772 1765 2978 1837 illum
3051 1767 3459 1855 dimisisset,

362 1887 741 1978 requirere.
816 1885 963 1976 Quo
1019 1887 1480 1978 respondente
1520 1887 1607 1974 ¹):
1684 1885 1943 1971 Mansi,
2010 1882 2277 1974 inquit,
2346 1883 2418 1955 in
2485 1884 2736 1956 eastris
2799 1886 3014 1978 regiis
3084 1887 3327 1976 biduo,
3396 1894 3465 1961 et

366 2029 521 2079 eum
578 2008 654 2079 in
710 2005 1029 2094 stativis,
1088 2006 1371 2078 flumine
1426 2005 1659 2078 Wisla
1714 2007 2072 2095 superat-o,
2130 2004 2218 2075 ad
2256 2003 2752 2076 monasterium
2810 2005 3306 2096 Ozyrwyensko
3355 2029 3459 2079 re-

365 2128 567 2219 liqui.
646 2127 1033 2218 Quaerente
1096 2125 1346 2198 deiude
1410 2125 1783 2216 Magistro:
1850 2145 1938 2195 an
2005 2124 2165 2196 Dux
2233 2123 2656 2197 Lithuaniae
2711 2123 3154 2198 Withawdus
3228 2147 3462 2199 seeum

366 2247 855 2320 convenisset?
908 2246 1328 2318 Dobeslaus:
1370 2246 1503 2332 Ea,
1544 2243 1809 2335 inquit,
1850 2243 1994 2331 die,
2054 2264 2192 2335 qua
2230 2263 2356 2336 ego
2411 2244 2485 2314 in
2523 2249 2751 2316 eastra
2802 2246 2996 2338 regia
3049 2247 3242 2335 veni,
3301 2248 3460 2318 Dux

364 2368 662 2460 Magnus
716 2364 1141 2439 Lithuaniae
1193 2363 1597 2436 Alexander
1662 2364 1735 2435 in
1788 2363 2093 2454 potenti,
2164 2363 2528 2454 splendido
2595 2369 2664 2436 et
2717 2386 3083 2438 numeroso
3150 2367 3464 2440 exercitu

368 2487 657 2560 advenit
712 2492 781 2558 et
826 2483 1179 2577 potentias
1236 2505 1397 2554 suas
1454 2504 1611 2555 eum
1649 2483 1863 2575 regiis
1919 2483 2269 2555 adiunxit.
2329 2483 2503 2554 Tum
2543 2483 2905 2575 Magister:
2957 2485 3044 2556 In
3081 2485 3466 2560 Withawdi

366 2608 681 2679 exercitu
738 2605 957 2677 maior
1008 2606 1247 2694 posset
1298 2603 1589 2694 reperiri
1646 2623 1976 2675 numerus
2032 2601 2578 2675 eoehleariorum
2635 2624 2841 2694 quam
2896 2627 3269 2679 armorum.
3328 2608 3463 2678 Do-

360 2727 679 2800 beslaus:
755 2723 1037 2810 CredaS‚
1096 2721 1314 2794 velim
1369 2721 1574 2811 mihi,
1641 2722 1975 2815 Magister
2005 2721 2091 2813 ²),
2160 2723 2546 2796 exereitum
2609 2723 2993 2797 Withawdi
3048 2726 3264 2799 Ducis
3329 2749 3466 2798 non

364 2847 595 2917 solum
652 2865 978 2936 magnum
1036 2847 1107 2914 et
1159 2847 1553 2934 potentem,
1612 2843 1734 2914 sed
1790 2848 1862 2916 et
1914 2843 2202 2934 optimis
2258 2843 2470 2916 armis
2526 2842 2862 2916 vestitum
2922 2847 3063 2919 fore
3094 2844 3180 2937 ³).
3248 2847 3466 2940 Magi-

364 2971 541 3037 ster:
618 2964 873 3037 Melius
939 2963 1141 3035 illum
1206 2984 1367 3051 noS,
1444 2985 1650 3054 quam
1717 2966 1831 3052 tu,
1897 2963 2255 3052 novimUS,
2331 2969 2400 3036 et
2465 2969 2770 3058 quantus
2843 2970 2964 3037 aut
3029 2967 3260 3058 qualis
3337 2967 3466 3053 sit,

364 3085 765 3176 quibusque
820 3083 1025 3171 viris,
1083 3083 1295 3156 armis
1350 3090 1421 3156 et
1476 3083 1676 3176 equis
1730 3084 2026 3176 polleat,
2086 3083 2435 3175 frequenti
2487 3107 2622 3156 usu
2678 3086 2950 3176 experti
3007 3108 3271 3159 sumus.
3331 3087 3469 3160 Sed

358 3226 603 3292 narra,
665 3225 955 3296 quaeso,
1022 3203 1223 3276 nobis
1288 3203 1371 3276 de
1426 3207 1669 3294 ponte,
1740 3225 1944 3295 quem
2008 3205 2349 3277 asseritur
2413 3203 2746 3276 Poloniae
2803 3207 2957 3278 Rex
3023 3207 3098 3278 in
3153 3228 3309 3280 aere
3365 3208 3466 3278 fa-

360 3325 727 3397 bricasse?
782 3324 1205 3396 Dobeslaus:
1264 3323 1462 3412 Vidi,
1520 3323 1787 3414 inquit,
1844 3329 2124 3415 pontem
2184 3344 2270 3396 ex
2310 3323 2610 3395 navibus
2669 3325 2917 3397 subtili
2975 3347 3178 3417 opere
3234 3327 3463 3399 elabo-

358 3449 629 3532 ratum,
710 3465 846 3516 non
912 3443 985 3515 in
1048 3465 1205 3516 aere
1270 3443 1580 3534 quidem,
1657 3466 1814 3516 eum
1887 3445 2021 3517 ille
2078 3444 2251 3516 solis
2325 3444 2740 3516 volatilibus
2815 3446 3136 3532 cesserit,
3213 3447 3332 3517 sed
3398 3446 3470 3517 iu

362 3563 654 3637 flumine
709 3564 939 3637 Wisla
1004 3564 1345 3655 positum,
1413 3586 1549 3656 quo
1614 3564 1987 3637 universus
2055 3563 2406 3637 exereitus
2471 3564 2708 3656 regius
2775 3586 2897 3657 per
2962 3566 3294 3652 Wislam,
3363 3587 3471 3636 me

360 3686 841 3776 inspectante,
902 3683 1087 3758 sieeo
1144 3685 1444 3777 vestigio
1502 3690 1975 3773 transvectuS,
2032 3685 2332 3777 grandes
2390 3706 2664 3776 quoque
2720 3685 3171 3773 bombardae,
3227 3705 3468 3778 grave-

363 3805 605 3878 dinem
658 3825 787 3878 neo
841 3809 1126 3877 notatus
1184 3810 1292 3877 est
1348 3804 1675 3878 sensisse.
1750 3805 2089 3897 Magister
2142 3826 2305 3878 vero
2361 3805 2692 3877 Prussiae
2749 3805 3068 3893 UlrieuS,
3135 3805 3473 3877 caehinno

362 3926 592 4013 edito,
648 3925 1061 3998 relationem
1126 3924 1455 3998 Dobeslai
1518 3925 1823 3998 ludibrio
1890 3927 2266 4016 deputanS,
2335 3927 2420 3997 ad
2484 3926 2776 3998 barones
2843 3925 3248 4018 Hungariae
3312 3946 3470 3997 eon-

364 4050 655 4118 vertens
712 4064 1130 4117 sermonem:
1186 4043 1437 4133 Levia,
1479 4044 1744 4136 inquit,
1804 4043 1989 4116 sunt'
2024 4047 2197 4118 haee
2252 4048 2320 4117 et
2360 4065 2629 4117 omnem
2687 4045 2986 4137 speeiem
3044 4045 3475 4117 continentia

362 4165 749 4253 mendacii,
807 4185 985 4256 quae
1037 4165 1242 4236 homo
1306 4163 1443 4237 iste
1506 4186 1721 4236 ausus
1787 4171 1897 4236 est
1949 4166 2228 4238 referre.
2306 4165 2662 4238 Venerunt
2717 4165 2900 4237 enim
2958 4165 3290 4238 fidissimi
3349 4185 3472 4236 ex·

363 4287 758 4377 ploratores
824 4283 1049 4356 nostri
1115 4283 1625 4377 significantes,
1702 4286 1884 4376 quod
1950 4287 2105 4358 Rex
2174 4285 2506 4358 Poloniae
2569 4285 2754 4359 cirea
2807 4285 3110 4358 Wislam
3177 4285 3475 4356 fluvium

364 4411 697 4478 versatur
750 4410 821 4478 et
876 4404 1271 4496 obequitat,
1340 4409 1409 4478 et
1462 4411 1754 4477 conatur
1816 4406 2021 4477 illum
2088 4405 2398 4497 quidem,
2469 4406 2590 4478 sed
2654 4427 2792 4477 non
2848 4407 3040 4477 valet
3105 4425 3473 4496 superare;

362 4527 649 4618 iamque
715 4526 955 4617 plures
1023 4525 1167 4613 sui,
1243 4525 1421 4597 vada
1485 4530 1872 4614 tentantes,
1954 4525 2163 4598 undis
2231 4526 2441 4599 mersi
2519 4531 2718 4597 sunt:
2796 4525 3240 4598 Withawdus
3313 4545 3476 4595 vero

360 4646 561 4718 cirea
614 4646 869 4718 flumen
925 4645 1173 4718 Narew
1228 4645 1659 4734 immoratur,
1718 4649 1787 4718 et
1842 4646 2239 4738 transgredi
2293 4628 2508 4718 illum'
2553 4667 2691 4716 non
2739 4645 2970 4718 audet.
3030 4644 3178 4735 Quo
3233 4643 3475 4716 audito

362 4766 766 4839 Dobeslaus
824 4766 1358 4857 Skoraezowsky
1392 4766 1455 4853 ⁴)
1522 4786 1870 4838 sermones
1936 4766 2262 4858 Magistri
2324 4766 2683 4852 refellenS,
2742 4765 3003 4837 aiebat:
3081 4765 3471 4854 Postquam

358 4886 745 4977 ambiguae
801 4907 909 4957 me
963 4885 1126 4958 fidei
1162 4885 1533 4958 relatorem
1588 4885 1885 4973 astruiS,
1944 4885 2066 4976 qui
2106 4885 2368 4972 omnia,
2429 4885 2513 4956 de
2552 4883 2806 4975 quibus
2862 4905 2904 4956 a
2940 4905 3049 4956 me
3106 4883 3472 4974 quaesisti,

358 5007 643 5079 sineere
702 5005 835 5078 tibi
892 5005 1274 5097 explicavi,
1334 5027 1837 5097 quemeumque
1890 5005 2274 5078 fideliorem
2330 5007 2514 5077 inter
2568 5010 2726 5076 tuos
2771 5003 3020 5092 habeS,
3079 5003 3281 5075 mitte
3336 5022 3474 5073 me-

354 5149 568 5214 cum,
636 5130 706 5198 et
768 5126 953 5199 infra
1014 5125 1325 5197 triduum
1394 5126 1708 5217 singula,
1787 5146 1964 5215 quae
2024 5125 2278 5214 retuli,
2345 5146 2512 5198 vera
2576 5145 2729 5198 esse
2802 5123 3227 5196 monstrabO.
3304 5124 3479 5193 Tum

597 5401 641 5480 ¹)
688 5401 1019 5478 Respondit
1080 5394 1231 5461 Cod.
1296 5397 1471 5460 Kost.
1550 5397 1605 5478 ²)
1647 5399 1961 5478 Magister,
2024 5401 2247 5477 inquit,
2312 5394 2463 5460 00⁶1.
2524 5395 2714 5459 Roma
2787 5395 2842 5476 ³)
2889 5417 3021 5458 esse
3084 5393 3235 5460 Cod.
3289 5394 3483 5469 Rozr,

350 5504 421 5586 ⁴)
485 5505 795 5564 Boleslaus
840 5502 1285 5565 Skoraezewski
1335 5497 1486 5566 Cod.
1531 5498 1721 5561 Romu

418 5657 476 5694 J.
506 5655 695 5702 magos.
725 5655 846 5694 mat.
875 5654 1036 5694 Polou.
1062 5652 1115 5695 τ.
1142 5653 1222 5692 lv.
1357 5711 1363 5716 -
3137 5633 3172 5685 3
