4342 6384
850 634 895 706 6
2032 655 2261 708 LIBER
2295 639 2772 712 ‘imm-mima.
3413 631 3548 735 (Α.
3585 631 3677 708 D.
3717 630 3948 734 1410.)

845 837 1137 931 Leopoli
1208 838 1605 928 discedens,
1671 859 1796 932 per
1858 839 2135 914 Grodek
2205 843 2276 912 et
2331 839 2678 913 Medikam
2741 838 2816 912 in
2879 839 3244 912 Lanczuth
3317 838 3610 914 divertit
3649 841 3754 930 ¹):
3824 841 3947 915 ubi

845 958 1020 1032 feria
1072 959 1287 1032 tertia
1346 963 1508 1052 post
1561 959 1994 1033 Conductum
2056 959 2401 1048 Paschae,
2467 959 2872 1033 Alexander
2935 961 3097 1032 Dux
3163 960 3462 1052 Magnus
3523 960 3946 1036 Lithuaniae

847 1079 935 1152 ad
988 1079 1195 1152 illum
1248 1078 1593 1172 pervenit.
1652 1079 1937 1152 Habens
1994 1078 2232 1171 itaque
2286 1079 2723 1152 wladislaus
2778 1079 3114 1153 Poloniae
3177 1080 3334 1154 Rex
3399 1081 3684 1154 fratrem
3740 1102 3946 1154 suum

849 1201 1111 1272 Ducem
1166 1199 1495 1292 Magnum
1525 1197 1591 1289 ²)
1645 1199 2122 1272 Withawdum
2177 1198 2252 1270 in
2308 1199 2678 1288 comitatu,
2736 1220 2860 1292 per
2912 1199 3266 1289 Rzeszow,
3323 1199 3740 1292 Ropczicze,
3795 1200 3943 1273 Pil-

848 1340 1049 1408 szno,
1106 1317 1333 1411 Byecz
1396 1322 1468 1392 et
1522 1319 1812 1394 Grebow
1866 1318 2242 1392 transitum
2297 1319 2594 1408 16616116,
2667 1340 2793 1412 pro
2865 1319 3230 1393 Dominica
3299 1319 3818 1394 Misericordiae
3869 1320 3947 1392 in

844 1438 1121 1512 Novam
1175 1438 1513 1526 Sandecz,
1568 1438 1693 1512 ubi
1746 1439 1885 1511 iam
1923 1440 2248 1531 frequens
2277 1437 2341 1528 3)
2396 1459 2727 1513 numerus
2782 1439 3266 1513 Praelatorum
3305 1443 3375 1514 et
3410 1440 3748 1513 baronum
3805 1441 3939 1512 Po-

846 1557 1077 1632 loniae
1114 1557 1315 1632 iussu
1358 1557 1551 1652 regio
1588 1562 2037 1647 convenerat,
2084 1557 2438 1650 pervenit,
2488 1563 2560 1633 et
2595 1563 2740 1633 tam
2776 1558 2966 1647 Rex,
3016 1581 3226 1650 quam
3263 1561 3425 1632 Dux
3442 1616 3459 1649 ,
3508 1559 3719 1632 unius
3765 1558 3944 1650 lapi-

844 1678 1013 1754 deae
1050 1675 1412 1752 Gerzdorff
1434 1678 1499 1767 ⁴)
1536 1679 1819 1752 fuerunt
1850 1679 2115 1770 recepti
2151 1678 2485 1770 hospitio.
2526 1678 2968 1753 Necessitate
3005 1683 3236 1752 autem
3271 1678 3626 1771 praesenti
3661 1679 3752 1750 ad
3781 1700 3944 1752 con-

844 1797 1086 1870 silium
1138 1796 1431 1886 reiecta,
1488 1815 1576 1872 ex
1612 1797 1997 1890 multiplici
2048 1803 2374 1891 respectu
2427 1800 2691 1893 Regem
2745 1798 2960 1872 simul
3003 1803 3075 1872 et
3123 1801 3387 1872 Ducem
3435 1798 3510 1872 111
3555 1799 3948 1873 Keszmark

846 1917 951 1992 ire
984 1939 1126 1990 non
1160 1917 1453 2010 placuit.
1496 1917 1932 2010 Quapropter
1966 1918 2405 1993 Wladislaus
2457 1918 2793 1992 Poloniae
2841 1919 2998 1993 Rex
3048 1919 3244 1992 solus
3284 1918 3570 1991 interim
3617 1917 3693 1991 in
3737 1918 3946 1994 Nova

846 2037 1157 2112 Sandecz
1220 2059 1295 2112 se
1356 2037 1721 2111 continens
1734 2091 1752 2127 ,
1818 2038 2300 2111 Alexandrum
2363 2039 2626 2113 Ducem
2695 2039 3026 2131 Magnum
3080 2037 3506 2113 Lithuaniae
3520 2092 3537 2127 ,
3613 2037 3947 2112 adiuncta

845 2157 961 2230 illi
1011 2158 1493 2232 Praelatorum
1508 2212 1525 2245 ,
1590 2157 1925 2230 baronum
1982 2161 2052 2230 et
2104 2157 2414 2230 militum
2477 2157 2814 2232 Poloniae
2865 2161 3176 2248 caterva,
3247 2159 3336 2231 ad
3391 2157 3949 2232 conveniendum

848 2299 1007 2352 cum
1072 2275 1522 2370 Sigismundo
1584 2277 1993 2369 Hungariae
2054 2279 2248 2369 Rege
2309 2277 2386 2350 in
2448 2278 2838 2352 Keszmark
2909 2277 3358 2352 transmittit.
3425 2277 3650 2351 causa
3711 2281 3950 2351 autem

845 2395 1294 2490 principalis,
1366 2399 1653 2488 propter
1722 2417 1931 2488 quam
2002 2396 2403 2489 praedictus
2467 2397 2681 2471 fiebat
2751 2400 3169 2486 conventus,
3244 2417 3386 2470 non
3437 2394 3580 2469 alia
3633 2397 3947 2484 extabat,

846 2516 989 2590 nisi
1042 2519 1124 2588 111
1178 2514 1671 2609 Sigismundus
1741 2516 2153 2609 Hungariae
2205 2516 2363 2589 Rex
2427 2515 2680 2590 fuisset
2745 2515 3108 2589 stabilitus
3163 2519 3236 2590 61
3286 2517 3642 2604 firmatus,
3699 2519 3946 2608 quate-

846 2657 980 2709 nus
1033 2655 1191 2708 cum
1244 2635 1487 2728 Regno
1541 2635 1877 2709 Poloniae
1930 2640 2217 2728 treugas
2269 2635 2466 2728 pacis
2529 2655 2654 2728 per
2705 2656 2924 2734 annos
2978 2635 3280 2709 sedecim
3329 2637 3711 2725 confectas,
3771 2656 3944 2727 qua·

843 2753 1000 2829 rum
1052 2753 1194 2827 iam
1248 2757 1549 2847 quatuor
1598 2754 1765 2828 anni
1818 2756 2212 2844 restabant,
2269 2759 2352 2828 111
2403 2754 2699 2828 1111611116
2755 2755 3110 2846 expeditio
3149 2755 3224 2828 in
3259 2755 3652 2830 cruciferos
3667 2811 3686 2840 ,
3741 2756 3948 2828 1111116

845 2897 888 2949 a
938 2879 1135 2968 tergo
1187 2873 1391 2948 hoste
1442 2874 1722 2964 relicto,
1778 2873 1896 2968 agi
1947 2880 2220 2967 posset,
2277 2875 2704 2949 observaret.
2771 2877 2952 2948 Dum
3015 2874 3255 2969 itaque
3325 2874 3728 2950 Alexander
3789 2875 3942 2948 Ma·
3991 2921 4000 2926 ·

844 3016 1027 3088 gnus
1080 2994 1242 3066 Dux
1296 2992 1721 3067 Lithuaniae
1772 3015 1932 3068 cum
1987 2993 2438 3088 Sigismundo
2503 2995 2907 3089 Hungariae
2961 2995 3153 3090 Rege
3208 2994 3284 3068 in
3337 2995 3727 3069 Keszmark
3779 3015 3948 3068 con-

845 3113 1189 3202 venisset,
1245 3116 1317 3187 et
1370 3133 1529 3186 eum
1582 3113 1666 3186 de
1720 3114 2207 3188 observatione
2267 3114 2672 3188 huiusmodi
2735 3119 3141 3207 treugarum
3171 3115 3235 3204 5)
3299 3113 3762 3204 661161166661,
3831 3115 3948 3188 Si-

842 3233 1261 3329 gismundus
1324 3232 1731 3325 Hungariae
1793 3233 1950 3307 Rex
2011 3255 2138 3326 pro
2201 3255 2534 3326 responso
2597 3234 2795 3308 finali
2857 3235 3075 3308 dixit:
3133 3234 3270 3308 sibi
3327 3255 3606 3308 servare
3659 3238 3951 3328 treugas

768 3418 771 3421 .
844 3351 1249 3427 huiusmodi
1311 3352 1590 3426 licitum
1654 3367 1792 3425 non
1858 3373 2041 3444 esse,
2110 3354 2171 3426 si
2235 3354 2567 3429 cruciferi
2620 3355 2808 3429 bello
2862 3353 3316 3446 impetantur.
3375 3354 3653 3428 Obtulit
3705 3358 3952 3428 tamen

844 3495 921 3548 se
974 3472 1297 3546 effectiva
1326 3471 1391 3560 θ)
1443 3471 1975 3564 interpositione
2029 3495 2155 3566 1116
2211 3474 2598 3548 dirimende
2642 3475 2829 3548 bello
2867 3477 3142 3562 exorto,
3197 3474 3613 3546 destinando
3667 3473 3754 3545 ad
3793 3471 3950 3546 Ma-

841 3594 1145 3688 gistrum
1198 3597 1269 3666 et
1324 3592 1652 3666 Ordinem
1706 3595 2049 3686 speciales
2080 3594 2143 3683 7)
2198 3599 2270 3667 61
2303 3594 2653 3668 notabiles
2689 3593 3008 3682 nuntios,
3075 3594 3580 3667 laboraturum.
3649 3576 3948 3684 Specta-

843 3716 966 3788 bat
1019 3714 1157 3786 iam
1212 3716 1382 3785 tunc
1438 3711 1931 3804 Sigismundus
1986 3712 2392 3804 Hungariae
2455 3713 2609 3786 Rex
2665 3713 2752 3784 ad
2807 3712 3522 3804 comprehendendum
3577 3711 3956 3804 fastigium

843 3832 1144 3906 Romani
1214 3825 1535 3924 Imperii,
1610 3836 1681 3905 et
1734 3831 2290 3925 quibuscumque
2326 3836 2600 3924 poterat
2637 3831 2940 3921 artibus,
3007 3833 3280 3907 favores
3337 3833 3476 3906 sibi
3529 3832 3957 3924 Principum

844 3953 1261 4026 Almanniae
1316 3952 1723 4025 venabatur.
1784 3952 1921 4024 Sed
1974 3955 2047 4024 et
2100 3972 2258 4024 cum
2313 3951 2652 4044 Magistro
2705 3951 3211 4025 cruciferorum
3265 3952 3509 4026 Ulrico
3563 3952 3648 4026 de
3692 3951 3956 4024 Iuniu-

840 4093 975 4166 gen
1004 4071 1069 4162 8)
1124 4075 1195 4145 61
1246 4070 1503 4145 Ordine
1566 4075 1871 4144 secretas
1924 4072 2273 4162 1116611666
2329 4071 2787 4163 decoquebat,
2842 4072 3260 4162 promittens
3299 4071 3402 4144 eis
3437 4071 3732 4164 grandia
3765 4091 3958 4163 gen-

843 4191 1023 4264 tium
1095 4190 1350 4263 solatia
1377 4189 1441 4281 9)
1496 4210 1571 4263 66
1626 4194 1867 4263 6611116
1936 4190 2272 4264 Ρ61611166
2341 4191 2603 4284 Regem
2673 4191 3017 4280 laturum,
3084 4191 3146 4263 si
3201 4191 3551 4264 duntaxat
3603 4190 3965 4283 Magister

844 4315 1055 4403 atque
1108 4310 1292 4384 Ordo
1348 4309 1501 4382 auri
1540 4313 1801 4382 certam
1838 4309 2306 4402 quantitatem
2352 4309 2490 4383 sibi
2527 4313 2912 4400 solverent,
2970 4310 3482 4402 pollicitatione
3535 4309 3967 4384 huiusmodi

842 4452 1089 4503 aurum
1144 4450 1219 4503 se
1272 4429 1559 4503 credens
1612 4429 1979 4502 verborum
2034 4430 2388 4522 figmentis
2425 4450 2466 4502 a
2503 4429 2874 4504 cruciferis
2929 4435 3439 4502 emuncturum.
3496 4430 3696 4505 Inter
3729 4429 3968 4504 hosce

840 4554 1075 4624 antem
1111 4553 1455 4622 tractatus
1470 4605 1487 4638 ,
1528 4548 1651 4641 qui
1688 4569 1896 4641 super
1932 4549 2418 4624 observatione
2455 4552 2856 4642 treugarum
2918 4548 3103 4623 inter
3162 4549 3690 4642 sigismundum
3735 4549 3962 4621 Hun-

838 4671 1075 4764 gariae
1136 4669 1400 4762 Regem
1454 4671 1524 4742 et
1577 4667 2054 4742 Witbawdum
2117 4669 2448 4761 Magnum
2512 4669 2777 4742 Ducem
2838 4667 3264 4742 Lithuaniae
3328 4670 3746 4761 agebantur,
3833 4668 3964 4743 Si-

838 4788 1256 4882 gismundus
1308 4787 1715 4879 Hungariae
1766 4789 1925 4861 Rex
1978 4787 2384 4861 lethiferum
2436 4787 2634 4861 virus
2654 4844 2671 4877 ,
2740 4809 2876 4880 quo
2939 4787 3420 4861 Withawdum
3473 4789 3737 4861 Ducem
3792 4789 3964 4860 Ma-

839 4930 1054 5001 gnum
1108 4906 1533 4980 Lithuaniae
1587 4927 1628 4978 a
1680 4907 2021 4981 fidelitate
2073 4913 2144 4981 et
2199 4907 2594 4981 obedientia
2655 4907 3038 5014 Wladislai
3092 4908 3426 4980 Poloniae
3480 4906 3696 5000 Regis
3753 4907 3967 4980 scin-

1055 5215 1103 5294 ι)
1148 5213 1403 5276 discedit
1442 5211 1571 5276 Ed.
1616 5211 1797 5296 Lips.
1848 5211 1905 5291 ²)
1948 5213 2177 5274 Ducem
2219 5211 2500 5290 Magnum
2543 5211 2900 5272 Lithuaniae
2947 5207 3098 5273 0001.
3143 5208 3335 5274 Rozr.
3385 5208 3442 5291 ³)
3485 5228 3736 5288 magnus
3789 5207 3974 5275 cod.

840 5317 1018 5383 Kont-
1078 5313 1131 5398 ⁸)
1178 5317 1497 5378 Geczdorff
1537 5312 1687 5380 0001.
1736 5311 1914 5378 Calv.
1965 5311 2017 5394 ⁵)
2064 5319 2404 5391 treugarum
2461 5315 2629 5391 pacis
2699 5309 2849 5376 Cod.
2907 5311 3100 5376 Rozr.
3161 5315 3532 5374 induciarum
3597 5317 3974 5390 steugamm

844 5418 997 5485 cod.
1042 5419 1236 5484 Rom.
1300 5416 1353 5499 ⁸)
1402 5420 1626 5481 efficaci
1689 5413 1839 5481 God.
1900 5415 2095 5479 Rozr.
2160 5414 2212 5497 ⁷)
2261 5417 2600 5494 spirituales
2663 5411 2814 5479 cod.
2879 5411 3055 5479 Calv.
3120 5415 3176 5496 ⁸)
3235 5415 3486 5492 Iunigen
3543 5412 3694 5477 Ood.
3741 5411 3972 5480 Rozr.

842 5521 897 5607 ⁹)
944 5526 1167 5588 auxilia
1214 5517 1368 5586 0001.
1412 5519 1607 5585 Rozr.
