4342 6384
362 551 498 655 (Α.
537 555 626 630 Β.
665 551 922 656 1430.)
1512 583 1740 636 mann
1789 582 2252 636 macutus.
3294 567 3389 640 41
3402 567 3443 640 1

361 761 533 836 licet
583 762 958 837 Nicolaum
1009 764 1096 838 de
1150 763 1384 858 Sepno
1418 766 1474 856 ¹)
1529 771 1600 839 01
1624 767 2022 841 'Nicolaum
2060 768 2402 841 Maldrzik
2456 768 2541 841 de
2575 768 2970 861 Kobyelye,
3024 773 3227 862 rogat
3254 768 3316 859 2)
3360 792 3451 846 ne

361 882 792 956 coronationi
845 904 1014 958 suae
1067 884 1399 975 obsistat,
1457 907 1574 974 ne,
1633 886 1796 959 aliis
1833 887 2433 961 consentientibus
2488 891 2557 960 et
2611 887 3047 976 cedentibus,
3104 888 3257 979 ipse
3292 910 3451 964 cum

357 1001 604 1094 paucis
658 1005 992 1077 honorem
1045 1025 1252 1078 suum
1306 1005 1666 1098 impediat.
1741 1007 2008 1080 Taliter
2061 1008 2202 1080 iam
2257 1009 2399 1080 fere
2466 1006 2775 1080 omnium
2828 1008 3097 1080 animos
3152 1009 3449 1083 Polono-

359 1143 516 1196 rum
569 1123 993 1214 'mollivisse‚
1049 1129 1132 1198 ut
1167 1146 1404 1200 omnes
1445 1128 1586 1201 fere
1623 1125 1761 1200 sibi
1813 1127 1898 1200 de
1934 1128 2193 1200 honore
2244 1126 2649 1200 huiusmodi
2686 1128 2999 1216 faveant3
3054 1128 3448 1217 obsecrans,

357 1262 446 1314 ne
501 1241 640 1335 ipsi
691 1265 876 1316 unus
931 1249 1238 1318 moretur
1289 1246 1658 1337 splendore
1709 1250 1909 1319 tanto
1965 1246 2293 1340 insigniri
2356 1250 2565 1337 caput
2620 1267 2847 1318 suum.
2921 1246 3071 1320 Nec
3123 1248 3449 1338 precibus

361 1362 706 1451 contenti,
761 1363 1068 1437 maxima
1123 1369 1194 1438 et
1230 1365 1582 1438 altissima
1629 1387 1920 1439 munera
1955 1366 2477 1458 repromittunt.
2534 1366 2849 1454 Patebit,
2888 1366 3243 1459 inquiunt,
3286 1371 3450 1441 tuae

356 1481 782 1556 Paternitati
845 1484 930 1556 ad
987 1486 1390 1558 thesauram
1443 1485 1661 1559 Ducis
1727 1487 1907 1560 liber
1957 1486 2351 1580 ingressus:
2409 1485 2617 1558 tolles
2676 1490 3031 1577 quantum·
3072 1487 3265 1560 voles
3283 1543 3300 1576 ,
3356 1507 3447 1560 ex

357 1623 553 1688 auro,
611 1608 898 1697 argento
953 1608 1023 1677 et
1073 1604 1400 1696 gemmis3
1477 1610 1600 1677 aut
1653 1605 1716 1679 si
1771 1606 2267 1680 detrectaveris
2322 1604 2637 1678 thesauri
2692 1605 3119 1698 ingressum,
3186 1606 3449 1680 talibus

352 1722 756 1795 honestabit
809 1727 878 1796 te
943 1725 1384 1813 muneribus,
1449 1726 1778 1816 qualibus
1849 1748 2051 1799 nemo
2113 1746 2423 1818 unquam
2488 1728 2649 1798 ante
2714 1729 2784 1798 te
2848 1725 2920 1797 in
2983 1725 3096 1798 his
3161 1726 3443 1800 sedibus

354 1842 586 1914 fuerat
619 1842 1024 1915 honoratus,
1063 1843 1200 1916 His
1232 1844 1580 1936 Sbigneus
1609 1845 2088 1919 cracoviensis
2127 1845 2495 1938 episcopus
2532 1844 2934 1936 respondet:
2968 1845 3321 1919 Virtutem
3351 1844 3437 1936 3),

353 1982 563 2054 opera
615 1966 686 2035 et
739 1983 963 2035 mores
1027 1965 1243 2036 Ducis
1300 1965 1714 2053 Withawdi,
1781 1986 2072 2038 coronae
2135 1965 2613 2056 cuiuscunque
2678 1965 3045 2056 splendore
3106 1963 3319 2057 digna
3346 1966 3443 2055 ⁴);

353 2080 597 2154 mira-ri
661 2085 890 2154 tamen
953 2104 1032 2156 se
1093 2087 1558 2174 vehementer,
1632 2105 1758 2157 cur
1819 2085 1984 2157 Dux
2046 2085 2491 2158 Withawdus
2564 2085 2650 2156 ad
2715 2105 2864 2157 eam
2937 2083 3451 2158 coronationem

353 2201 652 2292 aspiret,
709 2221 800 2274 ex
836 2223 976 2293 qua
1031 2203 1239 2292 sciat,
1296 2205 1460 2294 plus
1497 2204 1828 2277 infamiae
1883 2225 2087 2296 quam
2127 2204 2427 2298 gloriae,
2484 2205 2647 2295 plus
2694 2204 2927 2277 caedis
2982 2224 3191 2296 quam
3226 2203 3447 2295 pacis,

351 2321 520 2412 plus
572 2321 940 2413 sanguinis
1003 2344 1212 2413 quam
1265 2323 1617 2412 laetitiae,
1681 2325 1846 2415 plus
1909 2324 2271 2397 vastitatis
2336 2345 2542 2416 quam
2607 2323 3097 2415 amplitudinis
3162 2328 3231 2395 et
3284 2323 3447 2412 sibi,

354 2439 704 2532 terrisque
757 2441 1176 2514 Lithuaniae
1194 2498 1211 2531 ,
1278 2447 1744 2515 manaturum.
1821 2443 2081 2536 Regem
2145 2443 2331 2516 enim
2383 2445 2856 2516 Romanorum
2922 2443 3449 2535 sigismundum

355 2559 510 2632 ideo
567 2560 876 2634 animum
913 2582 1116 2634 suum
1171 2562 1260 2634 ad
1281 2583 1492 2654 -spem
1545 2564 1900 2654 praefatae
1937 2562 2405 2636 coronationis
2458 2561 2859 2653 impulisse,
2917 2565 2998 2633 ut
3036 2561 3181 2654 liga
3214 2559 3447 2655 Regni

351 2679 688 2752 Poloniae
759 2685 830 2754 01
885 2681 1198 2754 Ducatus
1263 2681 1499 2774 Magni
1554 2680 1978 2755 Lithuaniae
2035 2686 2278 2773 rupta,
2356 2680 2744 2774 amplitudo
2816 2679 3045 2753 omnis
3116 2684 3187 2754 et
3248 2680 3450 2774 vigor

353 2799 728 2890 utriusque
781 2800 1092 2874 Dominii
1145 2802 1260 2875 vel
1313 2803 1698 2896 frangatur,
1754 2802 1870 2875 vel
1924 2806 2273 2891 senescat,
2340 2807 2413 2875 et
2466 2801 2837 2875 cruciferis
2892 2801 3098 2874 detur
3150 2800 3444 2891 occasio,

353 2921 580 2992 terras
634 2919 1055 2993 Lithuaniae
1071 2976 1088 3009 ,
1147 2921 1371 2994 veteri
1405 2921 1632 3014 gloria
1665 2925 2031 3009 renovata,
2088 2925 2170 2993 ut
2207 2919 2522 2994 ethnicas
2570 2925 2642 2993 et
2676 2921 3007 2994 barbaras
3042 2918 3443 2992 invadendi.

354 3037 448 3110 In
501 3037 792 3112 arbitrio
845 3038 1136 3130 insuper
1189 3061 1315 3113 suo
1367 3059 1508 3112 non
1557 3040 1858 3132 pendere
1911 3044 2151 3114 tantae
2203 3040 2306 3114 rei
2360 3060 2798 3113 consensum.
2855 3040 2949 3112 Et
3000 3059 3159 3112 cum
3198 3039 3445 3110 autho-

353 3156 568 3230 ritate
622 3159 844 3232 totius
897 3159 1126 3253 Regni
1177 3159 1439 3232 missus
1495 3159 1590 3232 sit
1644 3159 1732 3232 ad
1784 3159 2295 3253 impediendam
2350 3160 2895 3248 coronationem,
2954 3161 3024 3230 et
3075 3157 3169 3230 ad
3202 3158 3442 3249 appel-

353 3276 642 3350 landum
696 3279 782 3350 ab
835 3278 964 3351 illa
990 3278 1080 3368 ⁵),
1141 3278 1203 3352 si
1256 3281 1486 3352 fieret:
1543 3280 1882 3372 quomodo
1921 3279 2166 3352 liceret
2204 3278 2373 3366 sibi,
2428 3278 2727 3353 desertis
2766 3277 3035 3370 patriae
3070 3276 3443 3366 mandatiS,

355 3401 640 3490 captum
693 3398 1072 3471 ambitione
1125 3421 1522 3488 munerum,
1579 3399 1654 3471 in
1707 3398 2008 3491 aliquid,
2067 3398 2251 3490 quod
2304 3398 2511 3471 illum
2546 3403 2882 3492 perpetuo
2938 3398 3195 3470 faceret
3250 3397 3439 3488 apud

353 3522 644 3608 penates
695 3517 1016 3610 proprios
1069 3518 1427 3606 infamem,
1484 3518 1908 3606 consentire;
1981 3538 2110 3591 nec
2162 3517 2424 3591 reditui
2478 3539 2603 3591 suo
2667 3518 2743 3591 in
2796 3519 3119 3610 Regnum
3170 3521 3446 3608 pateret
3526 3509 3531 3514 ’

354 3635 506 3725 via,
559 3657 690 3710 1100
739 3659 1028 3711 munera
1088 3639 1588 3730 cuiuscumque
1649 3637 2138 3730 amplitudinis
2202 3637 2342 3710 sibi
2407 3637 2632 3709 danda
2694 3637 2899 3710 illum
2971 3640 3441 3729 protegerent,

353 3756 528 3849 quin
581 3761 662 3828 ut
712 3756 1028 3848 proditor
1079 3758 1370 3850 patriae,
1427 3759 1628 3832 cuius
1667 3778 1947 3831 causam
1985 3757 2481 3830 defendendam
2538 3761 2970 3848 susceperat,
3028 3756 3240 3828 etiam
3280 3775 3439 3828 cum

351 3880 504 3949 toto
556 3896 807 3968 genere
845 3897 972 3949 suo
1026 3877 1432 3950 violaretur.
1487 3877 1692 3950 Nihil
1745 3877 1984 3970 itaque
2017 3897 2225 3968 posse
2277 3876 2353 3949 in
2387 3877 2519 3948 hac
2570 3897 2646 3948 re
2682 3895 2921 3968 preces
2958 3876 3075 3949 vel
3110 3895 3439 3962 munera;

352 4017 432 4069 00
485 3995 838 4068 constanti
889 3996 1124 4068 animo
1175 4001 1248 4070 01
1295 3996 1698 4070 invincibili
1755 4017 1937 4086 esse,
2004 4001 2074 4069 et
2127 4017 2285 4068 cum
2342 3995 2473 4068 tali
2502 3996 2579 4093 θ),
2630 3995 2877 4068 durato
2930 3995 3133 4069 corde
3194 3994 3267 4066 in
3322 3994 3441 4066 Li-

349 4115 718 4188 thuaniam
773 4116 1083 4203 venisse,
1139 4121 1220 4188 ut
1273 4121 1346 4190 et
1399 4137 1706 4190 carceres
1763 4121 1834 4190 01
1887 4121 2181 4190 mortem
2236 4121 2305 4188 01
2338 4115 2671 4188 universa
2724 4115 3075 4207 supplicia
3128 4114 3437 4205 experiri

347 4234 552 4328 prius
605 4235 881 4324 mallet,
939 4258 1147 4327 quam
1183 4235 1288 4309 rei
1321 4236 1488 4309 huic
1539 4236 1868 4329 praebere
1905 4255 2343 4310 consensum.
2401 4235 2880 4326 Responsione
2919 4233 3209 4328 Sbignei
3256 4232 3439 4324 epis·

349 4353 512 4446 copi
563 4354 1041 4429 cracoviensis
1105 4357 1270 4428 Dux
1335 4356 1776 4429 Withawdus
1840 4355 2112 4444 audita,
2189 4353 2487 4428 ferocius
2552 4376 2628 4428 se
2688 4375 2930 4448 gerere
2996 4359 3067 4428 et
3130 4352 3443 4426 animum

349 4480 620 4548 trucem
684 4475 938 4549 habere
999 4476 1251 4568 coepit.
1335 4478 1428 4549 Et
1489 4476 1730 4549 missis
1791 4475 2146 4568 prioribus
2208 4474 2518 4562 nuntiis,
2594 4473 2923 4548 adiuncto
2986 4479 3219 4546 tamen
3290 4471 3442 4544 illis

350 4594 624 4668 Mathia
673 4595 998 4687 episcopo
1055 4595 1408 4684 Vilnensi,
1465 4596 1680 4688 petit:
1737 4600 1820 4668 ut
1872 4595 2305 4668 coronationi
2342 4615 2540 4682 suae,
2597 4601 2967 4686 postquam
3022 4613 3265 4667 verum
3302 4612 3443 4666 non

349 4716 513 4786 vult
539 4715 627 4804 ¹¹),
703 4716 953 4788 saltem
1026 4715 1398 4790 simulacro
1473 4716 1808 4806 similem,
1872 4737 1997 4808 pro
2051 4716 2347 4789 delenda
2410 4719 2481 4786 et
2534 4713 2993 4806 abstergenda
3055 4733 3184 4784 sua
3244 4711 3440 4804 igno-

349 4833 603 4922 minia,
657 4836 986 4926 praebeat
1039 4856 1450 4909 consensum
1469 4893 1486 4924 ,
1553 4837 1678 4927 qui
1739 4835 1814 4908 in
1867 4835 2375 4927 praeiudicium
2438 4833 2669 4926 Regni
2720 4831 3052 4905 Poloniae
3116 4835 3187 4903 et
3240 4849 3439 4902 suam

347 4961 590 5028 notam
643 4976 784 5028 non
835 4955 1095 5048 poterit
1146 4956 1556 5029 redundare.
1614 4956 1946 5030 coronam
2002 4955 2187 5029 enim
2242 4954 2459 5047 capiti
2497 4974 2622 5026 suo
2676 4949 3111 5044 impositam,
3166 4949 3331 5024 dum
3370 4954 3442 5022 et

568 5227 616 5309 ¹)
656 5229 891 5306 Szepno
937 5223 1092 5292 Cod.
1127 5223 1301 5292 chlv.
1353 5227 1406 5302 ³)
1451 5207 1672 5305 rogans
1717 5221 1872 5289 cod.
1916 5225 2109 5289 afozr.
2159 5223 2215 5304 ³)
2260 5243 2329 5286 se
2370 5216 2649 5286 virtutem
2696 5217 2847 5286 God.
2884 5219 3073 5284 Rozr.
3122 5218 3175 5298 ⁴)
3222 5221 3435 5298 dignos

341 5338 560 5412 putare
604 5327 760 5395 Οοᾱ.
807 5329 998 5396 Rozr.
1070 5329 1126 5410 ὅ)
1173 5351 1246 5393 ea
1293 5327 1444 5396 Coa.
1487 5327 1680 5393 Rozr.
1731 5327 1786 5408 ο)
1829 5334 1951 5391 tam
1999 5324 2150 5391 Coa.
2182 5325 2376 5391 Rozr.
2428 5325 2481 5408 ⁷)
2526 5344 2647 5390 non
2686 5327 2827 5390 tulit
2880 5322 3031 5388 Cod.
3076 5320 3270 5389 Rozr.
