4342 6384
405 564 542 667 (Α.
577 564 672 642 D.
711 562 946 666 1421.)
1563 586 1790 641 nm
1840 584 2303 641 mucuns.
2404 644 2411 649 ,
3348 563 3507 639 2⁴19

401 896 702 968 Eonnulli
757 896 1085 968 nectores
1141 894 1392 983 Imperii
1451 912 1595 967 oum
1655 894 1949 967 exercitu
2014 893 2381 965 ΙοΙιο-ἰω
2436 892 2769 965 tutaturi
2822 892 3312 981 ingrediuntur:
3378 891 3503 964 ud

401 1017 551 1087 dm
580 1016 719 1087 Rex
759 1016 904 1105 ipse
946 1014 1370 1087 Romanorum
1412 1014 1500 1086 ad
1529 1014 1697 1087 dion
1741 1014 1986 1087 dictem
2027 1031 2160 1086 non
2190 1013 2481 1099 simet,
2526 1012 2751 1086 dnos
2793 1029 2953 1085 suu
2992 1011 3147 1083 inde
3168 1013 3503 1102 repetunt.

614 1254 758 1327 Sub
813 1250 1001 1325 idem
1054 1255 1332 1344 tempus
1394 1253 1722 1326 nonnulli
1775 1253 2134 1326 Electores
2190 1250 2481 1343 Imperii
2534 1272 2693 1324 cum
2747 1249 3165 1323 Almanniae
3227 1250 3501 1323 Princi-

402 1373 610 1464 pibus
627 1428 644 1461 ‚
701 1372 1018 1445 exercitu
1071 1372 1258 1444 haud
1313 1373 1816 1446 contemnendo
1871 1378 2312 1464 congregato,
2370 1370 2461 1443 ad
2512 1371 2933 1445 vastandum
2986 1370 3308 1463 Regnum
3362 1371 3501 1443 Bo-

402 1492 672 1565 hemiae
726 1492 828 1563 ire
881 1495 1215 1584 pergunt:
1289 1496 1361 1565 et
1413 1492 1666 1567 castris
1731 1492 1916 1565 circa
1970 1491 2301 1583 oppidum
2358 1490 2817 1563 Bohemicum
2870 1492 3167 1564 Zathecz
3219 1490 3501 1584 positis,

403 1612 810 1702 conquirere
882 1611 1065 1684 illud
1138 1633 1574 1704 summopere
1625 1611 2056 1685 nitebantur.
2142 1611 2281 1684 Sed
2334 1611 2501 1683 dum
2556 1611 3057 1683 Zatheczenses
3132 1612 3409 1684 fortiter
3443 1612 3501 1699 ¹)

401 1731 812 1805 resisterent
865 1736 937 1804 et
991 1732 1378 1805 exercitum
1433 1733 1836 1805 Electorum
1899 1731 2162 1804 crebris
2228 1730 2763 1803 excursionibus
2818 1731 3277 1819 lacesserent,
3332 1730 3497 1803 Ele-

403 1858 628 1925 ctores
681 1852 1014 1943 praefati,
1084 1852 1458 1925 Bohemico
1523 1874 1688 1944 agro
1761 1852 1836 1924 in
1901 1852 2257 1942 plerisque
2320 1850 2495 1923 locis
2558 1854 2719 1921 usto
2784 1855 2855 1924 et
2923 1854 3363 1943 pervastato,
3428 1850 3503 1923 in

403 1972 716 2065 propria,
773 1972 1020 2044 multis
1074 1976 1310 2045 tamen
1373 1972 1646 2044 damnis
1711 1972 2093 2063 susceptis,
2148 1972 2413 2043 reversi
2466 1974 2657 2042 sunt.
2733 1971 2931 2043 Inter
2985 1991 3161 2061 quos
3224 1970 3299 2043 hi
3353 1971 3499 2063 pri-

403 2092 606 2164 marii
659 2092 1128 2166 habebantur:
1186 2092 1644 2183 Magantinus
1699 2091 2265 2183 archiepiscopus
2282 2146 2299 2178 ‚
2358 2091 2599 2164 Comes
2638 2090 3011 2162 Palatinus
3048 2090 3316 2178 Rheni,
3374 2090 3499 2164 Sa-

403 2212 654 2283 xoniae
726 2212 954 2283 Duces
978 2268 996 2298 ‚
1071 2211 1380 2284 Marchio
1454 2210 2102 2303 Brandeburgonsis
2176 2210 2603 2285 Fridericus.
2686 2209 2947 2283 Venire
3018 2216 3253 2282 autem
3334 2210 3503 2281 illos
3602 2292 3613 2309 .

405 2330 898 2422 sigismundus
953 2332 1108 2403 Rex
1163 2352 1288 2422 pro
1326 2331 1440 2403 die
1497 2330 1736 2404 Sancti
1776 2331 2299 2403 Bartholomaei
2350 2330 2679 2403 iusserat.
2736 2332 2801 2401 A
2838 2350 2976 2423 quo
3030 2334 3341 2421 tempore
3386 2328 3503 2403 illi

403 2452 476 2522 in
531 2451 872 2523 Bohemia
924 2472 1150 2541 usque
1204 2451 1293 2523 ad
1323 2448 1386 2539 2)
1439 2450 1626 2523 diem
1682 2450 1926 2523 Sancti
1981 2450 2175 2523 Galli
2230 2449 2613 2539 immorati,
2668 2470 2829 2524 cum
2884 2450 3379 2541 Sigismundus
3412 2450 3503 2522 ad

403 2570 794 2663 pollicitam
858 2571 1040 2643 diem
1105 2592 1246 2641 non
1309 2571 1621 2660 adesset,
1694 2570 1934 2643 domos
1996 2570 2369 2662 repetiere,
2445 2570 2650 2643 factis
2722 2570 2993 2662 magnis
3072 2570 3497 2661 sumptibus,

405 2690 644 2783 fatigis
699 2698 772 2763 et
823 2691 1193 2783 impensis,
1252 2694 1321 2763 et
1374 2691 1574 2762 nulla
1624 2711 1702 2764 re
1737 2689 2174 2763 memorabili
2226 2695 2458 2783 gesta,
2514 2690 2737 2763 solam
2775 2690 3199 2783 ignominiae
3234 2694 3496 2779 notam,

404 2812 596 2903 ipsos
662 2816 733 2884 et
793 2812 1243 2902 Principatus
1305 2832 1543 2884 corum
1609 2812 2132 2885 dedecorantem
2149 2867 2165 2900 ,
2232 2811 2309 2884 in
2370 2811 2689 2903 proprios
2742 2811 3123 2885 referentes
3182 2814 3495 2901 penates.

405 3176 798 3249 wladislaus
852 3176 1153 3249 roloniae
1211 3176 1352 3248 Rex
1407 3176 1881 3249 matrimonium
1941 3194 2083 3248 cum
2139 3176 2332 3248 ona
2376 3174 2624 3267 ungine
2680 3176 3073 3265 matum,
3118 3176 3501 3253 umu-

553 3298 804 3387 nigrum
847 3296 928 3368 cle
973 3296 1241 3368 Gamo!
1283 3296 1354 3367 in
1399 3296 1762 3369 Bobenia-
1803 3296 2048 3369 mittit:
2095 3314 2225 3387 qu·
2266 3314 2382 3386 por
2423 3296 2770 3370 lulianam
2814 3298 3091 3373 lineus
3134 3302 3345 3390 capto,

1493 3417 1859 3507 coniugium
1900 3416 2062 3488 illud
2104 3416 2423 3489 irritum.

609 3655 912 3729 Russiae
971 3654 1182 3729 terris
1243 3656 1666 3749 peragratis,
1741 3655 2181 3729 Wladislaus
2245 3656 2579 3729 Poloniae
2651 3656 2808 3729 Rex
2880 3678 3007 3750 pro
3072 3657 3185 3731 die
3256 3656 3501 3733 Sancti

409 3776 688 3848 Martini
761 3776 834 3848 in
897 3776 965 3847 N
969 3777 1436 3868 yepolomicze
1495 3775 1815 3865 advenit,
1891 3777 2353 3868 frequensque
2424 3775 2797 3849 concilium
2870 3778 3355 3854 Praelatorum
3428 3784 3501 3852 et

408 3897 738 3970 baronum
795 3918 1078 3969 suorum
1132 3898 1220 3969 ad
1257 3897 1708 3989 digerendum
1745 3897 2167 3970 oblationem
2208 3896 2643 3989 sigismundi
2678 3899 3149 3973 Romanorum
3188 3903 3261 3972 et
3296 3896 3497 3973 Hun-

409 4018 640 4108 gariae
692 4016 934 4109 Regis,
991 4017 1242 4091 tenuit.
1283 4017 1628 4103 ⁸Omnium
1684 4021 1916 4091 autem
1981 4016 2543 4091 consiliariorum
2608 4019 2947 4092 conformi
3000 4020 3501 4113 approbatione

410 4142 478 4209 et
511 4158 783 4209 summo
837 4157 1211 4225 consensu,
1269 4136 1706 4231 Sigismundi
1745 4137 1963 4229 Regis
2017 4138 2104 4209 de
2139 4136 2413 4228 Regina
2449 4138 2827 4212 Bohemiae
2860 4137 3095 4227 Offka,
3150 4141 3501 4233 terrisque

413 4258 676 4331 Slesiae
730 4264 806 4345 et
853 4260 1132 4330 centum
1185 4257 1488 4329 millium
1542 4258 1738 4344 dote,
1795 4256 2057 4329 oblatio
2112 4257 2399 4331 laudata
2454 4261 2525 4330 et
2578 4263 2865 4350 accepta
2916 4264 3057 4349 est,
3114 4260 3499 4335 decretum-

417 4400 545 4471 que
561 4434 578 4468 ,
637 4378 898 4471 Regem
953 4378 1426 4451 Wladislaum
1498 4376 1898 4470 coniugium
1951 4378 2220 4451 celebre
2272 4382 2343 4451 et
2395 4380 2639 4471 Regno
2692 4400 2818 4452 suo
2870 4381 3175 4472 perutile
3226 4381 3499 4455 subitu-

409 4520 584 4572 rum.
659 4500 885 4571 Datur
937 4498 1174 4589 itaque
1229 4519 1432 4571 omne
1483 4497 1944 4570 concludendi
1997 4498 2404 4571 huiusmodi
2458 4499 2885 4574 matrimonii
2938 4520 3115 4575 onus
3168 4502 3501 4575 Zawissio

411 4620 606 4711 nigro
660 4618 745 4691 de
799 4619 1090 4692 Garbow
1144 4617 1392 4707 militi3
1449 4618 1650 4710 isque
1703 4618 2054 4709 extemplo
2109 4620 2199 4691 ad
2255 4619 2782 4711 sigismundum
2835 4621 3097 4713 Regem
3162 4622 3498 4711 mittitur,

413 4739 690 4833 singula
744 4760 920 4831 quae
973 4738 1489 4812 conclusionem
1540 4738 1839 4831 praefati
1891 4738 2321 4813 matrimonii
2358 4746 2814 4830 concernunt,
2872 4742 3001 4815 sub
3040 4740 3295 4816 oblatis
3334 4762 3497 4815 con-

410 4858 793 4932 ditionibus
846 4861 1273 4932 firmaturus.
1331 4858 1464 4951 Qui
1515 4860 1683 4932 dum
1737 4860 1826 4931 ad
1878 4878 2022 4931 rem
2075 4858 2282 4931 iuxta
2332 4859 2835 4934 instructiones
2888 4862 3027 4935 sibi
3078 4862 3282 4935 datas
3334 4882 3496 4935 con-

409 4979 804 5067 ficiendam,
863 4979 950 5051 ad
1005 4978 1535 5071 sigismundum
1589 4978 2058 5052 Romanorum
2096 4979 2357 5073 Regem
2412 4981 2879 5072 pervenisset,
2932 4982 3379 5073 expeditione
3422 4982 3497 5057 in

411 5098 754 5173 Bohemos
807 5120 964 5173 eum
1021 5103 1432 5191 occupatum
1497 5104 1568 5172 et
1631 5098 1704 5171 in
1757 5099 2012 5173 itinere
2073 5100 2540 5174 constitutum
2592 5100 2981 5194 reperiens,
3046 5102 3497 5194 legationem,

410 5240 563 5291 cum
619 5242 760 5311 qua
813 5225 1128 5309 venerat,
1187 5218 1512 5312 exponit:
1584 5220 2156 5312 paullulumque‚
2215 5221 2431 5293 donec
2485 5222 2570 5294 de
2625 5221 3003 5295 Bohemica
3054 5222 3501 5317 expeditione

624 5472 671 5558 ¹)
720 5492 1086 5555 summopere
1127 5472 1255 5538 Ed.
1301 5473 1484 5561 Dips.
1533 5476 1586 5557 ²)
1630 5478 1692 5538 iu
1735 5474 1862 5540 Ed.
1894 5474 2076 5562 Lips.
