4342 6384
160 533 171 600 .'
255 659 265 667 ·
341 562 477 662 (Α.
518 564 607 635 D.
649 562 901 661 1440.)
1482 584 1708 641 menn
1759 586 2270 641 Dnonncnms.
3285 571 3434 643 663

342 773 415 840 et
467 773 671 842 aucto
736 769 1050 843 exercitu
1112 770 1186 841 in
1250 770 1684 863 Hungariam
1747 771 2134 863 progressi,
2201 776 2507 845 castrum
2572 772 3157 864 Kapusczyani1)
3219 795 3435 865 prope

340 888 729 979 Barduyow
760 886 822 978 ²)
887 893 957 962 et
1027 888 1359 981 oppidum
1422 890 1808 981 Aperiasch
1838 888 1899 979 3)
1972 889 2242 963 diutius
2308 890 2665 964 obsidione
2725 892 3112 984 gravabant
3140 894 3238 981 4);
3313 894 3436 966 sed

338 1008 665 1081 mandato
719 1008 937 1099 Regis
994 1013 1307 1099 accepto,
1376 1008 1733 1083 obsidione
1799 1008 2092 1082 dimissa
2122 1008 2210 1098 5),
2267 1010 2354 1081 ad
2411 1009 2881 1083 Wladislaum
2919 1012 3189 1084 Budam
3245 1012 3432 1085 inco-

336 1127 569 1199 lumes
621 1128 1071 1219 perveniunt:
1132 1127 1388 1219 quibus
1442 1127 1881 1201 wladislaus
1936 1129 2094 1202 Rex
2132 1128 2407 1200 obviam
2445 1130 2910 1220 personaliter
2946 1130 3172 1203 exivit
3209 1135 3280 1205 et
3315 1152 3434 1204 eos

338 1246 686 1338 suscepit,
754 1246 1172 1319 mirantibus
1237 1246 1615 1319 baronibus
1680 1247 2117 1340 Hungariae,
2195 1248 2377 1341 quod
2440 1248 2516 1319 in
2579 1254 2777 1323 tanta
2841 1250 3300 1323 multitudine
3367 1256 3438 1324 et

338 1370 686 1458 apparatu
740 1365 1091 1439 exercitus
1145 1364 1479 1439 Poloniae
1530 1387 1657 1457 pro
1714 1366 2027 1439 subsidio
2081 1368 2272 1459 regio
2329 1367 2751 1441 advenisset.

1064 1716 1404 1787 Bohemiae
1448 1716 1735 1805 uagum
1780 1733 1894 1805 per
1936 1717 2404 1807 gubernatores
2449 1720 2715 1808 regitur.

481 1974 490 1981 ·
550 1932 876 2047 Bohemi,
936 1958 1059 2050 qui
1094 1959 1373 2033 Alberti
1411 1960 1626 2052 Regis
1666 1980 1875 2033 causa
1911 1961 2119 2034 civile
2166 1962 2434 2035 bellum
2471 1963 2970 2050 conflaverant,
3027 1969 3246 2037 morte
3283 1965 3434 2039 eius

340 2079 657 2170 cognita,
716 2080 879 2151 dum
934 2082 1005 2151 et
1057 2077 1497 2151 Kazimirum
1551 2079 1845 2167 Ducem,
1904 2079 2279 2153 Wladislai
2335 2080 2668 2155 Poloniae
2723 2086 2793 2154 et
2845 2082 3251 2173 Hungariae
3297 2085 3434 2157 Re-

336 2197 452 2289 gis
507 2218 949 2288 germanum,
1018 2196 1405 2270 sensissent
1469 2198 1781 2271 Ducatus
1845 2198 2082 2291 Magni
2145 2199 2570 2274 Lithuaniae
2622 2200 2933 2293 regimen
2987 2203 3434 2293 assumsisse,

339 2321 411 2388 et
469 2317 795 2408 Regnum
853 2315 1229 2388 Bohemiae
1274 2320 1558 2408 propter
1603 2317 1865 2389 crimen
1900 2319 2264 2392 haereseos
2309 2318 2660 2408 fastidire,
2717 2320 2902 2411 apud
2940 2321 3237 2413 Pragam
3275 2342 3434 2394 con-

338 2441 562 2507 ventu
613 2434 885 2523 habito,
943 2456 1159 2507 unum
1216 2435 1435 2507 totius
1475 2436 1701 2527 Regni
1740 2457 1987 2528 corpus
2028 2438 2292 2511 sedatis
2331 2438 2510 2511 odiis
2548 2439 2892 2527 efficiunt,
2950 2460 3075 2531 pro
3114 2440 3432 2533 eligendo

339 2555 532 2647 Rege
579 2554 760 2627 diem
798 2553 1063 2627 dicunt.
1120 2554 1521 2629 Rokiczana
1548 2555 1636 2646 ⁶),
1694 2555 1817 2647 qui
1871 2557 2131 2629 dudum
2187 2559 2371 2650 apud
2426 2557 2640 2631 Grecz
2674 2559 2733 2648 ⁷)
2789 2560 2960 2631 exul
3006 2560 3430 2649 morabatur,

340 2675 643 2766 Pragam
705 2694 1063 2762 reversus,
1132 2694 1320 2745 more
1388 2694 1512 2745 suo
1564 2674 1921 2747 insaniens
1960 2680 2029 2748 et
2065 2676 2359 2768 Papam,
2437 2677 2976 2769 universamque
3047 2677 3434 2752 Ecclesiam

339 2793 870 2885 blasphemans,
926 2793 1113 2883 apud
1169 2794 1355 2865 solos
1410 2794 1755 2866 Bohemos
1808 2794 2131 2868 veritatis
2172 2796 2697 2868 Sacramentum
2733 2796 2989 2869 asserit
3026 2797 3430 2887 consistere,

340 2912 659 3003 parvulis
726 2932 805 2985 ac
869 2910 1309 2984 dementibus
1374 2916 1515 2983 tam
1583 2912 1891 3004 corporis
1956 2936 2164 3006 quam
2229 2914 2593 3007 sanguinis
2658 2915 2920 2988 Christi
2987 2916 3434 2989 Sacramenta

340 3031 659 3123 praebet,
718 3031 1109 3103 sacerdotes
1168 3052 1335 3103 suae
1392 3030 1770 3104 temeritati
1810 3033 2260 3106 adversantes
2299 3034 2588 3108 civitate
2624 3035 2864 3125 pellit,
2923 3035 3430 3127 denegantibus

343 3149 475 3222 snb
529 3154 825 3241 utraque
882 3150 1111 3242 specie
1164 3149 1704 3238 communicare,
1763 3152 2197 3243 sepulturam
2253 3153 2794 3226 ecclesiasticam
2856 3154 3237 3227 interdicit.
3302 3156 3429 3227 Er·

342 3291 459 3341 ror
512 3270 810 3361 amplior
862 3269 1093 3359 priore
1146 3274 1217 3341 et
1272 3269 1483 3341 facies
1548 3269 1860 3342 damnati
1925 3271 2326 3344 schismatis
2392 3273 2760 3345 videbatur
2819 3273 3135 3347 rediisse.
3201 3274 3428 3347 Elisa-

343 3390 514 3461 beth
568 3389 839 3480 Regina
893 3389 1163 3480 legatos
1218 3388 1306 3458 ad
1362 3388 1705 3461 Bohemos
1772 3388 2053 3462 comitia
2115 3391 2279 3461 novi
2343 3391 2558 3483 Regis
2615 3392 3064 3483 expedituros
3120 3394 3432 3481 mittens,

347 3508 783 3600 Sigismundi
837 3515 906 3580 et
959 3507 1236 3579 Alberti
1293 3507 1563 3601 Regum
1619 3508 2095 3597 meminerint,
2151 3514 2507 3601 nepotem,
2548 3509 2909 3602 filiumque
2947 3532 3035 3583 ne
3071 3518 3431 3602 respuant,

346 3627 620 3699 foedera
674 3648 829 3697 cum
886 3626 1343 3699 Australibus
1397 3648 1728 3718 percussa
1792 3628 2224 3717 auscultent,
2291 3628 2551 3720 pupilli
2615 3633 2824 3719 atque
2879 3630 3174 3721 orphani
3226 3630 3432 3703 mise-

345 3750 662 3833 reantur,
720 3746 1036 3837 postulat
1063 3743 1152 3833 8).
1220 3746 1313 3817 Et
1367 3746 1687 3836 quamvis
1742 3767 1783 3817 a
1836 3746 2198 3821 nonnullis
2262 3747 2446 3819 laeto
2512 3748 2744 3819 favore
2799 3747 3057 3841 legatio
3124 3748 3434 3841 Reginae

346 3869 638 3956 excepta
691 3864 787 3935 sit
814 3863 901 3953 ⁰),
958 3864 1221 3936 nemini
1276 3868 1506 3937 tamen
1546 3865 1721 3937 satis
1756 3866 2111 3957 placebat,
2169 3866 2507 3939 infantem
2544 3867 2784 3958 Regno
2821 3867 3146 3941 inutilem
3181 3866 3257 3939 in
3292 3868 3429 3941 Re-

346 4006 502 4075 gem
557 3983 852 4070 assumi,
911 3982 1034 4074 qui
1089 3988 1459 4076 antequam
1515 3985 1899 4073 adolescat,
1958 3986 2243 4079 longum
2281 3991 2556 4078 tempus
2596 3987 3042 4058 effluxurum.
3099 3986 3430 4059 Ladislao

347 4103 584 4193 itaque
638 4101 855 4195 Regis
910 4103 1191 4177 Alberti
1228 4105 1599 4194 posthumo
1636 4104 2039 4196 reprobato,
2096 4106 2437 4177 Albertus
2476 4105 2816 4177 Bavariae
2853 4106 3016 4177 Dux
3055 4106 3431 4179 Bohemiae

347 4222 501 4295 Rex
555 4222 973 4295 declaratur.
1029 4222 1413 4295 Mittuntur
1465 4224 1550 4295 ad
1606 4244 1764 4295 eum
1817 4224 2153 4314 primores
2206 4224 2466 4316 Regni,
2524 4223 2709 4297 inter
2754 4244 2928 4316 quos
2966 4224 3252 4297 Ulricus
3289 4226 3430 4299 Ro·

351 4341 793 4433 szembersky
834 4341 921 4429 ¹⁰)
976 4341 1353 4432 primarius
1409 4342 1575 4430 fuit,
1635 4342 1757 4435 qui
1800 4341 1970 4415 licet
2006 4343 2284 4416 Alberti
2337 4348 2570 4434 partes
2619 4342 2786 4415 olim
2824 4343 3242 4433 defenderit,
3299 4344 3428 4416 hu·

348 4460 459 4532 ius
511 4464 743 4533 tamen
800 4460 1190 4534 sententiae
1246 4482 1490 4533 suasor
1544 4462 1900 4535 extiterat.
1960 4461 2296 4534 Albertus
2352 4462 2697 4536 Bavariae
2749 4463 2912 4534 Dux
2971 4462 3234 4555 insigni
3286 4484 3428 4534 mo-

350 4579 571 4652 destia
606 4600 811 4668 usne,
870 4584 939 4653 et
975 4602 1015 4651 a
1050 4580 1405 4653 Friderico
1445 4582 1916 4653 Romanorum
1969 4581 2192 4671 Rege,
2249 4600 2336 4653 ne
2375 4581 2751 4653 Bohemiae
2788 4582 3110 4673 Regnum
3146 4582 3234 4671 ¹¹)
3294 4581 3432 4654 sibi

349 4700 543 4770 velut
580 4698 887 4777 alienum
926 4704 1217 4790 usurpet
1256 4696 1368 4788 ¹²),
1426 4700 1857 4789 admonitus,
1913 4720 2149 4790 preces
2197 4701 2663 4773 Bohemorum
2701 4705 3180 4787 contemnens,
3238 4700 3428 4772 obla-

349 4820 500 4889 tum
553 4818 875 4909 Regnum
931 4817 1226 4908 sprevit,
1285 4820 1612 4892 maiorem
1670 4840 1745 4891 se
1801 4824 2033 4910 spreto
2089 4820 2332 4912 Regno
2389 4819 2828 4892 monstravit.
2885 4819 3180 4892 Bohemi
3216 4839 3256 4890 a
3293 4819 3430 4891 Ba-

562 5021 613 5101 1)
659 5022 1035 5099 Oapusoiany
1076 5018 1203 5084 Ed.
1249 5018 1430 5102 Lips.
1478 5017 1533 5100 Β)
1577 5020 1887 5081 Bardeiow
1933 5015 2086 5083 God.
2130 5018 2311 5082 Kost.
2342 5022 2652 5083 Bardiovve
2679 5018 2807 5088 Ed.
2841 5019 3022 5105 Lips.
3069 5020 3119 5101 ³)
3150 5020 3434 5099 Operiasz

355 5116 503 5185 cod.
549 5122 685 5185 Lis.
730 5126 1023 5201 Epperies
1064 5121 1192 5187 Ed.
1238 5120 1421 5205 Lipe.
1468 5119 1523 5201 ⁴)
1567 5124 1913 5199 premebant
1958 5118 2110 5185 cod.
2155 5120 2336 5185 Kost.
2385 5121 2437 5201 ⁶)
2485 5126 2678 5185 solnta
2725 5119 2876 5186 cod.
2921 5122 3103 5186 Kost.
3151 5121 3210 5203 ⁸)
3253 5123 3431 5185 Roki·

352 5228 517 5286 czina
563 5222 715 5287 cod.
761 5222 939 5288 Kost.
990 5224 1040 5304 7)
1088 5226 1247 5301 apud
1292 5225 1553 5287 Graecos
1602 5219 1757 5286 Cod.
1807 5222 1941 5287 Lis.
1981 5227 2141 5303 apud
2172 5226 2351 5287 Gretz
2396 5223 2523 5287 Ed.
2570 5224 2751 5309 Lipe.
2801 5226 2852 5305 ⁸)
2897 5228 3064 5302 petit.
3116 5221 3268 5288 Cod.
3299 5222 3434 5288 Lis.

354 5334 481 5387 orat
522 5325 647 5390 Ed.
699 5324 879 5409 Lips.
928 5325 980 5406 ⁹)
1024 5326 1202 5386 fuerit
1243 5323 1370 5389 Ed.
1424 5323 1606 5409 Lips.
1663 5325 1736 5407 ¹⁰)
1780 5326 2202 5390 Rocemberski
2245 5325 2371 5393 Ed.
2420 5325 2600 5412 Lips.
2656 5327 2677 5364 ¹
2691 5324 2737 5413 ¹)
2782 5330 3044 5407 regimen
3080 5325 3217 5401 Ed.
3252 5324 3434 5410 Lips-

365 5426 439 5507 12)
485 5434 798 5507 usurparet
844 5424 996 5490 cod.
1041 5425 1217 5489 Kost.
1331 5454 1339 5460 ·
