4342 6384
373 578 503 678 (Α.
544 578 637 654 D.
680 577 933 677 ⁸420.)
1557 604 1783 656 LIBER
1837 601 2296 658 muniremus.
3319 579 3466 650 245

366 758 451 858 de
504 758 783 875 liuben,
842 787 1153 860 Ducibus
1208 788 1509 874 Slesiae,
1567 786 2049 879 Principibus,
2104 810 2186 860 ac
2223 787 2740 879 spectabilibus
2778 793 2848 860 et
2885 785 3274 880 magnificis
3321 786 3464 856 Ln-

364 907 609 981 dovico
663 906 927 981 Gemite
982 908 1066 981 de
1120 907 1427 1002 Gtinghe
1467 908 1542 995 ¹),
1600 911 1671 981 et
1724 907 1885 980 aliis
1939 908 2266 1000 pluribus
2321 907 2462 979 fide
2517 907 2774 1000 dignis,

370 1261 760 1334 vladislaus
819 1260 959 1333 nox
1004 1264 1077 1332 ot
1119 1261 1526 1334 Withtvdns
1585 1263 1757 1348 Bu,
1820 1266 2089 1354 accepto
2133 1264 2218 1337 de
2260 1264 2512 1336 iniusta
2554 1262 2750 1352 nogi-
2794 1261 3220 1334 Romnenun
3281 1261 3472 1350 sigis-

367 1381 587 1453 mundi
632 1381 971 1454 sententia
1014 1381 1276 1468 nuntio,
1318 1382 1389 1452 in
1434 1381 1737 1454 lacrimat
1781 1386 2151 1473 erumpunt&
2205 1382 2443 1456 deindo
2485 1382 2727 1471 iegati·
2769 1381 3022 1466 missis,
3066 1379 3472 1470 sigismundo

1112 1502 1454 1588 nuntiant,
1496 1501 1673 1573 nelle
1715 1519 1790 1573 ιο
1832 1502 2041 1593 ipsiu
2083 1502 2464 1575 sententiae
2507 1504 2712 1574 staro.

574 1746 1161 1820 Pronuntiatione
1216 1747 1605 1820 sententiae
1644 1747 2147 1821 ambasiatores
2179 1746 2242 1837 ²)
2297 1747 2676 1821 Wladislai
2715 1748 3048 1822 Poloniae
3085 1748 3301 1842 Regis
3339 1769 3463 1820 au-

374 1865 552 1955 dita,
610 1871 681 1939 et
736 1866 891 1938 eius
946 1866 1326 1958 iniquitate
1381 1887 1689 1959 appensa
1719 1865 1806 1956 ³),
1864 1867 2106 1941 tristes
2162 1867 2551 1959 moestique
2597 1868 2672 1940 in
2708 1867 3022 1960 hospitia
3055 1867 3468 1941 divertunt:

375 1985 907 2077 conscriptoque
963 1985 1149 2058 omni
1204 2007 1568 2077 processu,
1638 1987 1761 2078 qui
1816 2007 1973 2060 cum
2028 1987 2178 2061 illis
2233 1986 2518 2060 habitus
2573 1992 2712 2076 est,
2770 1991 2842 2061 et
2894 2009 3102 2079 qnam
3154 1992 3470 2078 reporta·

374 2111 538 2178 runt
592 2105 1014 2178 sententiam
1039 2162 1056 2194 ,
1116 2105 1315 2196 copia
1370 2106 1581 2178 etiam
1636 2106 1835 2178 illius
1890 2111 2257 2193 annotata,
2317 2126 2441 2198 per
2494 2107 2800 2180 velocem
2853 2107 3180 2180 nuntium
3235 2107 3469 2180 Klim-

376 2227 623 2297 konem
662 2225 745 2298 de
782 2225 995 2316 Klay,
1039 2225 1111 2296 in
1150 2225 1516 2298 Podwodis
1546 2226 1633 2315 ⁴),
1691 2226 1763 2298 in
1802 2225 2256 2298 Lithuaniam
2293 2226 2473 2322 Regi
2509 2225 2902 2299 Wladislao
2952 2225 3470 2300 transmittunt.

328 2411 339 2419 .
377 2343 527 2436 Ipsi
582 2344 765 2436 apud
820 2345 1059 2435 plures
1115 2344 1626 2418 ecclesiasticos
1674 2349 1743 2418 et
1782 2347 2174 2418 saeculares
2229 2345 2596 2437 Principes
2649 2346 2735 2418 de
2789 2367 3040 2438 magna
3093 2345 3472 2436 iniquitate

378 2462 765 2536 sententiae
818 2463 1050 2554 palam
1106 2463 1373 2554 questi,
1432 2464 1547 2537 die
1600 2465 1860 2552 allero,
1917 2464 2190 2538 duobus
2229 2464 2742 2554 tantummode,
2800 2465 3124 2538 Ianussio
3162 2465 3247 2539 de
3284 2467 3472 2537 Thu-

381 2583 669 2656 liskowo
700 2582 761 2672 ⁵)
836 2584 1219 2656 castellano
1276 2584 1689 2658 Calissiensi
1762 2589 1833 2658 et
1896 2584 2228 2657 Zawissio
2293 2584 2523 2676 nigre,
2588 2585 3140 2674 remanentibus,
3207 2584 3472 2678 singuli

377 2703 459 2776 de
497 2701 992 2790 Wratislavia,
1050 2703 1245 2795 Rege
1283 2703 1738 2796 Sigismundo
1786 2704 2246 2792 invaledicto,
2305 2704 2654 2778 sententia
2707 2704 2994 2795 insuper
3049 2726 3206 2794 sua,
3264 2725 3472 2796 quam

376 2823 525 2895 illis
582 2822 713 2894 sub
769 2822 1007 2914 sigillo
1064 2843 1188 2894 suo
1242 2823 1582 2896 destinari
1636 2828 2167 2914 procuraverat,
2240 2823 2641 2916 repudiata,
2707 2824 2796 2896 ad
2847 2823 3342 2897 discedendum
3398 2844 3475 2896 se

376 2946 813 3034 paraverant.
872 2942 1057 3032 Quos
1114 2941 1608 3035 sigismundus
1664 2944 2134 3016 Romanorum
2191 2945 2346 3016 Rex
2387 2965 2572 3032 sero,
2629 2963 2704 3016 se
2741 2943 3122 3035 plurimum
3161 2943 3235 3016 in
3273 2944 3470 3016 Wla-

376 3061 682 3134 dislanm
734 3061 998 3154 Regem
1052 3062 1387 3134 Poloniae
1440 3062 1855 3154 deliquisse,
1912 3065 2346 3154 perpendens
2401 3069 2474 3136 et
2510 3063 2678 3136 facti
2716 3064 2828 3136 sui
2865 3063 3272 3156 praecipitis
3308 3084 3470 3155 poe-

377 3181 769 3253 nitudinem
821 3181 1121 3268 habenS,
1185 3203 1311 3274 per
1365 3182 1676 3254 triduum
1729 3182 2055 3272 retinuit,
2120 3184 2605 3256 demonstrans
2663 3205 2737 3256 se
2813 3185 2899 3256 de
2967 3183 3242 3274 notoria
3305 3204 3475 3256 suae

377 3300 767 3374 sententiae
820 3300 1195 3392 iniquitate
1249 3301 1518 3394 ingenti
1573 3302 1886 3374 cruciatu
1924 3303 2178 3390 teneri,
2239 3306 2308 3373 et
2343 3303 2576 3394 palam
2615 3303 3038 3391 vociferans,
3080 3325 3154 3376 se
3193 3325 3316 3395 per
3353 3304 3466 3375 Ia.-

378 3420 625 3494 cobum
683 3419 1137 3510 Spoletanum
1190 3421 1593 3512 episcopum
1633 3426 1703 3494 et
1739 3421 1917 3494 alios
1953 3422 2246 3495 Italicos
2283 3423 2834 3495 circumventum
2891 3425 3034 3495 fore
3063 3423 3162 3512 6);
3219 3422 3474 3495 Iacobo

380 3539 758 3630 Spoletano
813 3539 1135 3631 episcopo
1190 3542 1586 3627 refellente,
1646 3563 1781 3613 non
1838 3563 1942 3629 se,
2000 3563 2226 3633 neque
2263 3543 2586 3630 ItalicoS‚
2645 3542 2769 3615 sed
2817 3543 3238 3630 Almannos,
3297 3563 3474 3632 quos

380 3657 875 3751 Sigismundus
930 3659 1086 3731 Rex
1141 3659 1216 3730 in
1270 3660 1642 3732 consilium
1705 3681 1937 3733 rerum
1992 3661 2397 3748 adhibebat,
2463 3665 2608 3734 tam
2663 3660 3002 3734 iniustam
3057 3665 3127 3734 et
3182 3660 3468 3751 impiam

378 3777 805 3852 sententiam
842 3777 1277 3852 conflavisse.
1335 3779 1568 3852 Vertit
1600 3780 1660 3868 ⁷)
1718 3799 1791 3852 se
1830 3780 2078 3852 deinde
2116 3780 2612 3872 sigismundus
2650 3779 3120 3853 Romanorum
3160 3785 3232 3851 et
3269 3781 3468 3852 Hun-

375 3898 615 3990 gariae
679 3895 834 3997 Rex
900 3898 986 3968 ad
1048 3898 1373 3990 Magistri
1438 3904 1508 3970 et
1562 3899 1845 3972 Ordinis
1910 3899 2418 3972 Cruciferorum
2481 3900 2987 3972 ambasiatores
3017 3899 3104 3988 Β),
3173 3900 3475 3991 illosque

378 4016 705 4108 precibus
777 4017 1130 4090 solicitare
1201 4019 1461 4109 coepit,
1538 4023 1885 4109 quatenus
1957 4019 2202 4093 liceret
2267 4020 2363 4107 ei,
2443 4020 2526 4092 de
2582 4019 2896 4110 ipsorum
2951 4039 3328 4106 consensu,
3387 4019 3474 4090 ad

374 4135 920 4208 moderationem
986 4137 1377 4210 sententiae
1439 4138 1829 4228 procedere.
1899 4139 2167 4229 Quibus
2231 4138 2848 4230 respondentibuS,
2917 4140 3194 4210 nullum
3261 4159 3335 4214 se
3389 4138 3477 4209 ad

376 4257 509 4328 hoc
562 4255 969 4327 mandatum
1024 4259 1147 4327 aut
1200 4256 1731 4330 instructionem
1770 4280 1813 4330 a
1848 4239 2188 4350 Magistro
2243 4263 2314 4330 et
2351 4257 2610 4332 Ordine
2665 4258 3091 4349 suscepisse,
3149 4259 3334 4331 velle
3369 4263 3476 4329 ta·

376 4395 537 4448 men
592 4375 681 4447 ad
734 4374 1152 4467 Magistrum
1207 4380 1277 4448 et
1330 4377 1659 4449 Ordinem
1714 4377 1993 4450 mittere
2048 4383 2117 4451 et
2167 4378 2314 4450 illis
2355 4376 2790 4470 sigismundi
2827 4377 3045 4470 Regis
3083 4398 3322 4468 preces
3359 4376 3477 4449 de-

376 4495 678 4581 clarare,
736 4494 1029 4586 urgebat
1084 4494 1578 4586 Sigismundus
1634 4497 1789 4569 Rex
1828 4497 2330 4570 ambasiatores
2359 4497 2422 4585 ⁹)
2479 4495 2858 4570 Wladislai
2898 4497 3148 4590 Regis,
3190 4500 3270 4568 ut
3305 4517 3476 4587 pau-

375 4613 601 4704 lisper
666 4612 1166 4687 Wratislaviae
1230 4615 1796 4703 immorarentur,
1864 4617 2358 4689 correctionem
2421 4617 2604 4688 male
2667 4617 3099 4690 decretorum
3163 4620 3475 4707 praesto-

376 4732 624 4805 laturi.
694 4732 1019 4804 Oratores
1074 4739 1307 4806 autem
1358 4734 1539 4826 regii
1594 4755 1670 4806 se
1726 4735 2072 4807 ludificari
2129 4741 2200 4808 et
2253 4736 2410 4808 falli
2462 4736 2634 4823 rati,
2703 4737 2901 4809 nullo
2965 4739 3167 4827 pacto
3221 4735 3308 4806 ad
3363 4755 3468 4806 re-

372 4851 798 4924 manendum
852 4857 1179 4942 poterant
1231 4853 1492 4926 induci.
1552 4853 1865 4926 Nuntius
1921 4855 2159 4946 itaque
2213 4855 2448 4948 regius
2511 4856 2829 4929 Clemens
2883 4857 2967 4928 de
3021 4855 3234 4946 Klay,
3295 4854 3466 4926 Sab-

374 4972 544 5044 bato
600 4970 677 5042 in
728 4971 843 5044 die
896 4971 1331 5062 Epiphaniae
1372 4994 1459 5046 ex
1496 4972 1963 5047 Wratislavia
2008 4974 2372 5048 discedens
2411 4981 2480 5048 et
2519 4997 2730 5049 cursu
2763 4974 2991 5048 veloci
3028 4973 3483 5046 Lithnaniam

600 5259 646 5338 ¹)
697 5261 967 5321 Gdinche
1015 5247 1168 5322 Ood.
1216 5259 1407 5323 Rozr.
1456 5260 1847 5341 (Oettingen).
1896 5261 1948 5342 2)
1992 5266 2176 5340 legati
2233 5258 2384 5325 eod.
2431 5261 2623 5326 Rozr.
2673 5262 2726 5342 ⁸)
2774 5281 3034 5340 expensa
3089 5260 3240 5326 Ood.
3293 5261 3484 5340 Rozr.

374 5361 439 5438 ⁴)
486 5365 548 5422 in
595 5365 764 5439 equis
822 5365 1058 5440 publice
1116 5367 1487 5425 commutatis
1550 5359 1702 5426 Cod.
1749 5362 1940 5428 Rozr.
2007 5363 2059 5442 ³)
2105 5367 2528 5428 Tulischkowo
2591 5361 2743 5428 Cod.
2788 5362 2981 5426 Rozr.
3045 5363 3106 5442 ⁶)
3149 5384 3281 5426 esse
3330 5361 3482 5430 Cod.

380 5463 579 5533 Rozr.
630 5465 683 5550 ⁷)
727 5466 1096 5549 vertensque
1144 5461 1297 5534 C'od.
1344 5463 1537 5532 Rozr.
1586 5466 1637 5548 ⁸)
1668 5469 1913 5544 -legatos
1962 5463 2114 5530 Cod.
2162 5465 2356 5530 Rozr.
2405 5467 2458 5550 ⁹)
2505 5470 2734 5544 legatos
2783 5464 2936 5530 Coa.
2982 5467 3175 5530 Roma
