4342 6384
425 571 557 673 (Α.
595 571 688 646 Β.
730 569 984 672 1430.)
1585 590 1812 646 unna
1861 589 2321 647 monemus·
3357 569 3513 651 423

426 780 640 853 Skala
693 786 765 854 et
817 779 1370 871 Ozerwonigrod,
1427 777 1993 866 restituerentur,
2051 777 2413 851 evomebat
2466 779 2740 870 probra.
2798 780 2993 853 More
3032 801 3309 872 quoque
3346 803 3522 872 quo-

425 900 582 972 dam
639 898 852 972 insito
917 895 1366 984 mortalibnS,
1441 895 1759 968 infirmus
1821 896 1949 968 ille
2013 897 2291 968 animus
2352 897 2561 970 rebus
2630 897 3101 973 insolescebat
3167 887 3521 991 secundis,

426 1019 547 1110 qui
610 1019 676 1091 si
739 1018 1129 1110 sapuisset,
1201 1018 1456 1090 referre
1519 1015 1758 1108 potius
1823 1017 2049 1088 vicem
2112 1015 2433 1089 beneficii
2506 1018 2871 1106 debuerat,
2946 1019 3523 1112 indicabaturque

426 1138 498 1210 in
556 1139 707 1230 ipso
775 1137 1015 1211 statim
1089 1136 1586 1210 dominationis
1649 1136 2027 1227 principio,
2097 1142 2175 1208 et
2234 1151 2327 1208 ex
2392 1132 2704 1210 moribus
2769 1138 2919 1210 suis
2991 1145 3202 1231 atque
3265 1139 3521 1229 initiis,

427 1259 776 1330 fortunam
834 1278 1064 1342 suam,
1121 1262 1714 1348 potestatemque,
1773 1255 2179 1344 insolenter,
2237 1256 2590 1348 nimieque
2644 1263 3105 1330 tractaturus:
3181 1280 3263 1331 ea
3315 1259 3512 1332 vani-

425 1377 600 1450 tatis
671 1377 992 1450 redolens
1057 1375 1560 1462 inconstantia,
1635 1381 1718 1446 ut
1779 1375 1964 1466 quod
2025 1374 2367 1470 utilitatis
2432 1394 2673 1464 causa,
2740 1377 2855 1451 vel
2927 1377 3167 1470 aliqua
3240 1379 3509 1452 salubri

425 1497 696 1570 ratione
751 1495 1120 1583 suadente,
1175 1496 1606 1582 decreverat,
1681 1493 1824 1567 levi
1889 1493 2257 1566 facilitatis
2320 1494 2617 1567 consilio
2680 1495 3032 1584 variabat,
3098 1498 3186 1569 ad
3238 1519 3515 1571 omnem

426 1637 662 1690 auram
721 1616 1043 1709 quaevis,
1099 1615 1440 1688 arundine
1477 1615 1531 1704 ¹)
1582 1614 1914 1701 celeriuS,
1974 1612 2253 1706 agitans
2284 1612 2370 1703 1ἓ).
2428 1615 2521 1686 Et
2573 1615 2789 1708 Regis
2842 1615 3188 1708 patientia
3242 1616 3521 1708 quidem

423 1736 499 1808 in
562 1735 799 1808 eodem
863 1743 1172 1826 tempore
1201 1731 1264 1823 ³)
1339 1755 1543 1806 suum
1611 1733 1934 1808 servabat
1998 1734 2469 1821 moderantem
2544 1733 2879 1806 baronum
2910 1736 2974 1825 ⁴)
3044 1741 3115 1809 et
3179 1737 3521 1810 nobilium

424 1854 763 1927 Poloniae
815 1853 1022 1926 corda
1073 1872 1364 1925 accensa
1419 1857 1616 1926 erant
1669 1851 1758 1924 ad
1811 1853 2307 1925 contumeliam
2360 1853 2871 1944 repellendam:
2942 1853 3127 1928 unde
3188 1860 3261 1928 et
3314 1873 3523 1947 saepe

423 1989 834 2065 responsum
887 1993 1104 2064 aeque
1165 1971 1748 2044 contumeliosum
1811 1970 2046 2044 verbis
2109 1970 2261 2044 suis
2322 1971 2737 2061 reddebant,
2802 1986 3187 2066 parumque
3252 1975 3517 2064 aberat,

427 2093 610 2185 qnod
671 2107 920 2165 manus
984 2091 1284 2165 invicem
1355 2113 1493 2162 non
1554 2095 2018 2164 consererent.
2098 2091 2254 2162 Iam
2317 2087 2593 2182 quoque
2664 2092 2971 2164 omnium
3036 2093 3375 2166 baronum
3444 2099 3520 2167 et

425 2211 766 2285 nobilium
822 2209 1154 2283 Poloniae
1206 2211 1426 2282 animi
1479 2211 1565 2282 ad
1601 2211 1732 2282 hoc
1783 2229 2002 2282 unum
2055 2210 2657 2302 conspiraverant,
2712 2215 2795 2283 ut
2850 2213 3112 2285 Ducem
3160 2205 3521 2306 Switrigal

427 2331 827 2406 cubiculum
889 2330 1110 2422 Regis
1173 2329 1712 2422 ingredientem,
1779 2335 1850 2404 et
1909 2349 2183 2418 omnes,
2248 2329 2370 2421 qui
2424 2330 2633 2402 illum
2696 2332 2919 2404 tutati
2972 2333 3269 2420 vellent,
3338 2333 3517 2406 occi-

426 2451 700 2538 derent,
758 2456 1065 2524 castrum
1130 2455 1406 2542 quoque
1459 2449 1734 2538 Wilno,
1803 2449 1880 2521 in
1941 2469 2080 2540 quo
2143 2449 2302 2522 Rex
2354 2449 2753 2539 habitabat,
2816 2449 3225 2524 clauderent
3277 2459 3349 2524 et
3400 2454 3517 2526 fir‘-

425 2577 728 2659 merent,
811 2569 1190 2642 Lithuanis
1259 2569 1539 2658 eiectiS,
1610 2575 1685 2641 et
1757 2569 2028 2642 tamdiu
2053 2624 2071 2657 ‚
2146 2569 2211 2642 si
2282 2569 2393 2642 vis
2464 2569 2703 2660 aliqua
2774 2571 3286 2661 superveniret,
3356 2587 3519 2645 curu

427 2690 842 2764 victualium
897 2689 1206 2762 omnium
1261 2689 1462 2782 copia
1520 2690 1856 2762 refertum
1911 2693 2128 2777 esset,
2194 2688 2377 2761 illud
2430 2689 2911 2778 defenderent,
2976 2690 3193 2764 donec
3252 2691 3517 2764 exerci-

427 2814 545 2882 tus
625 2809 959 2882 Poloniae
1039 2809 1542 2900 superveniens
1623 2808 1724 2881 eis
1791 2827 1990 2898 opem
2063 2813 2134 2880 et
2196 2807 2681 2880 liberationem
2714 2807 2775 2897 5)
2840 2807 3139 2883 afferret.
3222 2810 3377 2883 Tali
3446 2817 3524 2883 et

427 2950 608 3003 novo
663 2927 958 3002 consilio
1026 2916 1438 3017 exhilarati,
1505 2928 1968 3002 observabant
2028 2931 2343 3019 tempuS,
2408 2948 2547 3019 quo
2610 2927 2920 3021 cogitata
2968 2935 3514 3022 exequerentur3

427 3071 556 3124 nec
609 3049 982 3141 quicquam
1037 3055 1186 3121 erat
1237 3048 1526 3121 difficile
1581 3053 1704 3120 ant
1747 3047 1998 3121 durum
2054 3047 2309 3121 animis
2364 3047 2451 3120 ad
2486 3067 2802 3140 quaeque
2858 3053 3169 3122 extrema
3220 3069 3345 3141 pro
3382 3049 3518 3124 fide

429 3169 648 3262 Regis
703 3167 818 3242 sui
871 3167 1290 3259 experienda
1353 3167 1748 3240 destinatis.
1821 3166 1986 3240 Dux
2047 3188 2324 3259 quoque
2387 3165 2743 3260 Switrigal
2806 3168 3017 3242 solita
3079 3169 3521 3243 vehementia

431 3289 865 3381 exagitatus,
933 3307 1140 3379 saepe
1201 3287 1556 3361 curienses
1620 3307 1858 3361 omnes
1921 3287 2138 3378 Regis
2210 3287 2529 3379 perdere,
2614 3304 2819 3379 saepe
2880 3287 3273 3361 carceribus
3352 3307 3513 3362 con-

429 3409 672 3496 iicere,
727 3407 1288 3496 machinabatur3
1341 3407 1484 3480 iam
1547 3427 1820 3499 quoque
1875 3407 2241 3498 compedes
2286 3406 2489 3479 allati
2544 3407 2820 3480 fuerant
2873 3411 2944 3480 et
2979 3407 3297 3498 vincula,
3355 3409 3513 3501 qui-

429 3528 562 3602 bus
633 3528 954 3620 singulos
1023 3527 1327 3599 Polonos
1402 3526 1667 3600 vincire
1733 3531 1810 3600 et
1879 3525 2195 3600 obscuris
2258 3526 2533 3598 tradere
2610 3527 3005 3600 carceribus
3074 3527 3517 3602 moliebatur.

428 3645 830 3720 Iudicatum
883 3646 1172 3737 insuper
1225 3651 1374 3720 erat
1427 3646 1639 3739 Regi,
1703 3647 1966 3720 Ducem
2022 3645 2606 3738 Svritrigyellum,
2679 3646 2991 3719 noctium
3052 3665 3195 3719 una
3266 3646 3343 3719 in
3396 3658 3513 3720 cu-

433 3767 749 3840 biculum
802 3767 1272 3856 irrupturum,
1329 3771 1400 3839 et
1452 3769 1598 3838 tam
1651 3767 1913 3859 Regem
1968 3784 2177 3857 quam
2242 3787 2407 3838 suos
2462 3767 2550 3838 ad
2604 3766 3212 3859 interemptionem
3242 3766 3304 3856 ⁶)
3361 3781 3511 3840 cae*

432 3909 696 3960 surum.
753 3885 1189 3978 Quapropter
1241 3887 1663 3958 Polonorum
1719 3885 1982 3960 milites
2046 3887 2130 3960 de
2192 3885 2503 3978 periculo
2557 3886 2817 3960 avisati
2848 3887 2933 3976 ¹¹),
2988 3886 3079 3958 ad
3124 3890 3515 3960 extremum

433 4011 782 4080 certamen
833 4027 914 4080 se
965 4007 1420 4096 devoverant,
1479 4013 1548 4079 et
1585 4005 1934 4078 alacribus
1987 4004 2241 4079 animis
2294 4006 2385 4078 ad
2421 4005 2851 4079 moriendum
2905 4006 3302 4097 destinatiS,
3344 4006 3516 4080 8171-

431 4126 750 4219 trigyelli
805 4126 1294 4219 operiebantur
1347 4127 1746 4199 adventum.

649 4415 698 4498 ¹)
743 4418 954 4495 quavis
997 4415 1285 4478 arundine
1334 4407 1488 4480 Cod.
1518 4413 1710 4480 Rozr.
1759 4417 1808 4498 ²)
1854 4417 2132 4495 agitatus.
2182 4409 2335 4481 Coa.
2364 4401 2556 4482 Rozr.
2605 4411 2658 4500 ³)
2700 4425 2906 4482 tenore
2947 4413 3076 4482 Ed.
3100 4379 3283 4502 Lipe.
3332 4409 3385 4500 ⁴)
3418 4437 3521 4481 ve·

431 4539 561 4581 rum
603 4521 889 4582 baronum
935 4511 1089 4582 Cod.
1118 4515 1312 4582 Rozr.
1362 4515 1414 4600 ⁸)
1457 4521 1805 4582 solationem
1850 4515 2005 4588 0001.
2050 4513 2228 4586 Kost.
2276 4515 2330 4603 ι)
2375 4521 2819 4584 internicionem
2867 4518 3020 4606 God.
3066 4519 3260 4586 Rozr.
3309 4520 3361 4603 ⁷)
3394 4519 3520 4583 avi‘-

433 4626 582 4702 sati,
625 4625 1047 4700 certificatique
1095 4618 1246 4686 0001.
1289 4618 1483 4685 Rozr.
