4342 6384
883 603 1032 674 142
2077 627 2304 678 mann
2358 625 2812 680 unnncnms.
3436 601 3570 703 (Α.
3613 602 3706 676 D.
3745 598 3973 699 1412.)

881 806 1072 882 tione
1128 829 1287 897 sua,
1346 808 1623 882 nomine
1679 809 1791 882 sui
1845 809 2159 884 Caesaris
2200 809 2593 884 Wladislao
2630 813 2811 906 Regi
2866 814 3079 900 facta,
3137 812 3498 885 Caesarem
3554 831 3762 883 suum
3816 831 3973 883 cnm

883 928 1204 1002 omnibus
1259 929 1596 1022 potentiis
1653 929 1801 1003 suis
1858 935 2096 1003 contra
2152 930 2505 1023 quoslibet
2558 953 2723 1005 suos
2785 934 3023 1006 hostes
3089 931 3567 1025 impensurum
3625 931 3883 1004 solatia
3917 931 3971 1020 ¹)

882 1048 1293 1122 offerebant:
1351 1070 1529 1141 qnae
1581 1050 1842 1144 legatio
1897 1051 2305 1125 nationibus
2358 1053 2622 1125 exteris
2678 1057 2826 1126 erat
2872 1074 3165 1145 magnae
3206 1049 3655 1125 admirationi
3709 1055 3779 1124 et
3832 1055 3970 1122 ter-

880 1168 1046 1242 rori.
1103 1170 1444 1263 Satageus
1497 1176 1732 1244 autem
1791 1171 2227 1246 Wladislaus
2281 1171 2615 1246 Poloniae
2667 1173 2823 1246 Rex
2878 1173 3323 1267 Sigismundo
3378 1172 3851 1245 Romanorum
3906 1175 3973 1243 et

882 1289 1288 1382 Hungariae
1357 1291 1534 1384 Regi
1603 1295 1806 1384 grata
1875 1292 2158 1365 honoris
2234 1297 2305 1365 et
2373 1292 2900 1366 benevolentiae
2974 1291 3461 1366 vicissitudine
3530 1291 3970 1384 respondere,

885 1409 1192 1499 eosdem,
1251 1410 1372 1502 qui
1428 1411 1514 1482 ad
1569 1432 1644 1484 se
1699 1432 1784 1485 ex
1841 1417 2039 1504 parte
2093 1413 2590 1486 Thartarorum
2643 1412 2957 1486 Caesaris
3012 1418 3377 1502 venerant,
3435 1412 3662 1501 iubet,
3718 1415 3803 1484 ut
3853 1433 3970 1502 pa-

883 1550 1030 1602 rem
1083 1529 1506 1624 legationem
1577 1533 1763 1624 apud
1827 1533 2357 1626 sigismundum
2420 1533 2681 1626 Regem
2742 1537 3125 1606 resumant.
3207 1534 3313 1605 De
3367 1553 3501 1624 quo
3573 1531 3972 1623 praedictus

890 1648 1386 1743 Sigismundus
1435 1652 1592 1726 Rex
1649 1673 1860 1744 supra
1895 1652 2176 1726 modum
2206 1651 2269 1743 2)
2332 1654 2670 1742 laetatus,
2746 1658 2816 1727 et
2878 1653 3103 1745 ipsam
3175 1653 3249 1725 in
3312 1672 3642 1745 magnum
3712 1650 3973 1744 gloriae

888 1775 958 1843 et
1013 1793 1180 1844 suae
1235 1773 1458 1845 famae
1521 1774 1878 1846 cumulum
1939 1775 2281 1863 referenS,
2345 1774 2583 1849 hostes
2640 1795 2803 1846 suos
2857 1773 3160 1846 Venetos
3224 1771 3573 1865 legatione
3626 1771 3785 1864 ipsa
3836 1775 3970 1844 ter·

888 1890 1175 1967 ritabat.

891 2255 1159 2328 oausam
1203 2255 1538 2328 wladislai
1581 2255 1776 2346 Regis
1836 2259 1907 2328 ct
1950 2257 2409 2328 cruciferorum
2468 2260 2837 2346 emptam
2855 2313 2872 2344 ,
2932 2255 3375 2347 Sigimundu
3433 2255 3803 2345 nungariao
3843 2254 3977 2326 Rex

889 2378 961 2450 in
1004 2377 1171 2449 alios
1215 2376 1462 2464 reiicit,
1507 2379 1584 2449 ut
1627 2378 1794 2448 bollo
1837 2377 1907 2451 in
1950 2381 2210 2467 tompus
2252 2379 2511 2468 longius
2554 2381 2699 2450 arto
2740 2377 2949 2451 dilato
2966 2433 2983 2466 ,
3042 2376 3397 2449 oruciforos
3440 2393 3597 2448 auro
3644 2376 3977 2465 spoliaret.

1099 2615 1386 2690 Veritus
1441 2615 1936 2709 Sigismundus
1990 2616 2459 2690 Romanorum
2517 2620 2588 2690 et
2640 2615 3047 2709 Hungariae
3083 2615 3272 2704 Rex,
3328 2636 3417 2688 ne
3450 2613 3795 2688 Poloniae
3828 2615 3978 2687 Rex

893 2735 1332 2811 wladislaus
1387 2737 1626 2826 illum,
1684 2737 1888 2810 iuxta
1941 2737 2217 2810 foedera
2278 2757 2611 2829 percussa
2664 2741 2734 2809 et
2786 2737 3177 2812 iuramento
3232 2737 3539 2824 firmata,
3606 2733 3694 2807 de
3752 2733 3975 2806 subsi-

893 2856 1009 2929 dio
1073 2861 1316 2930 contra
1378 2857 1764 2930 cruciferos
1827 2857 2104 2930 ferendo
2168 2857 2588 2949 requireret;
2653 2857 2791 2928 iam
2857 2854 3203 2948 siquidem
3266 2854 3604 2948 Magister
3668 2858 3741 2927 et
3805 2853 3977 2926 Ordo

895 2975 1402 3048 cruciferorum
1463 2976 1658 3068 pacis
1721 2981 2098 3070 perpetuae
2162 2977 2403 3050 foedus
2468 2997 2625 3049 cum
2679 2977 3013 3049 Poloniae
3066 2977 3257 3068 Rege
3312 2975 3562 3063 ictum,
3630 2975 3978 3047 solutione

894 3096 1348 3187 pecuniarum
1399 3117 1524 3188 pro
1578 3096 1800 3190 primo
1857 3097 2152 3171 termino
2194 3098 2407 3186 facta,
2463 3118 2587 3189 pro
2625 3097 2929 3170 residuis
2972 3117 3129 3170 vero
3167 3095 3471 3184 duobus„
3530 3093 3978 3188 Sigismundo

897 3215 1089 3309 Rege
1143 3216 1547 3306 mandante,
1603 3218 1950 3310 neglecta,
2015 3217 2481 3310 praevaricati
2548 3218 2854 3307 fuerant,
2923 3221 2992 3290 et
3045 3217 3311 3290 bellum
3376 3213 3514 3288 sibi
3569 3235 3656 3288 ex
3710 3214 3978 3308 integro

897 3334 1144 3409 inferri
1195 3357 1321 3428 per
1368 3335 1702 3410 Poloniae
1755 3339 2051 3430 Regem,
2107 3338 2278 3411 licet
2330 3338 2541 3411 etiam
2579 3337 3015 3411 residuorum
3055 3337 3345 3409 duorum
3383 3335 3843 3409 terminorum
3874 3357 3979 3407 so-

896 3456 1235 3530 lutionem
1291 3457 1806 3548 implevissent,
1874 3459 1957 3530 ob
2015 3461 2245 3532 solum
2308 3458 2643 3550 temporis
2708 3458 3101 3550 neglectum
3159 3461 3230 3530 et
3283 3456 3691 3528 tarditatem
3746 3455 3979 3528 formi-

900 3577 1187 3650 dabant:
1245 3597 1327 3650 ea
1391 3582 1540 3650 arte
1602 3578 2074 3652 Wladislaum
2129 3580 2390 3672 Regem
2446 3578 3030 3663 circumvenienS‚
3090 3598 3131 3649 a
3182 3577 3371 3650 bello
3426 3575 3801 3650 Cruciferis
3838 3597 3979 3647 mo-

897 3697 1122 3770 vendo
1193 3698 1500 3771 abducit.
1574 3698 1958 3773 Persuadet
2021 3699 2366 3791 siquidem
2430 3698 2527 3786 ei,
2601 3704 2682 3770 ut
2743 3702 3114 3790 postquam
3189 3696 3509 3788 Magistri
3576 3701 3649 3768 et
3702 3694 3983 3769 Ordinis

899 3816 1402 3890 cruciferorum
1457 3817 1723 3907 nuntii,
1779 3818 1984 3910 pleno
2040 3821 2397 3908 mandato,
2438 3819 2784 3910 plenaque
2828 3817 3256 3890 authoritate
3322 3816 3643 3904 subnixi,
3713 3816 3985 3888 Budam

899 3936 1292 4026 venissent,
1349 3943 1421 4011 et
1475 3959 1710 4012 omnes
1764 3938 2194 4012 differentias
2248 3941 2589 4013 hactenus
2645 3938 3023 4011 ventilatas
3080 3957 3205 4008 suo
3260 3935 3551 4008 arbitrio
3606 3935 3983 4021 crederent,

899 4077 1040 4128 non
1093 4061 1538 4131 cunctaretur
1592 4063 1660 4132 et
1714 4059 1864 4150 ipse
1917 4058 2251 4131 Poloniae
2306 4059 2460 4132 Rex
2518 4080 2721 4130 suum
2777 4056 3115 4130 iudicium
3170 4061 3241 4128 et
3294 4055 3715 4128 decisionem
3752 4055 3985 4127 subire

903 4179 974 4248 et
1008 4178 1344 4268 potestati
1381 4198 1548 4250 snae
1587 4198 1865 4250 causam
1905 4179 2217 4266 credere,
2274 4178 2622 4271 frequenti
2660 4182 2731 4252 et
2768 4177 3194 4270 ingeminata
3228 4175 3743 4267 pollicitatione
3778 4195 3982 4266 spon·

903 4294 1106 4384 dens,
1167 4318 1240 4369 se
1279 4318 1401 4389 pro
1439 4297 1770 4370 Poloniae
1824 4297 2044 4390 Rege,
2100 4298 2299 4371 velut
2338 4319 2460 4371 sno
2500 4297 2923 4372 amicissimo
2962 4295 3475 4384 confoederato,
3534 4294 3984 4368 favorabilem

906 4417 1321 4489 sententiam
1375 4419 2013 4509 pronuntiaturum.
2079 4418 2472 4490 Wladislao
2528 4422 2760 4491 autem
2821 4416 3155 4489 Poloniae
3218 4417 3407 4507 Rege
3460 4419 3605 4487 tam
3662 4435 3987 4505 operosae

905 4535 1354 4609 affirmationi
1409 4537 1624 4629 Regis
1679 4537 2114 4630 Sigismundi
2169 4539 2376 4610 fidem
2430 4537 2661 4625 danti,
2718 4541 2788 4610 et
2840 4556 2965 4629 pro
3020 4534 3283 4608 arbitro
3328 4540 3542 4626 atque
3588 4533 3816 4606 iudice
3850 4535 3985 4608 Re-

903 4675 1059 4748 gem
1117 4655 1641 4748 Sigismundnm
1697 4657 2122 4748 acceptanti,
2180 4659 2618 4730 instauratur
2656 4658 2940 4730 solenne
2976 4655 3335 4728 iudicium.
3394 4655 3483 4726 Et
3542 4650 3989 4747 Sigismundo

905 4776 1097 4867 Rege
1151 4796 1308 4847 cum
1361 4775 1709 4849 Praelatis
1767 4781 1836 4850 et
1887 4777 2267 4850 baronibus
2320 4778 2549 4870 Regni
2602 4775 3009 4869 Hungariae
3062 4775 3137 4847 in
3186 4795 3264 4848 eo
3300 4774 3773 4866 praesidente,
3830 4795 3989 4865 pars

905 4898 1202 4986 utraque
1257 4915 1420 4968 suas
1474 4895 2014 4987 propositioneS‚
2079 4897 2602 4989 responsioneS‚
2670 4898 2824 4970 iura
2878 4900 2947 4967 et
3001 4893 3433 4967 munimenta
3486 4893 3834 4984 producit.
3902 4893 3993 4965 Et

907 5014 1229 5120 quamvis
1286 5013 1778 5107 sigismundus
1832 5018 1990 5089 Rex
2042 5022 2316 5108 poterat
2370 5021 2539 5091 tunc
2592 5017 2926 5090 creditam
2982 5014 3117 5087 sibi
3154 5036 3196 5087 a
3230 5018 3430 5106 parte
3484 5018 3785 5104 utraque
3832 5034 3989 5086 cau-

909 5154 1056 5205 sam
1113 5134 1587 5225 expedivisse,
1645 5141 1726 5206 ut
1779 5139 2011 5209 tamen
2067 5136 2529 5210 dilationibus
2582 5135 2916 5209 Poloniae
2962 5135 3225 5226 Regem
3262 5157 3303 5205 a
3336 5154 3588 5226 guerra
3626 5132 3995 5206 distineret

909 5259 980 5328 et
1034 5253 1538 5328 cruciferorum
1603 5275 2000 5328 crumenam
2061 5277 2187 5348 pro
2250 5257 2457 5330 libito
2520 5260 2953 5349 emungeret,
3020 5275 3303 5328 causam
3356 5255 3432 5326 in
3484 5251 3769 5345 longius
3824 5256 3993 5325 tem-

1111 5513 1176 5592 ,¹)
1227 5517 1448 5577 auxilia
1494 5510 1645 5578 cod.
1690 5511 1882 5577 Rozr.
1931 5511 1982 5595 ²)
2027 5513 2341 5575 admodum
2389 5509 2540 5577 Cod.
2586 5510 2778 5576 Rozr.
