4342 6384
681 518 830 598 328
1875 540 2100 601 menn
2153 500 2603 603 numenius.
3204 518 3337 627 (Α.
3376 520 3465 601 D.
3506 520 3769 627 1424.)

675 732 1029 823 pleturuS,
1097 730 1622 823 sigismundum
1687 732 1949 825 Regem
2011 732 2223 825 petit,
2292 733 2473 805 inter
2527 734 2828 807 eundum
2884 734 2971 805 ad
3024 734 3393 806 castellum
3445 734 3759 807 Priszro-

581 941 598 955 ο
675 851 860 923 viam
911 852 963 938 ¹)
1033 854 1229 942 peste
1301 854 1529 922 tactus
1603 852 1900 943 expirat.
1977 852 2147 925 Cum
2222 858 2641 945 aegrotaret,
2716 854 3219 946 interrogatus,
3298 854 3418 927 ubi
3474 854 3761 946 sepeliri

677 971 922 1057 vellet,
981 971 1201 1042 fertur
1256 969 1582 1058 iussisse,
1639 971 1959 1045 cadaveri
2015 993 2140 1044 suo
2198 974 2452 1062 pellem
2508 972 2752 1061 adimi,
2808 993 3049 1045 carnes
3103 974 3505 1046 volucribus
3542 994 3621 1045 ac
3659 974 3759 1045 fe-

675 1090 774 1162 ris
831 1090 1194 1177 obiectari,
1253 1110 1341 1161 ex
1395 1091 1580 1181 pelle
1635 1096 2041 1183 tympanum
2107 1092 2289 1180 fieri,
2358 1113 2575 1183 eoque
2627 1092 2799 1164 duce
2861 1094 3051 1166 bella
3111 1094 3291 1185 geri,
3361 1102 3758 1184 arrepturos

677 1212 909 1303 fugam
981 1212 1250 1297 hostes,
1327 1209 1840 1301 quamprimum
1913 1210 2064 1283 eius
2130 1214 2444 1303 tympani
2500 1211 2804 1283 sonitum
2836 1210 2899 1302 2)
2962 1212 3285 1285 audirent
3314 1210 3401 1302 3).
3458 1212 3757 1284 Zisehka

675 1335 980 1417 mortuo,
1037 1330 1150 1402 cui
1205 1328 1709 1402 Thaborienses
1767 1350 1962 1401 sacra
2015 1330 2390 1421 quotannis
2447 1336 2695 1422 agunt,
2755 1353 3021 1403 moeror
3076 1333 3319 1424 ingens
3373 1334 3754 1405 exercitum

677 1448 969 1536 invasit;
1025 1448 1202 1522 dnae
1239 1470 1512 1540 quoque
1553 1448 1886 1520 factiones
1942 1454 2258 1536 exortae,
2316 1450 2537 1522 altera
2598 1450 3012 1541 Procopium
3076 1472 3435 1543 magnum,
3508 1450 3755 1521 ducem

677 1548 868 1641 fecit:
929 1570 1181 1656 altera,
1240 1568 1521 1639 selectis
1551 1568 1616 1656 4)
1671 1568 1948 1658 pauci8‚
2005 1566 2189 1640 inter
2244 1589 2416 1659 quos
2452 1568 2835 1660 Procopius
2875 1569 3129 1657 minor,
3186 1570 3416 1659 potior
3467 1569 3753 1641 habitus

676 1694 814 1775 est,
873 1686 994 1778 qui
1031 1688 1379 1759 communi
1416 1686 1707 1759 consilio
1744 1687 2010 1759 bellum
2048 1686 2647 1775 administrarent,
2697 1708 2849 1760 sese
2887 1688 3247 1779 Orphanos
3284 1689 3747 1780 appellavere,

676 1808 798 1898 qui
852 1807 986 1879 etsi
1041 1806 1413 1897 aliquando
1446 1805 1507 1895 5)
1562 1805 1746 1879 inter
1810 1827 1883 1878 se
1946 1806 2434 1894 dissentirent,
2501 1807 2620 1880 ubi
2686 1812 2917 1879 tamen
2983 1807 3417 1880 extrinsecus
3482 1806 3591 1879 vis
3646 1807 3751 1877 in-

675 1927 896 2019 gruit,
956 1926 1216 1998 iunctis
1271 1926 1542 1998 viribus
1597 1948 1752 1997 cum
1806 1925 2130 1998 hostibus
2186 1925 2751 2017 congrediuntur.

677 2280 1029 2351 Koributho
1087 2296 1228 2350 oum
1287 2278 1559 2351 colluvio
1618 2276 2021 2363 Polouorun,
2081 2277 2289 2347 inscio
2348 2277 2697 2349 wladislao
2755 2277 2959 2368 Rogo,
3020 2276 3382 2349 Bononiam
3439 2278 3752 2366 ingresso,

674 2400 1067 2473 wladislaus
1111 2398 1540 2488 suspicionem
1584 2400 2004 2487 purgaturus,
2066 2397 2382 2486 promissa
2434 2397 2713 2487 quinquo
2766 2396 2970 2468 millia
3026 2398 3312 2486 equitum
3356 2396 3753 2486 sigimundo

1067 2517 1309 2590 mittit:
1356 2518 1464 2607 qui
1509 2517 1938 2589 ulonuuoian
1981 2534 2112 2587 nou
2157 2515 2542 2601 intromissi,
2587 2517 2864 2588 redeunt
2905 2517 2975 2589 iu
3018 2515 3361 2587 telonium.

881 2768 1040 2837 Dux
1111 2762 1604 2855 Sigismundus
1659 2762 2013 2835 Koribnth
2068 2764 2530 2836 Bohemorum
2584 2760 2784 2833 vanis
2827 2758 3407 2853 promissionibus
3444 2759 3749 2843 illectuS,

674 2885 897 2957 redire
951 2883 1387 2968 Bohemiam,
1445 2880 1822 2953 Wladislai
1884 2880 2219 2953 Poloniae
2282 2880 2497 2973 Regis
2554 2886 2625 2953 et
2678 2880 3237 2952 consiliariorum
3305 2883 3541 2969 spreta
3592 2898 3747 2969 pro-

673 3003 1049 3087 hibitione,
1109 3001 1180 3072 in
1235 3000 1542 3071 animum
1598 2999 1911 3087 induxit,
1971 3021 2257 3091 sperans
2314 3020 2387 3071 se
2444 2998 2816 3071 Bohemiae
2869 3001 3191 3090 Regnum
3243 2996 3436 3070 facili
3474 2996 3749 3089 negotio

675 3122 1142 3195 obtenturum.
1201 3119 1330 3192 Die
1384 3118 1621 3208 itaque
1674 3118 2158 3206 PentecosteS,
2218 3119 2509 3191 collecta
2562 3139 2929 3191 numerosa
2965 3120 3383 3191 Polonorum
3423 3116 3748 3202 colluvie,

675 3241 797 3332 qui
851 3245 973 3311 aut
1025 3260 1152 3310 sua
1205 3237 1626 3328 patrimonia
1677 3238 2160 3329 profuderant,
2227 3243 2349 3308 aut
2401 3237 2683 3310 iudiciis
2738 3237 3078 3324 damnati,
3136 3240 3258 3309 aut
3312 3256 3467 3308 aere
3522 3235 3749 3307 alieno

672 3358 948 3453 gravati
985 3363 1210 3446 erant,
1268 3356 1340 3428 in
1379 3356 1783 3429 Bohemiam
1823 3356 1922 3428 ire
1960 3355 2221 3449 pergit,
2278 3361 2348 3427 et
2392 3361 2541 3426 tum
2579 3357 2857 3427 demum
2896 3356 3445 3429 communionem
3482 3355 3747 3427 utrius-

673 3500 808 3571 que
862 3477 1150 3570 speciei,
1207 3498 1414 3568 quam
1470 3476 1648 3547 alias
1701 3475 2122 3547 haereticam
2178 3474 2531 3561 credebat,
2590 3496 2724 3565 quo
2780 3475 3059 3547 facilius
3114 3476 3199 3546 ad
3240 3474 3467 3565 Regni
3523 3474 3746 3547 Bohe-

673 3598 850 3671 miae
901 3597 1374 3690 gubernacnla
1425 3594 1886 3687 pertingeret,
1945 3602 2014 3666 et
2067 3616 2189 3685 per
2246 3614 2351 3681 se,
2413 3599 2481 3666 et
2534 3615 2656 3683 per
2710 3614 2873 3665 suos
2928 3594 3311 3685 practicare
3364 3593 3623 3684 coepit,
3682 3599 3752 3665 et

674 3719 1136 3791 Bohemorum
1202 3714 1558 3807 pestiferis
1623 3714 1856 3785 favere
1913 3712 2285 3785 erroribus,
2354 3714 2462 3783 Ex
2520 3734 2655 3803 qua
2707 3734 2781 3785 re
2838 3718 2907 3785 et
2960 3712 3288 3785 Bohemis
3342 3718 3537 3802 peste
3588 3712 3750 3783 hae-

671 3838 889 3911 retica
942 3834 1222 3909 infectis
1276 3833 1660 3925 pertinacia
1715 3837 1786 3905 et
1839 3834 2078 3919 robur,
2138 3830 2530 3903 Wladislao
2586 3853 2747 3903 vero
2798 3833 3216 3903 Polonorum
3272 3830 3455 3922 Regi
3508 3834 3575 3903 et
3624 3851 3749 3901 suo

673 3958 912 4048 Regno
969 3956 1336 4027 vehemens
1377 3952 1682 4043 suspicio
1721 3958 1792 4024 et
1829 3951 2192 4044 sugillatio
2232 3956 2374 4021 tam
2412 3950 2595 4041 apud
2636 3950 2995 4023 Summum
3044 3950 3483 4037 Pontificem,
3542 3970 3749 4039 quam

673 4075 856 4166 apud
921 4074 1295 4144 nonnullos
1359 4074 1587 4164 Reges
1653 4075 1723 4143 et
1782 4069 2141 4161 Principes
2209 4069 2587 4142 catholicos
2650 4068 2974 4157 accessit,
3043 4089 3249 4159 quam
3314 4067 3750 4141 Wladislans

673 4194 828 4265 Rex
887 4191 1366 4282 frequentibus
1439 4189 1709 4267 nuntiis
1767 4193 1836 4261 et
1889 4189 2120 4261 literis
2178 4194 2554 4261 extenuare
2609 4193 2678 4260 et
2732 4210 3027 4280 purgare
3082 4209 3218 4259 non
3275 4186 3573 4259 destitit.
3640 4186 3748 4257 Ex

672 4317 949 4405 pectore
1003 4330 1275 4401 quoque
1341 4307 1776 4400 Sigismundi
1838 4304 2305 4381 Romanorum
2363 4313 2431 4379 et
2486 4308 2886 4399 Hungariae
2950 4306 3165 4399 Regis
3228 4306 3426 4378 illam
3480 4305 3746 4397 dispul-

675 4452 880 4504 surus
911 4430 996 4519 ⁰),
1055 4426 1472 4519 promissum
1528 4427 1834 4518 quinque
1888 4426 2188 4498 millium
2246 4432 2664 4497 armatorum
2722 4427 3137 4512 exercitum,
3195 4425 3489 4497 ducente
3543 4426 3747 4497 illum

671 4552 881 4624 Petro
937 4546 1519 4641 Myedzwyeczski
1551 4546 1633 4631 ⁷),
1693 4551 1762 4617 et
1819 4546 2118 4619 Henrico
2172 4545 2257 4617 de
2311 4547 2569 4637 Rogow
2628 4545 3209 4617 vicethesaurario
3266 4543 3490 4636 Regni
3542 4544 3747 4614 Polo·

673 4670 828 4742 niae
891 4668 1001 4740 illi
1065 4666 1524 4738 adinistrante
1591 4665 2010 4752 necessaria,
2075 4686 2200 4755 pro
2266 4664 2375 4736 die
2440 4668 2509 4736 et
2572 4664 2755 4751 loco,
2823 4664 2905 4736 de
2972 4664 3228 4755 quibus
3284 4662 3468 4735 inter
3520 4662 3746 4754 Reges

671 4792 1115 4873 convenerat,
1175 4784 1617 4857 transmittit.
1675 4784 1877 4856 Facit
1931 4789 2161 4856 autem
2219 4782 2567 4855 exercitus
2624 4782 2774 4873 ipse
2827 4784 3204 4855 transitum
3257 4802 3382 4874 per
3420 4781 3743 4871 Oswyan·

672 4906 844 4979 czim
877 4905 972 4993 8),
1030 4903 1402 4991 Rat-hibor,
1460 4902 1876 4994 Oppaviam,
1935 4902 2344 4975 Carnoviam
2374 4903 2437 4991 9)
2497 4907 2567 4973 et
2614 4902 2991 4973 Moraviam
3049 4902 3440 4994 ingressuS,
3499 4920 3744 4973 versus

890 5192 932 5272 ¹)
979 5194 1338 5253 Prissoviam
1387 5189 1538 5255 Cod.
1584 5190 1774 5255 Rozr.
1824 5192 2297 5271 (Pribislawam).
2348 5186 2399 5272 ²)
2448 5209 2655 5251 sonum
2688 5146 2839 5251 Coa.
2871 5187 3063 5251 Rozr.
3112 5188 3165 5267 ³)
3211 5190 3514 5265 audirent,
3560 5192 3746 5247 astru-

674 5316 798 5357 ens.
848 5291 997 5356 Cod.
1045 5292 1236 5357 Rozr.
1299 5292 1355 5375 ⁴)
1400 5297 1668 5356 scelestis
1713 5292 1836 5355 Ed.
1887 5292 2063 5376 Lips.
2129 5294 2182 5371 ⁵)
2240 5296 2594 5369 quandoque
2652 5290 2777 5353 Ed.
2840 5289 3020 5373 Lips.
3086 5288 3138 5369 ⁸)
3188 5292 3539 5366 depulsurus
3595 5283 3749 5350 Ood.

671 5395 861 5461 Rozr.
913 5395 962 5479 ⁷)
1009 5398 1470 5475 Myedzwiedzki
1516 5395 1642 5458 Ed.
1688 5394 1868 5478 Lips.
1918 5394 1968 5473 ⁸)
2015 5395 2413 5473 Oscwyaczim
2472 5390 2622 5457 eod.
2656 5391 2846 5455 Rozr.
2895 5392 2949 5473 ⁹)
2979 5394 3337 5453 Tarnaviam
3372 5386 3522 5453 Cod.
3553 5387 3749 5451 Rozr.

4155 1364 4269 1463 ‘ui

4226 5574 4269 5805 Ὦ...-
