4342 6384
847 565 996 638 254
2039 585 2268 640 numu
2318 585 2779 640 minuemus.
3381 561 3513 663 (Α.
3555 561 3649 637 D.
3692 560 3948 660 1420.)

842 770 1243 863 praesentia
1293 769 1738 863 pontificum,
1797 768 2205 861 Principum
2259 774 2331 844 et
2364 770 2702 844 baronum
2757 769 3213 843 multitudine
3248 770 3581 856 referunt,
3642 769 3951 862 singulis

845 889 1169 964 certatim
1222 888 1436 984 regiis
1501 888 1929 969 consiliariis
1985 895 2128 962 tam
2182 890 2597 982 prudentem
2652 896 2721 964 et
2774 895 3117 963 maturam
3170 889 3591 982 legationem
3644 889 3945 981 proban·

847 1008 1042 1083 tibus
1097 1013 1168 1082 et
1206 1007 1552 1102 singulari
1605 1008 2054 1084 efferentibus
2091 1009 2369 1083 affectu.
2429 1009 2763 1101 Quamvis
2799 1015 3033 1082 autem
3087 1008 3395 1081 omnium
3432 1010 3949 1096 Praelatorum‚

846 1128 1254 1222 Principum
1323 1132 1395 1200 et
1456 1127 1794 1202 baronum
1859 1129 2197 1204 Poloniae
2272 1129 2639 1204 uniformis
2703 1130 2881 1202 foret
2953 1127 3365 1201 deliberatio
3438 1132 3511 1201 et
3581 1130 3943 1216 voluntas,

847 1246 1236 1323 sententiae
1289 1269 1332 1322 a
1386 1247 1838 1341 Sigismundo
1895 1249 2365 1324 Romanorum
2402 1250 2595 1342 Rege
2629 1250 2815 1321 latae
2853 1249 2908 1336 ι)
2963 1248 3160 1320 nullo
3196 1251 3401 1338 pacto
3442 1246 3769 1319 standum
3826 1253 3953 1320 aut

845 1367 1228 1460 parendum
1286 1368 1461 1441 fore:
1536 1368 1868 1459 prudenti
1931 1373 2166 1444 tamen
2230 1374 2301 1442 et
2354 1368 2627 1462 digesto
2692 1366 2987 1442 consilio
3056 1366 3403 1440 sancitum
3468 1373 3609 1456 est,
3674 1371 3761 1439 ut
3822 1387 3951 1459 pro

849 1509 928 1562 eo
983 1487 1172 1580 ipso,
1228 1487 1415 1580 quod
1449 1485 1891 1565 wladislaus
1945 1489 2279 1565 Poloniae
2318 1489 2473 1561 Rex
2527 1486 2603 1560 iu
2640 1491 2879 1560 tenore
2933 1484 3414 1577 compromissi
3452 1485 3951 1578 pollicebatur,

848 1629 990 1680 non
1027 1627 1102 1681 se
1140 1606 1531 1680 sententiae
1567 1606 1892 1684 ferendae
1928 1607 2437 1696 contravenire,
2478 1611 2601 1680 aut
2638 1606 2724 1679 ab
2762 1627 2845 1679 ea
2880 1605 2969 1678 ad
3002 1605 3170 1678 boni
3206 1605 3342 1678 viri
3378 1605 3748 1680 arbitrium
3788 1627 3950 1698 pro-

847 1745 1128 1814 vocare,
1185 1725 1696 1800 demonstraret
1759 1747 1834 1800 se
1887 1728 2044 1806 Rex
2107 1726 2342 1801 verbis
2408 1725 2557 1800 illis
2588 1725 2653 1814 ²)
2719 1725 3111 1818 pariturum
3129 1780 3147 1814 ,
3204 1729 3550 1817 quatenus
3602 1724 3953 1818 temporis

847 1844 1072 1920 medio
1125 1849 1366 1938 posset
1429 1844 1701 1938 aliquid
1763 1867 2144 1942 emergere,
2220 1867 2355 1938 quo
2420 1844 2758 1919 cruciferi
2820 1845 2905 1918 de
2969 1844 3169 1917 illius
3240 1844 3815 1919 contraventione
3880 1849 3955 1918 et

846 1964 1230 2040 violatione
1281 1965 1558 2057 possint
1611 1965 2133 2058 quomodolibet
2188 1970 2311 2038 aut
2345 1965 2595 2040 'notari
2648 1971 2773 2038 aut
2824 1964 3181 2052 convinci3
3238 1968 3581 2056 quatenus
3636 1986 3728 2038 ex
3787 1965 3951 2037 illo·

847 2108 1035 2176 rum,
1101 2085 1177 2158 in
1242 2107 1536 2177 quorum
1609 2086 1914 2162 favorem
1977 2086 2128 2162 lata
2189 2090 2329 2174 est,
2402 2085 2737 2177 primaria
2810 2082 3368 2178 transgressione
3436 2089 3649 2178 atque
3712 2085 3950 2176 culpa,

849 2207 1004 2280 Rex
1067 2203 1144 2277 in
1207 2225 1336 2278 sua
1405 2203 1687 2278 iustitia
1747 2205 2152 2286 redderetur
2216 2203 2501 2294 clarior,
2578 2209 2649 2278 et
2704 2204 3059 2278 fortiorem
3127 2203 3417 2276 haberet
3486 2203 3951 2292 occasionem,

847 2345 928 2398 ac
980 2322 1345 2398 iustiorem
1409 2344 1724 2414 causam,
1799 2324 2012 2400 armis
2077 2330 2150 2398 et
2210 2344 2465 2417 guerra
2492 2323 2554 2414 ³)
2618 2324 2783 2397 illos
2845 2321 3259 2415 impetendi,
3334 2322 3397 2395 si
3458 2322 3731 2415 priores
3808 2323 3953 2416 ipsi

848 2441 1436 2517 contravenirent.

845 2803 1104 2878 lohe-l
1147 2805 1554 2896 Sigimude
1598 2804 2021 2892 Romanorum
2066 2807 2137 2875 ot
2181 2805 2542 2894 nugaria·
2586 2804 2745 2894 ungi
2789 2804 3112 2877 resistunt
3172 2806 3242 2877 ot
3285 2807 3661 2895 suceptu-
3706 2805 3953 2897 lege·

1543 2921 1548 2924 ’
1987 2925 2127 2996 roro
2169 2941 2357 2996 suu
2400 2926 2809 2998 armantur.

1056 3159 1518 3256 sigismundo·
1560 3161 2031 3238 Romanorum
2087 3166 2159 3235 et
2194 3161 2601 3255 Hungariae
2638 3161 2827 3254 Rege
2881 3163 3067 3255 apud
3106 3161 3637 3238 Wratislaviam
3694 3162 3949 3238 immo-

845 3285 1077 3371 rante,
1133 3278 1474 3372 primores
1528 3280 1760 3374 Regni
1796 3281 2172 3358 Bohemiae
2226 3286 2297 3355 et
2332 3282 2657 3370 barones,
2715 3281 3045 3356 videlicet
3099 3283 3367 3356 Ozenko
3421 3284 3504 3356 de
3541 3282 3953 3357 Warthem-

843 3403 1044 3497 berg,
1103 3401 1392 3475 Ulricus
1447 3402 1532 3474 de
1570 3401 2030 3495 Rozemberg‚
2090 3402 2361 3475 Halsch
2397 3401 2481 3475 de
2520 3402 2935 3496 Sternbarg‚
2992 3403 3229 3475 Hinko
3266 3402 3653 3491 Kruszina‚
3704 3403 3957 3477 Hinko

842 3523 932 3595 de
983 3521 1448 3598 Waldensten
1477 3523 1577 3612 ⁴),
1642 3522 1992 3598 Iohannes
2057 3523 2541 3615 Opoczensky‚
2608 3523 2875 3596 Caenko
2940 3524 3025 3596 de
3079 3523 3445 3615 Wesselye
3478 3522 3574 3612 5),
3650 3523 3955 3598 Ulricus

844 3642 1136 3716 Wawak
1201 3643 1286 3716 de
1339 3641 1544 3715 Nova
1596 3643 1827 3730 domo,
1893 3642 2244 3716 Henricns
2308 3643 2538 3718 Berka
2566 3643 2631 3732 θ)
2692 3641 2779 3714 de
2841 3643 3075 3731 Buba,
3151 3643 3319 3716 item
3382 3644 3707 3717 consules
3774 3645 3955 3719 Pra-

842 3783 1126 3857 genses,
1183 3761 1270 3835 ad
1325 3783 1482 3835 enm
1537 3761 1756 3836 totius
1813 3761 2039 3853 Regni
2095 3761 2471 3835 Bohemiae
2506 3761 2785 3835 nomine
2840 3768 2910 3834 et
2946 3763 3097 3836 vice
3142 3763 3460 3835 veniunt.
3518 3763 3611 3835 Et
3663 3763 3955 3853 privato

841 3886 1150 3956 tractatu
1203 3881 1622 3973 praemisso,
1677 3881 1753 3957 in
1807 3880 2168 3954 audientia
2218 3881 2505 3972 publica
2570 3881 2804 3974 ipsum
2871 3881 2944 3953 in
3011 3881 3385 3954 Dominum
3458 3887 3531 3952 et
3582 3883 3853 3973 Regem
3890 3885 3955 3972 ⁷)

847 4001 1275 4094 suscipiunt,
1329 4000 1767 4096 genibusque
1821 4000 2042 4072 flexis-
2088 3999 2203 4074 illi
2233 4000 2301 4090 8)
2366 4000 2799 4092 supplicant:
2878 4006 3221 4092 quatenus
3286 4001 3363 4073 in
3422 4001 3749 4093 Regnum
3805 4003 3955 4074 Bo-

844 4121 1114 4194 hemiae
1168 4121 1408 4194 venire
1443 4119 1909 4211 personaliter
1943 4119 2275 4213 dignetur
2302 4121 2390 4210 ⁰),
2448 4124 2519 4193 et
2555 4119 2736 4193 illud
2774 4121 2973 4192 velut
3011 4121 3101 4208 ¹⁰)
3137 4120 3381 4192 haeres
3428 4120 3679 4193 unicus
3718 4123 3953 4195 susci-

845 4238 998 4330 piat
1051 4243 1122 4312 et
1173 4240 1538 4333 gubernet.
1615 4238 2111 4332 sigismundus
2165 4245 2397 4313 antem
2464 4242 2934 4312 Romanorum
2990 4241 3176 4327 Rex,
3244 4241 3590 4312 Bohemos
3656 4240 3731 4312 in
3790 4262 3953 4314 eam

845 4357 1029 4432 diem
1083 4358 1221 4432 sibi
1273 4358 1572 4436 rebelles
1635 4358 1942 4449 amplius
1994 4358 2530 4447 humiliaturus,
2588 4359 2992 4450 respondet:
3050 4379 3185 4430 non
3254 4379 3329 4431 se
3382 4359 3591 4432 aliter
3642 4361 3955 4453 Pragam

847 4483 917 4551 et
955 4479 1044 4568 ¹¹)
1100 4476 1508 4552 Bohemiam
1570 4482 1978 4566 venturum,
2047 4482 2118 4552 et
2182 4478 2410 4571 Regni
2456 4477 2833 4552 Bohemiae
2888 4481 3335 4570 accepturum
3397 4478 3743 4570 regimen,
3802 4481 3959 4554 nisi

845 4619 1041 4671 muro
1097 4597 1410 4671 civitatis
1465 4596 1844 4689 Pragensis
1899 4597 1972 4669 in
2009 4597 2247 4690 aliquo
2301 4599 2485 4686 loco,
2542 4601 2889 4688 qnatenus
2944 4595 3097 4688 ipse
3170 4617 3327 4668 cum
3378 4603 3585 4689 gente
3631 4619 3761 4671 sua
3805 4621 3959 4674 non

843 4737 968 4808 per
1019 4722 1376 4808 portarum
1441 4717 1563 4794 sed
1625 4715 1986 4789 ruinarum
2049 4717 2205 4789 loca
2278 4717 2475 4790 velut
2538 4716 3009 4808 triumphator
3080 4716 3592 4808 ingrederetur,
3658 4717 3955 4792 ruinato

846 4840 917 4907 et
969 4834 1324 4928 disrupt03
1381 4835 1704 4929 quodque
1759 4837 2169 4908 consulatus
2216 4835 2591 4928 Pragensis
2645 4836 2877 4908 omnia
2928 4833 3245 4909 civitatis
3300 4857 3491 4908 arma
3544 4835 3955 4912 cuiuscum-

1057 5139 1107 5220 ¹)
1149 5141 1308 5202 latae
1351 5137 1521 5204 deest
1563 5140 1638 5203 in
1685 5135 1835 5203 God.
1887 5137 2064 5205 Calv.
2115 5140 2301 5224 ς1),ἰίΙί
2346 5141 2543 5202 verbis
2588 5139 2717 5204 Ed.
2750 5139 2933 5224 Lips.
2984 5139 3039 5222 ³)
3086 5143 3241 5204 bello
3296 5139 3447 5207 God.
3476 5121 3670 5205 Rozr.
3723 5139 3777 5224 ⁴)
3808 5145 3960 5208 Val-

848 5242 1172 5304 denschten
1219 5239 1370 5307 God.
1424 5240 1616 5308 Rozr.
1688 5241 1740 5324 ⁶)
1787 5244 2058 5306 Veszelie
2106 5240 2259 5307 Cod.
2314 5243 2511 5307 Rozr.
2579 5241 2633 5322 ⁸)
2682 5243 2865 5305 Gerla
2936 5242 3088 5307 Geel.
3140 5239 3318 5306 Calo.
3390 5243 3443 5322 ⁷)
3488 5245 3712 5322 Regem
3774 5265 3959 5310 suum

851 5341 1503 5512 Ῡοᾶ.1ἓ)ἷ.ἒοὲἷεί
1546 5343 1672 5409 Ed.
1721 5343 1902 5430 Lips.
1950 5345 2008 5427 ¹')
2053 5349 2329 5424 dignetur
2372 5343 2542 5410 deest
2570 5346 2644 5410 in
2684 5344 2835 5409 Ood‘.
2872 5342 3047 5410 Calc.
3106 5343 3186 5430 ¹⁰)
3232 5353 3513 5424 tanquam
3560 5342 3715 5410 cod.
3748 5345 3959 5414 Rozr.

880 5445 908 5529 )
965 5466 1028 5509 in
1126 5468 1163 5510 o
1211 5492 1228 5510 .
1451 5493 1468 5510 .
