4342 6384
837 517 988 588 190
2025 537 2251 590 mssa
2270 547 2287 564 ·
2306 537 2762 590 unnscnws.
3393 515 3528 616 (Α.
3568 515 3657 588 D.
3698 513 3923 614 1415.)

831 724 942 795 Ex
997 722 1378 816 Wyelunia
1415 743 1576 796 vero
1617 721 1692 794 in
1739 727 2046 796 castrum
2103 721 2587 814 Wylkomaria
2628 723 2681 810 Ι)
2734 743 2949 814 supra
3001 723 3258 796 fiumen
3314 723 3635 815 Szwyata
3686 723 3925 812 situm,

832 848 902 916 et
955 848 1116 935 post
1172 842 1243 916 in
1298 842 1642 935 Dubingi,
1709 843 1832 916 ubi
1899 843 2305 916 Alexander
2359 843 2800 916 Withawdus
2866 837 3143 915 noviter
3194 863 3421 916 arcem
3476 865 3729 916 novam
3785 865 3923 936 ere-

834 967 1066 1051 xerat,
1122 962 1486 1054 processit.
1543 963 1654 1034 Ex
1707 961 2017 1055 Dubingi
2072 961 2146 1034 111
2184 961 2252 1034 N
2254 962 2779 1054 yemyanczani,
2838 960 3197 1054 Byezdani'
3223 961 3309 1051 2),
3366 962 3711 1036 Kostheri
3740 959 3802 1053 ²)
3858 962 3925 1035 in

835 1083 1286 1156 venationum
1341 1083 1496 1156 loca
1549 1082 1940 1169 divertens,
1996 1102 2122 1172 pro
2163 1081 2342 1154 festo
2383 1081 2833 1154 Visitationis
2888 1081 3185 1156 Sanctae
3238 1081 3501 1156 Mariae
3530 1083 3593 1171 ⁴)
3648 1081 3927 1156 Vilnam

835 1203 1055 1277 venit.
1111 1203 1199 1276 In
1254 1225 1392 1295 qua
1445 1202 1691 1275 diebus
1747 1205 2012 1293 septem
2067 1201 2370 1290 exactis,
2444 1201 2519 1274 in
2572 1201 2905 1274 Poloniae
2958 1202 3279 1294 Regnum
3342 1222 3471 1293 per
3522 1201 3927 1289 Rudomini,

837 1323 1118 1412 Lidam,
1174 1323 1682 1416 Nowogrodek,
1740 1320 2071 1410 Ozirzini,
2128 1321 2471 1408 Kleczk03
2530 1343 2573 1393 a
2624 1321 2934 1394 Kleczko
2966 1320 3030 1411 5)
3084 1342 3249 1395 vero
3315 1321 3529 1393 fluvio
3587 1322 3844 1395 Slucza
3869 1323 3927 1410 θ)

837 1465 1061 1536 usque
1113 1444 1202 1516 ad
1257 1442 1550 1515 fluvium
1605 1441 1982 1533 Przipyecz
2027 1461 2151 1533 per
2188 1441 2496 1530 Grodek,
2556 1443 2907 1529 Luczsk0‚
2966 1441 3329 1534 Sadowye,
3384 1441 3925 1529 Wladimiriam,

838 1564 1260 1656 Lubomlya,
1316 1564 1589 1650 Chelm,
1647 1561 2199 1648 Krasznisthaw,
2252 1562 2669 1653 Zukowyecz
2707 1563 3120 1653 procedens,
3162 1562 3665 1635 revertebatur.
3722 1564 3927 1636 Festo

841 1688 1074 1757 autem
1129 1681 1553 1756 Nativitatis
1609 1683 1907 1754 Sanctae
1961 1681 2226 1754 Mariae
2258 1681 2317 1770 ⁷)
2372 1682 2556 1774 apud
2614 1681 3123 1755 Sandomiriam
3178 1681 3561 1770 celebrato,
3635 1703 3763 1774 per
3813 1681 3926 1753 Vi-

843 1803 1152 1892 sliciam,
1209 1803 1331 1876 ubi
1386 1804 1474 1875 ab
1529 1803 1736 1874 Anna
1783 1800 2055 1894 Regina
2109 1805 2449 1894 exceptus
2504 1806 2644 1891 est,
2708 1801 3057 1894 itemsper
3109 1803 3381 1874 Novam
3446 1801 3813 1876 civitatem
3864 1802 3929 1874 in

843 1923 1238 1998 Przischow
1291 1923 1518 2009 venit3
1574 1943 1661 1994 ex
1717 1921 2111 1995 Przischow
2152 1921 2224 1994 in
2265 1927 2519 1995 terram
2566 1921 3069 1994 Lublinensem
3126 1927 3197 1995 et
3250 1922 3671 1997 Dobrestani
3698 1921 3765 2012 8)
3822 1924 3929 1995 (16-

845 2043 1146 2130 scendit3
1202 2042 1452 2115 abinde
1510 2063 1670 2115 vero
1726 2040 2153 2116 stationibus
2194 2040 2427 2114 solitis
2466 2040 2795 2115 Russiam
2834 2041 3141 2115 transiit.
3182 2043 3375 2135 Rege
3410 2049 3647 2116 autem
3687 2049 3930 2136 agente

844 2164 918 2238 in
975 2161 1424 2252 Debrestani,
1481 2161 1853 2234 Ianussius
1908 2163 1992 2234 de
2047 2161 2493 2236 Thuliskowo
2542 2161 2972 2234 castellanus
3010 2161 3458 2235 Calissiensis
3497 2184 3587 2235 ex
3626 2163 3933 2236 Concilio

846 2282 1369 2357 Constantiensi
1423 2281 1648 2369 venit,
1707 2286 1778 2354 et
1832 2280 2010 2374 Regi
2067 2280 2403 2374 singulis,
2462 2303 2639 2373 quae
2674 2281 2860 2372 apud
2898 2280 3378 2354 Constantiam
3412 2304 3539 2374 per
3574 2305 3743 2356 sues
3794 2284 3927 2356 col-

843 2405 1040 2496 legas
1095 2407 1166 2478 et
1217 2401 1449 2496 ipsum
1505 2407 1662 2476 acta
1716 2408 1914 2490 sunt,
1973 2423 2060 2475 ex
2115 2401 2357 2474 ordine
2411 2401 2687 2489 relatis,
2738 2423 2778 2473 a
2817 2401 3007 2493 Rege
3042 2402 3379 2492 primum,
3420 2402 3673 2478 deinde
3708 2426 3755 2474 a
3788 2403 3937 2476 wi-

845 2522 1118 2596 thawdo
1173 2523 1609 2611 Alexandro,
1668 2522 1790 2614 qui
1843 2520 2299 2594 Lithuaniam
2338 2543 2427 2594 ex
2464 2522 2890 2596 Dobrestani
2920 2521 3371 2613 procedebat,
3425 2523 3523 2596 de
3568 2521 3931 2596 servandis

844 2642 1028 2715 inter
1079 2643 1341 2735 Regem
1397 2641 1870 2715 Wladislaum
1923 2645 1994 2714 et
2051 2642 2535 2714 Alexandrum
2586 2640 3061 2714 Withawdum
3098 2642 3187 2715 ab
3222 2665 3393 2731 una,
3434 2647 3504 2716 et
3542 2641 3937 2735 Sigismun·

844 2763 1010 2835 dum
1062 2763 1536 2836 Romanorum
1590 2765 1662 2835 et
1715 2760 2120 2853 Huugariae
2176 2762 2470 2854 Regem,
2527 2761 2791 2833 dudum
2836 2761 3171 2834 confectis
3211 2761 3637 2850 foederibus,
3696 2783 3933 2854 corpo-

843 2882 991 2953 rale
1043 2880 1530 2954 iusiurandum
1585 2881 1852 2974 exegit:
1911 2886 1980 2954 et
2017 2880 2091 2952 in
2130 2879 2610 2954 Constantiam
2663 2902 3021 2971 reversus,
3080 2879 3530 2973 Sigismundo
3568 2883 3766 2975 Rege
3802 2883 3935 2954 Ro·

849 3021 1210 3072 manorum
1240 3002 1303 3091 ⁹)
1361 3001 1446 3074 de
1482 2999 2078 3074 consummatione
2124 3001 2475 3076 foederum
2522 3000 2935 3089 certificate,
3003 3005 3075 3074 et
3120 3001 3416 3074 foederis
3492 3000 3739 3074 literas
3812 3001 3941 3074 sibi

849 3119 1066 3212 Regis
1105 3124 1175 3192 et
1210 3119 1427 3194 Ducis
1481 3120 1760 3193 nomine
1797 3120 2090 3193 tradidit
2130 3123 2244 3211 ¹⁰),
2286 3125 2356 3194 et
2393 3142 2557 3194 suas
2593 3122 3011 3209 reversaleS,
3051 3120 3441 3193 iuramento
3478 3120 3631 3212 pari
3671 3126 3937 3208 exacto,

849 3239 1140 3332 accepit.
1199 3239 1460 3313 Russia
1510 3244 1910 3333 peragrata,
1975 3239 2415 3314 Wladislaus
2480 3239 2635 3313 Rex
2700 3262 2826 3330 pro
2882 3241 3059 3312 festo
3116 3240 3357 3313 Sancti
3412 3238 3705 3313 Martini
3759 3241 3939 3332 Nye-

847 3359 1260 3450 polemicze,
1334 3365 1405 3432 et
1457 3360 1710 3434 abinde
1780 3360 2037 3433 iterum
2110 3359 2563 3432 Lithuaniam
2619 3357 2924 3451 repetiit.
2985 3359 3451 3432 venationum
3508 3381 3789 3452 quoque
3826 3382 3941 3432 vo-

845 3481 1120 3571 luptate
1173 3479 1247 3551 in
1303 3479 1370 3550 N
1375 3480 1696 3553 ovembre
1733 3485 1803 3553 et
1842 3480 2219 3553 Decembre
2282 3479 2722 3570 perfunctuS,
2790 3480 3047 3551 festum
3098 3478 3377 3552 Natalis
3432 3479 3696 3551 Christi
3753 3479 3934 3571 apud

849 3596 1090 3670 Wilno
1146 3598 1313 3692 egit.

1335 3952 1478 4024 Tria
1519 3952 1916 4024 monasteria
1961 3951 2283 4042 virginum
2325 3951 2394 4023 in
2439 3969 2635 4023 111111111
2680 3951 2763 4023 ad
2808 3951 3021 4022 Busko
3063 3949 3465 4040 rediguntur.

1064 4199 1242 4270 Dum
1297 4203 1530 4271 autem
1587 4199 2024 4272 Wladislaus
2079 4199 2415 4272 Poloniae
2470 4200 2625 4272 Rex
2680 4219 2761 4270 eo
2814 4219 2995 4270 anno
3052 4198 3239 4289 apud
3278 4197 3647 4270 Visliciam
3684 4219 3811 4291 pro
3848 4201 3939 4271 fe·

859 4321 968 4389 sto
1006 4317 1534 4409 Assumptionis
1573 4319 1870 4392 Sanctae
1908 4320 2166 4392 Mariae
2205 4319 2294 4408 ¹¹)
2352 4324 2619 4412 ageret,
2662 4319 2801 4390 tria
2836 4317 3259 4391 monasteria
3302 4317 3940 4391 sanctimonialium

859 4435 1125 4508 ordinis
1179 4437 1932 4527 PrasmonstratensiS,
1990 4461 2167 4530 quae
2223 4439 2297 4512 in
2351 4439 2547 4512 tenui
2603 4459 2885 4512 numero
2942 4437 3015 4508 in
3070 4437 3619 4526 Imramowicze,
3678 4437 3753 4510 in
3810 4439 3946 4509 Bu-

859 4557 1016 4643 sko,
1073 4556 1148 4628 in
1203 4557 1762 4631 Krzizanowicze
1815 4560 2266 4631 morabantur
2320 4559 2583 4650 absque
2636 4558 2987 4644 clausula,
3046 4558 3133 4630 de
3180 4556 3469 4630 licentia
3519 4557 3725 4630 Sedis
3766 4558 3945 4648 Apo-

859 4675 1150 4748 stolicae
1213 4681 1283 4750 et
1345 4676 1653 4768 Capituli
1716 4678 2064 4770 generalis
2129 4678 2881 4766 Praemonstratensis,
2953 4697 3077 4768 per
3140 4677 3513 4749 Albertum
3576 4677 3950 4750 Iastrzam-

857 4794 1064 4885 byecz
1120 4796 1519 4887 episcopum
1573 4797 2126 4884 cracoviensem,
2200 4805 2269 4871 et
2324 4799 2815 4870 Brzeszensem
2871 4801 2941 4868 et
2996 4795 3555 4869 Withoviensem
3642 4797 3951 4882 abbateS,

1077 5102 1124 5180 ι)
1170 5103 1520 5164 Vilkomiria
1567 5097 1716 5166 Cod.
1765 5099 1955 5164 Rozr.
2019 5101 2074 5178 1ῑ)
2117 5103 2396 5163 Biezdam
2446 5099 2597 5165 Cod.
2646 5099 2837 5165 Rozr.
2900 5100 2952 5182 ³)
2996 5103 3245 5178 Kostyri
3303 5096 3454 5165 Cod.
3506 5099 3684 5163 Kost.
3737 5099 3791 5182 ⁴)
3839 5104 3955 5162 Ma·

861 5204 986 5263 riae
1030 5204 1292 5280 Virginis
1341 5201 1490 5267 Cod.
1536 5203 1729 5266 Rozr.
1779 5203 1831 5278 ⁶)
1881 5205 2099 5266 Closko
2148 5201 2300 5267 Cod.
2334 5203 2511 5267 Kost.
2543 5206 2811 5266 Kloczko
2842 5202 2968 5266 Ed.
3002 5202 3183 5287 Lips.
3232 5202 3285 5280 ⁶)
3321 5204 3541 5264 Slucha
3574 5198 3729 5266 Ood.
3760 5202 3952 5266 Roma

869 5303 921 5377 ⁷)
965 5307 1188 5366 Mariae
1229 5306 1494 5383 Virginis
1541 5302 1692 5369 cod.
1737 5305 1929 5368 Rozr.
1995 5306 2050 5385 ⁸)
2094 5309 2455 5369 Dobrostani
2504 5302 2655 5370 Cod.
2702 5305 2894 5368 Rozr.
2959 5306 3013 5386 ⁹)
3069 5309 3465 5368 Romanorum
3518 5311 3579 5366 et
3621 5306 3959 5384 Hnngariac

872 5402 1022 5471 Cod.
1071 5406 1260 5471 Rozr.
1317 5407 1394 5486 ¹⁰)
1440 5411 1688 5472 traditas
1732 5407 1857 5472 Ed.
1909 5407 2088 5491 Lips.
2143 5409 2162 5445 ¹
2177 5407 2226 5494 ¹)
2274 5413 2495 5472 Mariae
2541 5411 2805 5488 Virginis
2854 5406 3005 5472 Cod.
3052 5407 3245 5472 Rozr.
3278 5453 3291 5462 .
