4342 6384
429 533 567 636 (Α.
603 532 695 611 D.
739 531 992 636 1420.)
1599 557 1824 612 unna
1874 552 2332 610 unnncmns.
3176 617 3179 620 ⁴
3371 529 3521 608 389

434 742 898 832 „creationem
953 762 1034 815 ac
1069 739 1586 816 coronationem
1631 739 1850 832 Regis
1906 738 2305 813 inconsulte
2340 739 2702 830 procedes,
2757 741 3043 830 propter
3078 734 3521 813 manifestam

437 861 840 951 „inim-im,
899 883 1107 953 quam
1163 860 1302 935 sibi
1354 861 1508 934 fieri
1561 861 1920 952 praefatus
1957 859 2114 934 Rex
2169 863 2240 932 et
2288 859 2607 952 Regnum
2644 856 2979 932 Poloniae
3030 857 3520 950 praetendunt,

439 982 828 1070 „bellorum
883 980 1227 1074 pericula,
1285 980 1659 1054 vastitates
1713 985 2091 1068 terrarum,
2161 985 2433 1072 strages
2486 979 2803 1052 fidelium
2870 983 2941 1051 et
2995 978 3327 1052 scandala
3378 997 3521 1050 ma-

439 1100 702 1192 „xima,
757 1106 838 1175 ut
895 1107 1251 1187 asserunt,
1310 1103 1790 1192 sequerentur,
1850 1121 2027 1191 quae
2081 1099 2309 1172 modis
2363 1097 2685 1174 omnibus
2742 1097 3071 1172 evitanda
3108 1102 3297 1172 sunt.
3351 1098 3521 1170 Pro·

437 1226 722 1313 „pterea
775 1221 1174 1316 cupientes,
1231 1226 1314 1294 ut
1367 1224 1705 1308 tenemur,
1765 1224 2034 1292 tantam
2071 1224 2371 1312 pestem,
2430 1223 2845 1311 tantumque
2880 1218 3269 1310 periculum
3326 1237 3521 1290 aver-

440 1346 632 1432 „tere
683 1363 724 1412 a
758 1342 1019 1433 populo
1055 1338 1475 1426 christiano,
1533 1339 2036 1413 celsitudinem
2074 1344 2269 1410 tuam
2306 1337 2726 1412 charitative
2762 1359 3153 1427 monemus,
3196 1359 3281 1410 ex
3321 1336 3524 1411 corde

439 1460 906 1552 „requirimus
972 1466 1044 1534 et
1095 1480 1420 1552 rogamus
1484 1479 1608 1552 per
1662 1457 2211 1532 misericordiam
2274 1459 2440 1530 Iesu
2495 1458 2791 1548 Christi,
2856 1463 2939 1532 ut
3000 1457 3075 1530 in
3128 1459 3259 1530 hac
3312 1478 3525 1530 causa

439 1580 664 1670 „nihil
718 1581 931 1655 facias
986 1580 1402 1654 festinanter
1455 1583 1526 1651 et
1580 1578 1730 1652 sine
1784 1579 1994 1671 longa
2047 1583 2120 1650 et
2155 1582 2431 1650 matura
2484 1577 3017 1666 deliberatione,
3074 1599 3155 1650 ac
3208 1575 3526 1650 Ecclesia

439 1701 914 1790 „inconsulta,
979 1721 1068 1774 ne
1121 1697 1590 1774 necessarium
1655 1697 1750 1770 sit
1811 1697 2014 1770 nobis
2055 1697 2132 1786 ¹),
2202 1697 2323 1788 qui
2387 1719 2523 1770 non
2580 1719 2953 1791 possumus
3015 1696 3229 1770 laesis
3282 1701 3522 1788 postu-

441 1819 799 1909 „lantibus
855 1841 1108 1914 negare
1161 1818 1544 1906 iustitiam,
1599 1818 1684 1889 de
1740 1816 2151 1904 violatione,
2212 1817 2327 1890 vel
2380 1839 2549 1906 non,
2609 1818 3155 1892 iuramentorum
3208 1816 3401 1908 pacis
3456 1819 3527 1890 et

441 1939 836 2030 „foederum
896 1939 1410 2032 praedictorum
1475 1958 1923 2030 cognoscere,
1985 1931 2209 2029 prout¹
2263 1937 2447 2010 idem
2498 1939 2664 2012 -Rex
2730 1938 3065 2012 Poloniae
3135 1937 3528 2010 desiderare

443 2059 786 2149 „videtur,
843 2064 915 2133 et
969 2061 1204 2134 forsan
1239 2079 1400 2146 noe,
1455 2051 1746 2151 cogent‘e
1801 2056 2109 2144 iustitia,
2169 2051 2529 2145 revocare,
2588 2057 2651 2132 si
2691 2079 2869 2150 quae
2921 2077 3283 2150 perperam
3340 2059 3522 2130 facta

442 2184 751 2268 „essent,
809 2201 966 2254 cum
1022 2184 1218 2252 tanto
1275 2178 1600 2252 scandalo
1655 2177 1902 2271 populi
1953 2176 2355 2250 christiani:
2414 2177 2614 2254 cuius
2656 2182 2723 2252 te
2776 2178 3141 2252 authorem
3196 2182 3268 2252 et
3304 2175 3525 2252 susci-

441 2303 779 2388 „tatorem
843 2300 1101 2374 nedum
1157 2319 1342 2386 esse,
1409 2299 1530 2371 sed
1595 2298 1806 2370 etiam
1871 2296 2217 2388 suspicari
2286 2319 2492 2390 posse
2555 2319 2691 2370 non
2748 2299 3125 2372 vellemus:
3200 2318 3287 2369 ue
3345 2297 3529 2370 fama

443 2423 636 2507 „tua,
695 2440 870 2510 quae
907 2419 1168 2510 ubique
1221 2417 1614 2492 clarissima
1651 2423 1790 2505 est,
1848 2417 2190 2506 laedatur,
2250 2423 2319 2490 et
2356 2417 2587 2491 anima
2624 2422 2747 2491 tua
2783 2419 2965 2492 tanti
3002 2417 3267 2511 peccati
3312 2437 3519 2492 onere

443 2543 1008 2631 „praegravetur,
1065 2543 1135 2611 et
1187 2559 1350 2612 reus
1403 2537 1476 2610 in
1533 2542 1843 2612 extremo
1899 2536 2184 2625 iudicio,
2242 2539 2583 2612 malorum
2622 2539 2929 2611 omnium
2983 2537 3520 2629 praedictorum,

445 2678 664 2750 „quae
725 2659 1118 2732 necessario
1181 2663 1263 2730 ut
1323 2657 1704 2750 plurimum
1772 2662 2099 2732 secutura
2163 2657 2521 2746 videntur,
2588 2659 2825 2732 valeas
2888 2656 3227 2732 denotari.
3303 2656 3529 2749 Quare

446 2776 592 2866 „fili
645 2777 1035 2866 carissime,
1093 2777 1169 2852 in
1222 2779 1353 2852 hac
1405 2781 1550 2850 tam
1604 2777 2000 2870 periculosa
2053 2777 2347 2850 materia
2410 2777 2765 2851 moderare
2817 2777 3253 2850 voluntatem
3308 2780 3525 2862 tuam,

441 2901 560 2986 „et
613 2897 688 2970 in
739 2897 872 2970 hac
921 2902 1120 2991 parte
1173 2897 1438 2973 nostris
1502 2897 1814 2988 paternis
1879 2897 2386 2972 monitionibus
2452 2902 2523 2971 et
2576 2896 2897 2972 consiliis
2962 2894 3400 2988 acquiescas,
3456 2899 3529 2970 et

447 3017 674 3105 „viam
729 3017 928 3106 aliis,
995 3039 1121 3110 per
1181 3037 1308 3090 nos
1371 3017 1508 3092 tibi
1571 3023 1914 3109 apertam,
1990 3018 2075 3092 de
2138 3017 2531 3092 oratoribus
2599 3016 3159 3092 transmittendis
3226 3015 3312 3088 ad
3374 3035 3525 3101 nos,

447 3138 956 3229 „amplectaris.
1038 3137 1188 3210 Nos
1253 3137 1462 3212 etiam
1527 3139 1918 3230 praefatum
1983 3139 2280 3227 Ducem,
2348 3142 2635 3230 propter
2698 3137 2849 3212 eius
2914 3135 3405 3212 excellentiam
3460 3140 3531 3208 et

448 3257 878 3351 „singularia
930 3258 1143 3346 bona,
1211 3278 1386 3350 quae
1452 3259 1618 3332 fecit
1679 3259 1753 3332 in
1808 3258 2308 3350 propagatione
2372 3258 2535 3334 fidei
2600 3258 3059 3346 christianae,
3122 3255 3527 3349 magnifaci-

449 3401 646 3468 „mus
702 3384 772 3451 et
824 3383 1115 3471 paterna
1168 3378 1510 3452 charitate
1548 3377 1948 3471 diligimus,
2007 3399 2086 3452 ac
2123 3377 2355 3470 ipsum
2411 3378 2755 3472 dignitate
2792 3376 2985 3469 regia
3038 3376 3529 3470 dignissimum

449 3497 915 3588 „iudicamus:
991 3499 1112 3572 sed
1175 3499 1518 3572 vellemus
1584 3519 1741 3572 eum
1805 3519 1960 3572 cum
2017 3519 2220 3590 pace,
2288 3498 2440 3570 sine
2506 3498 2867 3587 scandalo,
2935 3497 3087 3570 sine
3140 3495 3401 3569 iniuria
3466 3500 3535 3568 et

451 3617 646 3707 „sine
699 3618 1046 3692 discordia
1103 3619 1340 3692 fratris
1395 3619 1538 3706 sui,
1606 3619 1872 3693 talibus
1936 3619 2363 3692 ornamentis
2430 3618 2697 3706 ornari,
2764 3617 2949 3690 sicut
3011 3616 3187 3689 alias
3244 3613 3531 3705 scripsi-

452 3759 650 3826 „mus
707 3738 1146 3812 Sublimitati
1200 3758 1368 3812 suae
1397 3737 1485 3828 2).
1541 3740 1800 3812 Datum
1855 3740 2117 3812 Romae
2170 3738 2357 3831 apud
2397 3738 2729 3812 Sanctum
2784 3738 3104 3824 Petrum,
3162 3736 3334 3808 Idus
3388 3732 3455 3806 N
3462 3756 3531 3806 o-

452 3857 833 3946 „vembri8,
890 3859 1353 3933 Pontificatus
1407 3858 1632 3934 nostri
1689 3881 1870 3932 anno
1925 3859 2563 3950 quatuordecimo.“
2642 3853 2648 3858 ’

528 4219 789 4310 negiu
831 4221 1224 4310 dignitatem
1267 4220 1673 4294 Withawdus
1718 4239 1802 4295 ιο
1848 4225 2125 4312 appetat
2141 4277 2158 4308 ,
2214 4222 2429 4295 litoris
2472 4222 2705 4294 Summi
2749 4221 3080 4295 Pontinus
3122 4224 3443 4295 mouetur.

663 4458 1050 4547 „Martinus
1105 4459 1498 4552 Episcopus
1529 4459 1616 4550 ³),
1675 4481 1920 4534 servus
1958 4481 2317 4535 servorum
2356 4461 2517 4550 Dei,
2574 4461 2847 4536 Dilecto
2885 4461 3066 4551 filio,
3122 4458 3345 4534 nobili
3382 4457 3533 4531 viro

445 4578 901 4666 „Alexandro
965 4580 1214 4674 Magno
1253 4580 1433 4655 Duci
1485 4580 1940 4671 Lithuaniae,
1997 4584 2297 4656 salutem
2354 4586 2425 4656 et
2460 4581 2917 4675 apostolicam
2952 4579 3529 4655 benedictionem.

457 4695 742 4790 „Nuper
793 4720 918 4790 pro
973 4704 1170 4792 parte
1224 4701 1572 4774 carissimi
1624 4701 1760 4776 filii
1811 4702 1886 4776 in
1940 4703 2249 4791 Christo,
2294 4703 2671 4776 Wladislai
2721 4702 3055 4775 Poloniae
3112 4699 3328 4793 Regis
3366 4699 3529 4772 illu-

459 4818 702 4907 „stris,
759 4820 896 4892 fuit
949 4821 1387 4913 propositum
1442 4844 1669 4896 coram
1725 4822 1951 4911 nobie,
2009 4827 2283 4896 astante
2322 4823 2629 4915 Collegio
2683 4822 3187 4896 venerabilium
3240 4822 3534 4893 fratrum

458 4945 894 5027 „nostrorum
951 4941 1248 5016 Sanctae
1281 4942 1636 5016 Romana-e
1672 4943 2028 5016 Ecclesiae
2080 4943 2583 5032 Cardinalium,
2640 4943 2824 5035 quod
2877 4942 3045 5016 licet
3090 4941 3351 5014 dudum
3388 4940 3531 5013 No-

459 5057 745 5148 „bilitas
799 5064 926 5132 tua
977 5062 1184 5134 fidem
1239 5066 1308 5135 et
1361 5063 1860 5136 connexionem
1913 5064 2227 5154 praefato
2265 5062 2443 5156 Regi
2497 5062 2897 5154 promiserit
2950 5084 3107 5135 cum
3146 5061 3535 5134 iuramento

457 5180 805 5268 „solenni,
879 5180 964 5254 de
1028 5202 1369 5256 consensu
1441 5183 1751 5256 omnium
1812 5183 2219 5276 Principum
2286 5188 2356 5256 et
2417 5184 2753 5258 baronum
2828 5183 3253 5258 Lithuaniae
3324 5185 3536 5276 atque

666 5437 714 5519 ¹)
759 5445 972 5517 postea
1019 5434 1170 5518 Cod.
1215 5437 1408 5502 Rozr.
1458 5437 1512 5520 ⁹)
1557 5445 1714 5503 tuae.
1773 5437 1923 5503 aod.
1969 5439 2145 5504 Kost.
2204 5439 2259 5520 ⁸)
2287 5441 2623 5518 Episcopus
2668 5437 2839 5504 deest
2878 5440 2954 5504 i‘n
3000 5435 3153 5506 cod.
3187 5436 3366 5505 Calv.
