4342 6384
422 544 556 648 (Α.
596 547 686 622 D.
728 544 981 647 1442.)
1562 572 1786 625 mann
1838 572 2350 626 Duonncnms.
3363 554 3510 627 683

419 754 661 829 Sancti
714 754 999 847 Georgii
1054 761 1125 828 et
1180 756 1343 830 aliis
1407 756 1655 831 diebus
1718 759 2081 850 generales
2146 746 2544 832 tenuissent
2597 742 3127 847 conventiones,
3187 764 3258 831 et
3313 760 3519 849 plura

417 875 731 967 capitula
782 880 853 949 et
907 876 1379 949 ordinationes
1433 900 1558 969 pro
1612 878 2015 960 defensione
2069 884 2412 951 terrarum
2465 878 2695 971 Regni
2749 878 3289 966 deliberassent,
3347 879 3513 951 defi-

417 996 648 1067 ciente
700 998 935 1068 tamen
990 996 1401 1069 executione
1454 1003 1525 1071 et
1578 1001 1980 1085 executore,
2040 998 2328 1090 fragiles
2384 1019 2620 1070 eorum
2679 1002 2878 1071 erant
2923 1003 3214 1070 conatus
3253 1001 3322 1071 et
3359 996 3510 1070 ina·

418 1136 566 1188 nes,
624 1114 878 1188 Omnes
942 1115 1125 1187 enim
1190 1117 1331 1190 fere
1394 1118 1689 1190 barones
1751 1118 1982 1210 Regni
2046 1118 2344 1209 privatis
2411 1118 2788 1193 studebant
2851 1117 3228 1191 commodis
3285 1123 3355 1190 et
3411 1119 3511 1189 af-

420 1234 870 1324 fectionibus,
936 1256 1062 1309 nec
1132 1236 1485 1327 publicam
1549 1259 1695 1311 rem
1755 1239 2024 1311 intento
2090 1238 2326 1310 studio
2381 1242 2504 1310 aut
2559 1237 2928 1331 diligentia
2989 1238 3512 1329 promovebant,

416 1355 771 1427 malebant
826 1376 1099 1446 quoque
1154 1357 1422 1449 singuli
1476 1357 1823 1449 proficisci
1876 1379 2030 1430 cum
2090 1357 2362 1430 familia
2429 1357 2702 1431 decenti
2757 1362 2826 1429 et
2880 1362 3124 1429 oruata
3181 1356 3254 1429 in
3311 1358 3510 1428 Hun-

414 1474 682 1567 gariam
738 1479 808 1547 et
860 1496 1191 1566 apparere
1246 1475 1321 1549 in
1375 1483 1749 1570 conspectu
1803 1477 2192 1569 Principis,
2249 1482 2458 1570 atque
2504 1477 2914 1551 donationes
2955 1481 3025 1549 et
3059 1476 3390 1568 prodigas
3428 1477 3513 1548 ab

418 1615 497 1666 eo
552 1614 765 1685 super
815 1593 1017 1666 bonis
1071 1596 1427 1688 regalibus
1480 1596 1973 1689 inscriptiones
2029 1602 2099 1669 et
2153 1596 2615 1689 obligationes
2655 1598 2709 1686 ¹)
2764 1618 2964 1688 prece
3019 1598 3133 1669 vel
3169 1596 3511 1687 importu-

416 1714 672 1804 nitate,
736 1736 861 1807 pro
929 1716 1241 1788 servitiis
1305 1719 1549 1809 Regno
1616 1717 2023 1809 Hungariae
2084 1716 2485 1808 praestitiS,
2555 1717 2867 1809 exigere,
2928 1738 3135 1809 quam
3190 1718 3511 1807 Regnum

414 1834 776 1926 proprium
832 1856 873 1906 a
926 1834 1194 1908 crudeli
1247 1836 1613 1910 invasione
1667 1841 1737 1909 et
1790 1836 2268 1910 destructione
2323 1836 2566 1908 tutari.
2625 1836 2828 1909 Unde
2876 1841 2945 1910 et
2981 1834 3269 1923 accidit,
3329 1835 3513 1927 quod

416 1953 855 2026 Wladislaus
920 1954 1075 2027 Rex
1138 1976 1263 2045 per
1329 1977 1445 2029 eos
1512 1978 1747 2031 omnes
1803 1977 2053 2044 annea,
2124 1956 2382 2047 quibus
2435 1956 2510 2028 in
2565 1958 2808 2048 Regno
2863 1954 3272 2047 Hungariae
3325 1975 3506 2026 com-

415 2078 727 2145 moratus
766 2083 873 2147 est
902 2073 989 2163 2),
1048 2077 1189 2148 fere
1227 2096 1464 2148 omnes
1502 2076 1861 2163 civitates,
1903 2079 2163 2165 castra,
2213 2079 2469 2164 terras,
2527 2075 2816 2167 oppida,
2873 2075 3122 2163 villas,
3187 2075 3514 2147 thelonea

416 2198 487 2267 et
538 2194 873 2267 introitus
926 2195 1197 2287 regales
1228 2194 1316 2284 3),
1372 2196 1447 2267 in
1499 2196 1823 2287 pluribus
1878 2196 2197 2269 millibus
2253 2200 2322 2268 et
2375 2194 2835 2287 amplissimis
2900 2193 3194 2277 summis
3257 2191 3504 2265 inscri-

412 2314 609 2387 beret
662 2318 733 2387 et
787 2315 1161 2407 obligaret,
1219 2315 1607 2388 rectoribus
1680 2315 2136 2388 cancellariae
2209 2336 2446 2388 omnes
2519 2315 2960 2403 donationes,
3016 2312 3510 2404 inscriptiones

417 2439 487 2507 et
536 2434 1036 2527 obligationes,
1086 2439 1701 2526 quantumcunque
1765 2435 2093 2527 prodigas
2168 2440 2238 2507 et
2301 2434 2864 2527 impertinenteS,
2939 2432 3504 2506 admittentibus.

418 2553 1079 2644 Multiplicabantur
1141 2553 1379 2645 itaque
1442 2554 1685 2647 Regno
1748 2555 2083 2627 Poloniae
2136 2556 2356 2643 mala,
2421 2559 2504 2626 ut
2551 2558 2621 2626 et
2674 2554 2998 2627 hostibus
3051 2556 3506 2643 premeretur,

415 2672 933 2744 vastationibus
990 2676 1060 2744 et
1112 2673 1469 2765 regalibus
1535 2674 2025 2746 donationibus
2081 2678 2151 2747 et
2207 2673 2756 2766 obligationibus
2825 2674 3182 2746 deflueret.
3263 2674 3496 2765 Auge-

412 2792 537 2864 bat
591 2792 803 2865 etiam
858 2792 1260 2866 huiusmodi
1316 2794 1579 2865 malum
1632 2793 1969 2866 baronum
2023 2793 2356 2867 Poloniae
2410 2793 2733 2883 ambitio,
2791 2793 2913 2886 qui
2961 2814 3002 2865 a
3037 2793 3230 2885 Rege
3285 2793 3494 2865 dona-

412 2911 727 2983 tionibus
792 2912 1203 3003 oppidorum
1259 2918 1329 2985 et
1386 2914 1718 2985 villarum
1782 2913 1856 2984 in
1911 2914 2119 2986 terris
2185 2913 2486 2987 Russiae
2549 2918 2618 2987 et
2680 2912 3018 2986 Podoliae
3083 2912 3502 3004 impetratis,

412 3030 739 3121 antiquos
803 3031 1069 3104 incolas
1134 3037 1205 3105 et
1265 3033 1599 3106 haeredes
1662 3032 1747 3107 de
1809 3033 1958 3105 illis
2028 3034 2528 3121 excludebant,
2593 3032 2714 3125 qui
2779 3032 3016 3125 inopia
3070 3036 3141 3105 et
3195 3036 3506 3124 egestate

411 3150 639 3241 pressi
692 3155 763 3223 et
818 3152 1113 3242 quadam
1168 3152 1651 3243 desperatione
1704 3153 2080 3245 compulsi,
2147 3153 2234 3225 ad
2292 3155 2668 3226 Thartaros
2723 3151 3247 3245 confugiebant,
3305 3151 3504 3223 illos-

411 3291 547 3361 que
600 3272 1045 3362 postmodum
1107 3273 1194 3343 ad
1248 3272 1668 3345 vastandum
1740 3277 1962 3345 terras
2035 3272 2337 3347 Russiae
2409 3278 2481 3346 et
2543 3272 3018 3364 possesioneS,
3093 3272 3176 3343 de
3249 3270 3504 3363 quibus

412 3390 619 3463 eiecti
672 3392 978 3480 fuerant,
1036 3391 1479 3465 inducebant.

452 3744 757 3816 Iohannis
800 3722 882 3815 'dc
926 3744 1201 3816 euni-adi
1246 3744 1406 3815 villa
1449 3743 1808 3833 Praepositi
1852 3743 2229 3815 monasterii
2277 3742 2717 3815 Strzolncnsit
2759 3744 3141 3815 miraculosa
3187 3760 3227 3814 a
3269 3742 3459 3814 malls

1596 3864 1666 3935 in
1709 3864 1878 3936 bona
1920 3864 2201 3935 mutatio
2225 3864 2308 3951 ⁴).

614 4114 653 4155 *
708 4112 926 4203 Quam
982 4113 1285 4185 clemens
1342 4120 1411 4184 et
1466 4110 1890 4199 misericorS‚
1950 4132 2157 4202 quam
2195 4110 2545 4202 propitius
2583 4114 2652 4183 et
2687 4109 3134 4202 longanimus
3173 4108 3270 4181 sit
3306 4110 3496 4182 Deus

409 4233 877 4324 omnipotens,
936 4253 1015 4304 eo
1071 4252 1250 4303 anno
1306 4232 1490 4323 apud
1546 4252 1671 4302 nos
1726 4234 2194 4303 monstratum
2249 4234 2378 4302 est.
2437 4230 2751 4323 Regebat
2805 4229 3152 4322 siquidem
3207 4250 3287 4301 ea
3325 4234 3497 4301 tem-

405 4358 682 4445 pestate
744 4350 1243 4425 monasterium
1308 4351 1949 4424 sanctimonialium
2014 4351 2460 4423 Strzelnense
2523 4348 3143 4421 WladislavienSis
3199 4348 3499 4421 diocesis

406 4478 479 4547 et
534 4472 798 4545 ordinis
853 4471 1597 4559 Praemonstratensis,
1656 4475 1725 4552 et
1778 4470 2177 4562 Praepositi
2233 4471 2385 4543 vice
2441 4471 2808 4542 ethonore
2853 4469 2928 4541 in
2964 4490 3042 4541 eo
3081 4468 3502 4560 fungebatur

404 4593 519 4665 vir
570 4592 853 4683 quidam
910 4595 1183 4663 tantum
1240 4591 1438 4664 modo
1478 4596 1547 4664 et
1583 4591 2051 4682 appellatione
2086 4590 2494 4682 religiosae,
2555 4591 2770 4662 frater
2804 4588 3154 4660 Iohannes
3193 4588 3276 4659 de
3315 4586 3494 4659 Cun-

404 4712 561 4785 radi
608 4712 783 4783 villa
818 4711 995 4783 alias
1034 4710 1507 4782 Kunczedorff
1539 4710 2149 4783 wratislaviensis
2187 4709 2517 4796 diocesiS‚
2576 4709 2697 4800 qui
2734 4714 2876 4780 tam
2913 4707 3252 4799 religione
3290 4726 3497 4798 qnam

406 4833 620 4907 etiam
673 4832 935 4923 pudore
986 4832 1290 4902 humano
1346 4830 1779 4922 postergato,
1840 4830 2145 4902 officium
2204 4829 2316 4901 sui
2367 4828 2730 4921 regiminis
2786 4827 3131 4900 deducens
3179 4826 3500 4918 nequiter

402 4955 481 5027 in
535 4952 861 5037 abusum,
920 4950 1215 5021 ducebat
1252 4949 1470 5020 vitam
1510 4949 1959 5037 dissolutam,
2018 4948 2440 5039 impudicam
2480 4954 2550 5019 et
2589 4947 3076 5020 detestabilem
3117 4952 3188 5019 et
3222 4946 3297 5017 in
3335 4967 3494 5019 con-

620 5242 667 5321 ¹)
713 5244 1231 5320 oppignerationes
1277 5246 1337 5302 et
1380 5241 1772 5317 obligationes
1821 5234 1971 5302 Cod.
2019 5236 2196 5299 Kost.
2247 5236 2297 5317 ⁹)
2345 5240 2407 5298 in
2449 5240 2656 5315 Regno
2685 5238 2985 5315 Ungariae
3012 5238 3124 5297 fuit
3153 5233 3277 5298 Ed.
3319 5234 3496 5318 Lips.

402 5346 459 5427 ³)
506 5348 705 5424 regios
754 5340 904 5407 Ood.
949 5342 1124 5407 Kost.
1174 5340 1227 5421 ⁴)
1278 5340 1507 5405 Totum
1536 5341 1717 5403 hocce
1755 5350 1951 5423 caput
1981 5338 2392 5403 desideratur
2420 5340 2494 5403 in
2527 5336 2724 5402 Codd.
2756 5338 2932 5403 Kost.
2966 5338 3100 5403 Lis.
3131 5336 3258 5401 Ed.
3290 5336 3501 5423 Epa,-

398 5450 571 5513 inest
616 5457 826 5511 tamen
880 5444 1079 5510 Oodd.
1130 5440 1307 5509 Calv.
1356 5454 1414 5507 et
1457 5442 1675 5508 Przez.
