4342 6384
815 581 964 660 376
1656 595 1661 600 '
2011 601 2240 658 numa
2291 599 2750 658 uunncnms.
3350 577 3484 684 (Α.
3525 579 3616 658 D.
3655 580 3910 684 1429.)

822 791 1076 882 „resi8,
1132 789 1373 866 dietim
1427 789 1898 880 invalescen8‚
1964 811 2039 864 se
2092 790 2425 864 tuebatur
2488 790 2734 880 armiS,
2799 790 2902 864 ita
2955 796 3037 864 ut
3090 811 3373 864 necesse
3452 790 3655 866 nobis
3721 798 3908 868 esset

822 933 1019 1001 „cum
1072 910 1287 984 armis
1346 931 1497 984 eam
1554 910 1833 984 vincere
1898 916 2109 1002 atque
2165 911 2427 984 delere:
2495 910 2582 982 ad
2636 911 2767 984 hoc
2821 932 3030 1002 opuS,
3085 918 3168 984 ut
3220 933 3350 1004 par
3403 917 3584 1001 erat,
3651 913 3726 985 in
3765 913 3906 1005 pri-

820 1031 995 1122 „mis
1051 1030 1358 1104 excitare
1412 1029 1812 1103 curavimus
1867 1030 2306 1104 carissimum
2362 1031 2436 1103 in
2491 1031 2765 1104 Christo
2841 1031 3068 1104 filium
3133 1036 3450 1104 nostrum
3515 1031 3904 1124 Sigismun·

818 1152 1023 1242 „dum
1080 1150 1586 1238 Romanorum,
1646 1150 2052 1242 Hungariae
2107 1156 2178 1224 et
2232 1150 2606 1224 Bohemiae
2661 1150 2921 1243 Regem
2969 1150 3360 1240 illustrem,
3409 1151 3498 1222 ad
3535 1171 3740 1241 quem
3776 1151 3906 1224 hoc

818 1271 1243 1365 „gloriosum
1300 1275 1370 1344 et
1425 1275 1744 1343 sanctum
1798 1270 2155 1363 negotium
2195 1270 2658 1362 principalius
2695 1271 3096 1362 pertinebat
3143 1275 3428 1362 propter
3491 1269 3906 1364 dignitatem

820 1391 1160 1482 „Romani
1214 1390 1524 1482 Imperii.
1582 1391 1677 1462 Et
1731 1390 1898 1482 quia
1950 1391 2122 1463 haec
2175 1391 2398 1482 pestis
2453 1391 2760 1482 patrium
2815 1391 3138 1484 Regnum
3185 1391 3338 1464 eius
3375 1391 3742 1479 infecerat,
3797 1391 3902 1463 di-

820 1513 1095 1602 „latans
1150 1512 1311 1584 inde
1367 1532 1441 1584 se
1496 1511 1580 1584 ad
1638 1512 1793 1583 loca
1845 1532 2162 1603 quaeque
2217 1511 2546 1598 finitima,
2616 1511 3078 1584 confidentius
3145 1511 3358 1584 etiam
3412 1510 3646 1603 ipsum
3701 1531 3902 1582 voca·

818 1632 1105 1720 „bamus
1161 1632 1248 1702 ad
1301 1631 1431 1703 hoc
1484 1652 1773 1716 munus,
1830 1651 2167 1704 memores
2223 1631 2421 1704 verbi
2475 1631 2620 1718 sni,
2679 1631 2862 1723 quod
2899 1630 3102 1704 nobis
3140 1631 3418 1703 dixerat
3454 1629 3530 1702 in
3567 1630 3902 1703 Constan-

818 1751 1077 1840 „tiensi
1130 1750 1470 1838 Concilio,
1527 1754 1609 1822 ut
1663 1750 1725 1822 si
1778 1750 2273 1842 deputaremus
2329 1749 2395 1825 ei
2449 1755 2723 1822 tantum
2779 1750 2866 1822 ad
2919 1773 3064 1824 rem
3121 1751 3363 1838 istam,
3433 1750 3507 1822 in
3560 1751 3904 1842 Legatum

820 1871 1081 1961 „bonae
1126 1869 1496 1944 memoriae
1534 1870 1913 1972 Iohannem
1954 1870 2150 1943 tituli
2191 1870 2436 1943 Sancti
2472 1870 2664 1944 Sixti
2701 1870 3196 1962 Presbyterum
3235 1869 3703 1957 Cardinalem‚
3750 1869 3901 1960 pol·

820 1991 1209 2080 „licebatur
1248 1991 1301 2078 ¹)
1358 2012 1433 2064 se
1486 1989 1822 2062 Hussitas
1876 1990 2266 2064 haereticos
2330 1990 2816 2064 indubitanter
2869 1991 2956 2062 ad
3011 1993 3271 2064 rectam
3336 1989 3525 2062 viam
3575 1989 3898 2062 reductu-

821 2131 1043 2200 „rum.
1099 2110 1318 2183 Illum
1372 2115 1607 2183 autem
1662 2113 1733 2182 et
1778 2109 2212 2182 cardinalem
2265 2131 2406 2182 non
2459 2111 2688 2182 solum
2741 2109 3093 2197 dedimus,
3151 2109 3274 2201 qui
3309 2129 3436 2200 per
3471 2109 3744 2200 aliquot
3777 2127 3896 2180 an·

819 2251 987 2320 „nos
1050 2229 1425 2322 legationis
1478 2229 1784 2302 officium
1840 2233 2079 2302 contra
2132 2229 2358 2302 dictos
2412 2229 2801 2302 haereticos
2857 2228 3204 2316 exercuit,
3263 2229 3384 2302 sed
3439 2234 3510 2301 et
3554 2232 3714 2319 post
3751 2228 3896 2300 eins

819 2349 1130 2440 „obitum
1192 2347 1658 2422 venerabilem
1732 2350 2014 2422 fratrem
2081 2349 2604 2422 Ferdinandum
2643 2347 2706 2438 2)
2771 2349 3171 2441 episcopum
3248 2349 3636 2421 Lucensem
3698 2347 3896 2420 iuxta

819 2491 989 2559 „sua
1042 2468 1389 2544 desideria
1442 2488 1599 2542 cum
1654 2470 1893 2542 eadem
1949 2469 2286 2542 facultate
2321 2469 2848 2561 deputavimus,
2890 2473 2962 2542 et
2999 2468 3394 2542 successive
3431 2467 3706 2559 aliquot
3739 2467 3893 2540 Gar-

816 2589 1160 2680 „dinaleS‚
1219 2587 1668 2680 Apostolicae
1706 2589 1909 2663 Sedis
1944 2589 2280 2681 Legat-os,
2319 2593 2392 2662 et
2425 2590 2798 2682 plerosque
2835 2588 3183 2663 notabiles
3221 2587 3565 2690 Nuntios,
3605 2586 3694 2659 ad
3731 2607 3890 2660 eun·

815 2709 1011 2798 „dem
1066 2708 1358 2800 Regem,
1416 2708 1503 2779 ad
1557 2707 1914 2780 Electores
1972 2707 2264 2800 Imperii
2319 2712 2390 2780 et
2427 2708 2514 2780 ad
2551 2708 2782 2781 varios
2839 2707 3205 2799 Principes
3243 2713 3312 2781 et
3349 2706 3890 2780 Communitates

816 2827 1164 2918 „nationis
1220 2826 1669 2901 Germanicae
1722 2848 1877 2899 cum
1936 2826 2332 2900 clarissima
2387 2826 2896 2922 significatione
2951 2827 3179 2901 nostri
3218 2827 3580 2915 desiderii,
3637 2831 3892 2898 etcum

816 2947 1288 3038 „authoritate
1326 2952 1396 3019 et
1432 2947 1771 3019 facultate
1809 2951 2233 3038 opportuna,
2273 2967 2426 3036 eoa,
2483 2947 2670 3020 sicut
2707 2946 3110 3035 debuimus,
3151 2946 3526 3020 efficaciter
3559 2944 3892 3019 monendo

817 3073 932 3157 „et
982 3064 1393 3158 requirendo
1448 3065 1636 3166 circa
1688 3065 2161 3139 reductionem
2217 3067 2334 3140 vel
2387 3066 3040 3140 exterminationem
3095 3087 3366 3154 eorum,
3425 3086 3631 3157 saepe
3671 3071 3888 3138 trans-

819 3184 1205 3276 „misimus.
1261 3184 1331 3257 N
1334 3205 1411 3258 ec
1462 3205 1586 3276 per
1640 3206 1765 3258 nos
1818 3183 2091 3278 aliquid
2144 3186 2281 3259 fuit
2333 3186 2934 3279 praetermissum,
2993 3187 3176 3278 quod
3229 3186 3434 3259 nobis
3490 3191 3560 3259 et
3611 3205 3888 3258 venera·

818 3305 1123 3396 „bilibus
1154 3304 1489 3378 fratribus
1520 3304 1812 3393 nostris,
1854 3304 2149 3378 Sanctae
2186 3305 2542 3379 Romanae
2577 3306 2936 3380 Ecclesiae
2973 3305 3493 3394 cardinalibus,
3533 3304 3700 3377 huic
3735 3325 3888 3378 cau-

816 3445 977 3520 „sae
1030 3423 1193 3498 fidei
1246 3445 1451 3516 posse
1479 3511 1485 3517 ,
1514 3425 1842 3516 proficere
1918 3425 2298 3498 videretur.
2373 3427 2483 3498 Ex
2541 3446 2677 3517 quo
2749 3427 3033 3498 fuerunt
3103 3425 3482 3518 aliquando
3554 3423 3890 3496 militares

816 3543 1339 3635 „expeditiones
1394 3543 1781 3631 ordinatae,
1842 3549 1913 3618 et
1966 3544 2394 3618 innumerosi
2425 3544 2486 3635 3)
2543 3545 2895 3618 exercitus
2949 3545 3350 3638 congregati
3407 3550 3652 3618 contra
3703 3544 3888 3634 ipsos

816 3664 1277 3755 „haereticos,
1336 3663 1459 3754 qui
1510 3665 1819 3756 profecto
1874 3685 2001 3738 nec
2054 3687 2376 3755 numero,
2433 3687 2560 3740 nec
2613 3666 2879 3739 virtute
2931 3685 3136 3756 pares
3191 3686 3345 3738 esse
3397 3663 3725 3737 fidelibus
3779 3663 3890 3736 de·

814 3784 1199 3874 „buissent.
1256 3782 1395 3856 Sed
1451 3784 1801 3856 nescimus
1858 3805 1945 3856 ex
2001 3805 2139 3876 qua
2193 3806 2404 3858 causa
2454 3784 2909 3876 processerit,
2965 3786 3083 3857 vel
3116 3786 3420 3856 humano
3459 3805 3724 3870 errore,
3781 3781 3890 3854 vel

813 3902 1095 3994 „divino
1149 3901 1445 3990 iudicio,
1512 3903 1694 3995 quod
1761 3904 2113 3976 occultum
2168 3909 2310 3991 est,
2368 3925 2505 3976 non
2561 3905 2789 3976 solum
2843 3903 3178 3978 haeretici
3235 3903 3562 3976 fidelibus
3616 3902 3888 3976 restite·

817 4026 1055 4111 „runt‚
1112 4022 1235 4092 sed
1274 4023 1557 4094 fuerunt
1604 4021 1814 4095 etiam
1880 4023 2308 4114 superioreS‚
2365 4030 2437 4097 et
2489 4029 2692 4097 extra
2757 4023 3130 4096 Bohemiae
3193 4025 3367 4096 fines
3422 4022 3890 4113 irrumpentes

818 4140 933 4230 „in
988 4139 1381 4227 Austriam‚
1438 4146 1707 4232 partem
1762 4142 1913 4214 eius
1970 4148 2039 4216 et
2092 4142 2368 4234 aliquas
2425 4148 2646 4216 terras
2702 4143 3104 4232 Hungariae
3158 4149 3230 4215 et
3285 4143 3426 4214 fere
3481 4146 3699 4213 totam
3743 4140 3888 4212 Sle-

818 4258 1037 4350 „siam
1090 4259 1497 4350 depopulati
1552 4266 1751 4348 sunt,
1808 4262 2039 4334 omnia
2093 4262 2291 4335 foeda
2347 4267 2416 4335 et
2469 4263 2765 4336 nefanda
2812 4263 3118 4336 facinora
3155 4261 3228 4333 in
3267 4281 3554 4352 corpora
3591 4261 3890 4332 humana

816 4383 931 4469 „et
983 4377 1114 4450 Dei
1166 4376 1557 4466 ministros,
1614 4379 2006 4452 sacerdotes
2060 4385 2131 4454 et
2185 4380 2364 4454 alios
2419 4381 2813 4454 Catholicos
2867 4387 2940 4454 et-
2969 4382 3032 4470 ⁴)
3089 4387 3330 4455 sancta
3366 4379 3700 4466 sacraria,
3739 4397 3886 4470 per·

818 4502 1242 4590 „patrantes
1301 4498 1490 4588 Quae
1543 4502 1687 4569 tam
1738 4499 2105 4572 horribilia
2142 4505 2214 4571 et
2251 4498 2635 4573 christiano
2699 4501 2966 4573 nomini
3019 4501 3428 4592 pudibunda
3479 4500 3886 4592 cogitanteS,

817 4639 1017 4708 „cum
1071 4615 1381 4690 lacrimis
1436 4621 1508 4690 et
1554 4617 1885 4709 suspiriis
1920 4618 2287 4692 humiliter
2323 4619 2545 4692 Deum
2583 4640 2976 4709 precamur,
3034 4625 3114 4692 ut
3149 4620 3528 4712 aliquando
3562 4622 3692 4692 hos
3731 4639 3887 4692 suos

817 4745 930 4828 „et
980 4737 1269 4810 hnmani
1323 4737 1601 4830 generis
1656 4738 1978 4810 inimicos
2032 4744 2156 4810 ant
2211 4743 2604 4829 convertat,
2661 4744 2786 4812 aut
2839 4740 3093 4813 deleat.
3150 4741 3244 4812 Et
3298 4761 3660 4832 speramus
3715 4759 3884 4812 sem-

816 4879 983 4950 „per
1034 4857 1111 4930 in
1165 4877 1277 4945 eo,
1338 4858 1519 4948 quod
1575 4856 1856 4931 tandem
1912 4858 2245 4931 exaudiet
2297 4879 2538 4950 preces
2591 4865 2899 4931 nostras:
2957 4879 3038 4931 ac
3090 4859 3316 4950 ipsius
3373 4859 3714 4932 ineffabili
3749 4857 3886 4932 vir-

816 4983 1012 5067 „tute
1064 4976 1551 5068 principaliter
1604 4981 1887 5068 sumpta
1938 4977 2224 5066 fiducia,
2281 4978 2645 5068 cupientes
2683 4983 2753 5052 et
2789 4999 2916 5052 nos
2952 4977 3312 5067 remediiS,
3353 4979 3608 5071 quibus
3645 4999 3884 5070 possu-

817 5117 1050 5186 „mus,
1104 5096 1498 5186 providere,
1556 5100 1637 5168 ut
1692 5097 1971 5170 tandem
2024 5096 2186 5170 finis
2253 5097 2656 5188 imponatur
2717 5097 2828 5170 his
2883 5097 3232 5187 cladibuS,
3299 5102 3370 5170 et
3423 5103 3505 5170 ut
3555 5095 3888 5189 praedicti

816 5466 873 5535 0
1018 5366 1083 5530 ἓ,
1116 5369 1434 5444 pollicebat
1480 5366 1631 5434 Cod.
1682 5367 1859 5433 Calv.
1908 5370 1963 5458 ςΙ)
2007 5371 2386 5431 Fernandum
2433 5365 2585 5432 Cod.
2634 5365 2811 5432 Calv.
2861 5367 2914 5449 ³)
2959 5370 3248 5430 innumeri
3297 5364 3450 5431 cod.
3495 5365 3688 5433 Rozr.
3735 5365 3788 5446 ⁴)
3819 5385 3888 5428 ac

868 5467 969 5533 od.
1084 5489 1209 5534 ozr.
