4342 6384
411 577 551 684 (A.
584 580 678 660 D.
718 577 971 684 1420.)
1566 601 1793 662 mnan
1845 602 2306 664 unnncnms.
3357 583 3506 665 263

404 793 978 886 sanguineorum,
1054 793 1573 885 amicorumque
1644 793 1841 866 Petri
1911 793 2162 866 Wisch
2235 793 2404 868 olim
2479 793 2979 870 Posnaniensis
3003 852 3020 885 ,
3095 798 3511 892 quandoque

406 913 619 986 etiam
656 913 1139 988 cracoviensis
1168 913 1521 1006 episcopi,
1561 913 1799 1001 turba,
1840 914 2047 1006 quasi
2080 915 2244 988 dato
2281 915 2516 1008 signo,
2572 921 3022 1005 convenerat,
3069 911 3290 1008 laeta,
3331 919 3508 992 iram

402 1033 621 1126 Regis
674 1033 752 1106 in
804 1034 1179 1107 Albertum
1210 1034 1789 1126 'Iastrzambyecz
1844 1034 2370 1110 cracoviensem
2416 1035 2854 1128 episcopum,
2911 1036 3150 1110 fratris
3191 1043 3262 1111 et
3295 1038 3505 1112 amici

404 1153 517 1225 sui
571 1153 768 1227 Petri
822 1153 1064 1227 Wisch
1123 1175 1165 1226 a
1218 1153 1658 1228 cracoviensi
1716 1153 2123 1247 episcopatu
2179 1154 2640 1248 depositionis
2695 1156 3090 1246 authorem,
3147 1158 3504 1249 recidisse,

404 1273 901 1346 contumeliam
955 1276 1027 1346 et
1079 1273 1410 1348 iniuriam
1466 1274 1706 1348 fratris
1744 1274 1888 1364 sui,
1929 1275 2290 1348 occasione
2325 1274 2676 1366 praebita,
2733 1277 2994 1351 ultura.
3053 1278 3238 1350 Dum
3275 1282 3506 1352 autem

409 1392 820 1466 Bartossius
879 1393 1351 1467 Wlodkowicz
1406 1395 1491 1467 de
1546 1394 2200 1468 Wirzchoslawicze
2240 1395 2294 1484 1)
2351 1395 2556 1468 miles
2604 1397 2689 1469 (16
2725 1397 2928 1470 (161116
2985 1396 3290 1488 Sulima,
3348 1419 3508 1471 cau-

406 1533 555 1586 sam
591 1513 811 1606 Regis
846 1514 1279 1604 procurando
1316 1514 1887 1607 advocandoque,
1928 1515 2322 1588 mordacius
2377 1537 2586 1608 quam
2641 1521 2753 1590 sat
2783 1515 2844 1607 2)
2901 1521 3084 1607 erat,
3143 1518 3217 1590 in
3255 1514 3504 1592 Alber·

406 1637 556 1704 tum
622 1632 1181 1725 Iastrzambyecz
1254 1633 1657 1726 episcopum
1722 1634 1912 1725 (odio
1968 1640 2038 1708 et
2092 1634 2244 1727 ipse
2298 1635 2371 1708 in
2427 1634 2828 1728 episcopum
2881 1637 3082 1729 gravi
3127 1638 3378 1712 ardens
3409 1635 3503 1727 ³),

404 1773 800 1845 germanam
865 1753 1051 1826 enim
1114 1757 1391 1844 neptem
1456 1753 1653 1826 Petri
1716 1753 1965 1828 Wisch
2026 1755 2330 1828 habebat
2398 1776 2524 1847 pro
2598 1760 2949 1847 consorte)
3023 1751 3502 1832 inveheretur:

406 1873 655 1946 fratres
711 1876 782 1945 et
834 1872 1334 1965 consanguinei
1390 1873 1667 1948 Alberti
1720 1873 2062 1966 episcopi,
2120 1896 2418 1967 quorum
2471 1875 3001 1950 multitudinem
3056 1897 3324 1964 secum,
3381 1898 3504 1969 pe—

404 1991 611 2064 riculi
667 1991 1043 2066 discrimen
1096 2013 1549 2084 praecavenS,
1606 1993 2026 2081 adduxerat,
2082 1994 2350 2068 domini
2403 1994 2516 2068 sui
2569 1994 3070 2088 improperium
3116 2018 3254 2069 non
3317 1997 3509 2070 ultra

407 2112 655 2198 laturi,
712 2111 786 2184 in
842 2112 1354 2187 contentionem
1411 2113 1631 2204 versi,
1691 2113 2107 2187 seditionem
2159 2135 2445 2208 gravem
2491 2114 2961 2189 concitarunt:
3019 2137 3158 2208 qua
3207 2117 3498 2190 barones

405 2231 879 2324 praesidentes
948 2231 1207 2307 iudicio
1270 2232 1621 2321 deterriti,
1688 2233 2005 2308 deserere
2068 2235 2224 2308 loca
2287 2256 2416 2307 sua
2469 2239 2542 2308 et
2595 2236 2958 2309 consulere
3023 2233 3164 2308 sibi
3234 2239 3304 2308 et
3359 2235 3510 2310 suis

408 2351 631 2425 coacti
686 2357 873 2425 sunt.
931 2352 1389 2426 contentione
1444 2352 1693 2428 deinde
1748 2354 1823 2427 in
1878 2358 2107 2427 castro
2161 2359 2436 2448 coepta,
2495 2355 2679 2446 apud
2734 2355 3000 2428 milites
3037 2354 3114 2428 in
3151 2354 3406 2448 oppido
3435 2356 3498 2445 ⁴)

400 2472 869 2563 consistentes
932 2473 1255 2565 vulgata,
1324 2472 1633 2546 maxima
1694 2475 2101 2547 mortalium
2164 2475 2579 2564 multitudo,
2647 2474 2862 2547 armis
2927 2474 3297 2566 correptis,
3357 2473 3508 2547 suis

406 2591 869 2680 auxiliatum,
926 2592 1014 2664 ad
1068 2596 1375 2664 castrum
1432 2593 1849 2685 prorumpit.
1899 2594 2166 2667 Rumor
2221 2594 2468 2686 ingens
2507 2594 2764 2682 oritur,
2823 2593 3076 2667 stridet
3111 2593 3502 2687 mugitibus

406 2712 668 2785 aether.
724 2712 1127 2786 Periculum
1182 2716 1251 2785 et
1308 2711 1459 2803 ipse
1513 2713 1668 2786 Rex
1724 2713 2028 2801 veritus,
2086 2713 2428 2786 tribunali
2483 2713 2792 2799 deserto,
2850 2713 2937 2785 ad
2972 2713 3238 2806 regiam
3275 2733 3499 2786 came-

402 2852 549 2905 ram
606 2854 821 2924 supra
872 2837 1147 2924 portam
1202 2831 1413 2904 sitam
1466 2852 1624 2905 cum
1678 2832 2105 2924 primoribus
2159 2831 2538 2906 baronibus
2593 2831 2928 2924 confugit.
2986 2831 3134 2905 Nec
3187 2853 3300 2905 res
3353 2832 3504 2906 sine

404 2952 608 3025 caede
664 2973 917 3045 magna
944 2951 1007 3042 5)
1062 2955 1133 3025 et
1184 2951 1648 3043 plurimorum
1703 2952 1972 3025 crudeli
2028 2951 2354 3040 interitu,
2423 2952 2742 3044 partibus
2807 2954 3049 3024 contra
3102 2972 3177 3024 se
3231 2951 3504 3046 ingenti

406 3073 635 3146 furore
691 3071 1181 3160 frementibus,
1245 3072 1597 3163 potuisset
1661 3071 1990 3164 transigi,
2058 3070 2336 3146 nemine
2365 3073 2428 3162 θ)
2483 3071 2926 3146 efferventem
2987 3070 3336 3145 insaniam
3388 3071 3496 3144 in·

406 3196 834 3284 terrumpere
864 3193 927 3281 ⁷)
982 3191 1281 3264 audente
1312 3191 1402 3281 ⁸),
1462 3191 1524 3264 si
1560 3197 1919 3284 portarum
1974 3193 2191 3266 castri
2227 3192 2608 3281 obseratio,
2663 3191 3043 3285 pontisque
3081 3191 3381 3266 elevatio
3411 3191 3500 3284 ⁹),

401 3332 523 3404 1161
558 3333 739 3405 quae
776 3312 1217 3386 currentibus
1256 3312 1343 3400 ¹⁰)
1399 3332 1487 3384 ex
1542 3311 1794 3404 oppido
1850 3317 1922 3386 et
1956 3311 2032 3385 in
2068 3316 2378 3386 castrum
2433 3312 2814 3404 irrumpere
2851 3311 3337 3416 satagentibus
3375 3313 3498 3402 ¹¹),

406 3432 640 3504 aditus
712 3432 1083 3506 restrictus
1154 3437 1263 3507 est
1287 3486 1305 3520 ,
1380 3431 1769 3506 Divinitate
1839 3431 2186 3525 propitia,
2261 3453 2399 3505 non
2473 3431 2728 3506 fuisset
2799 3435 3059 3506 secuta.
3146 3431 3508 3507 Seditione

406 3551 595 3624 omni
658 3552 941 3624 tandem
1004 3573 1431 3644 compressa,
1507 3536 1732 3626 etiam
1790 3552 2264 3626 reconciliatio
2330 3552 2515 3625 inter
2577 3551 3050 3625 Wladislaum
3115 3552 3377 3645 Regem
3432 3558 3505 3626 61

406 3672 779 3745 Albertum
832 3672 1388 3765 Iastrzambyecz
1444 3671 1848 3764 episcopum
1913 3672 2471 3762 cracoviensem,
2541 3671 2918 3764 Sbigneum
2958 3672 3042 3744 (16
3081 3671 3376 3745 Brzesze
3416 3671 3504 3761 ¹²)

407 3792 635 3884 Regni
690 3791 1025 3865 Poloniae
1080 3793 1499 3866 marsalcum
1556 3798 1627 3866 et
1678 3790 2083 3866 Ianussium
2132 3792 2596 3882 castellanum
2636 3790 3163 3880 Calissiensem,
3201 3812 3328 3884 per
3363 3812 3502 3866 me-

406 3912 599 3984 dium
653 3912 1022 3999 baronum,
1082 3916 1151 3984 61
1206 3913 1567 4006 signanter
1600 3911 1939 3986 Iohannis
1976 3913 2062 3985 de
2101 3913 2390 3985 Tarnow
2424 3906 2724 4004 palatini
2774 3910 3287 4000 cracoviensiS,
3344 3930 3505 4004 pro-

407 4037 649 4104 curata
705 4036 835 4104 est.
892 4031 1157 4106 Habita
1209 4033 1459 4106 deinde
1513 4037 1621 4106 est
1676 4053 1887 4124 super
1920 4032 2346 4123 acceptando
2386 4037 2508 4104 aut
2543 4031 2910 4106 refutando
2949 4030 3330 4105 Bohemiae
3367 4032 3504 4107 Re-

406 4173 541 4244 gno
568 4150 1015 4240 deliberatio,
1056 4152 1623 4244 concorditerque
1660 4153 2099 4226 conclusum:
2139 4157 2486 4244 quatenus
2515 4149 2954 4225 Wladislaus
2983 4151 3318 4225 Poloniae
3347 4152 3506 4226 Rex

410 4277 692 4364 propter
742 4272 1119 4359 haeresim,
1177 4292 1315 4363 qua
1352 4294 1426 4345 se
1464 4272 1703 4364 plures
1743 4272 2217 4364 Bohemorum⁴
2249 4269 2821 4364 inquinaverant,
2862 4269 3030 4344 item
3067 4275 3356 4363 propter
3391 4293 3504 4346 as-

412 4392 605 4465 sidue
632 4392 1045 4485 gliscentem
1076 4390 1490 4466 seditionem
1520 4392 1961 4481 intestinam,
2004 4396 2073 4466 et
2103 4390 2432 4484 quoniam
2463 4388 2552 4482 ¹3)
2589 4389 2950 4484 proprium
2978 4383 3506 4483 sigismundum

412 4511 881 4584 Romanorum
936 4516 1005 4585 et
1058 4510 1467 4604 Hungariae
1506 4512 1767 4604 Regem
1805 4505 2059 4585 habeat
2093 4511 2493 4599 haeredem,
2543 4515 2696 4583 tum
2731 4513 3018 4603 propter
3053 4508 3284 4584 varios
3323 4497 3504 4584 alios

410 4635 802 4722 respectuS,
856 4631 1267 4704 nullatenus
1323 4631 1699 4705 Bohemiae
1754 4631 2074 4724 Regnum
2129 4631 2482 4724 suscipere
2541 4630 2966 4720 consentiat,
3035 4631 3504 4704 voluntatem-

413 4771 545 4842 que
596 4773 797 4824 suam
852 4751 1283 4844 suspendens
1324 4752 1411 4840 ¹⁴)
1467 4751 1899 4840 dissimulet,
1974 4756 2046 4824 et
2100 4751 2566 4825 Bohemorum
2636 4750 2892 4844 legatis
2954 4750 3044 4823 ad
3095 4748 3302 4822 illum
3348 4770 3506 4841 pro-

410 4877 647 4963 pterea
711 4871 1065 4960 venturiS,
1138 4873 1413 4944 nullum
1490 4875 1757 4945 certum
1818 4892 2228 4974 responsum
2295 4872 2489 4960 edat,
2567 4872 2687 4946 sed
2749 4868 3106 4962 proposito
3161 4889 3288 4941 suo
3343 4890 3508 4947 con-3

622 5075 671 5156 ¹)
713 5077 1189 5139 Wirsoslawiczc
1237 5071 1389 5139 Cod.
1437 5074 1612 5138 Kost.
1662 5075 1711 5153 ²)
1756 5094 1866 5153 par
1914 5072 2065 5139 God.
2116 5073 2308 5138 Rozr.
2357 5073 2413 5154 ³)
2457 5077 2518 5136 in
2564 5094 2738 5152 quem
2769 5075 2987 5152 etipse
3031 5073 3168 5137 odio
3214 5074 3384 5152 gravi
3415 5093 3506 5134 ar-

404 5181 588 5241 debat
632 5175 785 5242 God.
830 5177 1025 5241 Rozr.
1075 5177 1127 5260 ⁴)
1174 5181 1235 5240 in
1280 5183 1475 5241 castro
1518 5176 1646 5240 Ed.
1692 5176 1875 5261 Lips.
1926 5176 1977 5258 ⁵)
2023 5183 2227 5238 mutua
2274 5173 2426 5240 0001.
2473 5175 2666 5240 Rozr.
2714 5174 2771 5258 ⁸)
2815 5177 3048 5238 nemine
3092 5179 3378 5239 offerente
3421 5195 3507 5255 se,

404 5285 513 5360 qui
560 5279 709 5346 Cod.
756 5280 950 5346 Rozr.
1000 5281 1051 5361 ⁷)
1096 5283 1449 5360 intercipere
1498 5277 1651 5346 cod.
1698 5279 1874 5344 Kost.
1924 5281 1978 5360 ⁸)
2028 5283 2276 5344 auderet
2323 5271 2474 5344 Cod.
2519 5278 2713 5344 Rozr.
2763 5277 2816 5360 ⁹)
2862 5281 3047 5342 castri
3077 5281 3508 5359 observatione,

402 5387 723 5470 pontisque
782 5387 1111 5449 elevatione
1168 5383 1295 5446 Ed.
1357 5382 1539 5469 Ia‘ps.
1570 5464 1579 5470 ·
1610 5382 1689 5464 ¹⁰)
1755 5391 2056 5446 currentes
2122 5379 2275 5449 cod.
2319 5381 2515 5447 Rozr.
2585 5381 2663 5464 ¹¹)
2711 5385 3066 5470 satagebant
3112 5378 3264 5448 God.
3314 5379 3508 5446 Rozr‘.

412 5487 500 5570 ¹¹⁸)
544 5489 784 5550 Brzezie
833 5482 984 5551 eod.
1029 5485 1207 5550 Kost.
1262 5485 1341 5569 ¹³)
1389 5489 1548 5566 quod
1598 5483 1750 5550 Coa.
1799 5484 1991 5550 Rozr.
2048 5483 2127 5568 14)
2172 5487 2536 5566 suspendere
2579 5483 2705 5550 Ed.
2755 5483 2935 5579 Lips.
3037 5569 3046 5578 ·
3200 5505 3206 5514 ·
3361 5517 3364 5522 ·
