4342 6384
394 578 529 682 (Α.
566 581 658 655 D.
700 578 951 678 1429.)
1545 603 1775 654 numa
1826 601 2286 656 unnncmus.
3344 578 3486 653 371

390 793 474 860 ut
528 810 603 862 se
656 790 921 881 Regem
976 786 1065 860 011
1101 789 1316 876 Β1100,
1374 793 1567 862 etex
1604 788 1989 861 Lithuania
2024 789 2350 880 Regnum
2405 788 2624 862 creari
2681 787 2899 878 sinat,
2958 793 3028 860 et
3054 788 3492 862 Wladislaus

393 912 550 983 Rex
603 909 939 982 Poloniae
1002 908 1335 982 creationi
1399 908 1539 1000 ipsi
1602 908 1795 982 dedit
1850 929 2298 996 consensum3
2375 909 2462 980 ad
2517 931 2642 981 vos
2707 912 2942 982 tamen
3007 929 3154 980 rem
3209 909 3488 998 detulit,

394 1051 531 1103 non
585 1030 835 1102 avidus
886 1029 1181 1103 huiusce
1244 1028 1563 1101 honoris:
1642 1028 2027 1102 deliberare
2092 1030 2368 1120 placeat
2433 1033 2500 1102 et
2567 1033 2876 1100 vestrum
2943 1029 3272 1120 praebere
3327 1049 3487 1101 con-

394 1172 701 1223 sensum.
756 1149 1084 1222 Nondum
1138 1149 1349 1222 verba
1414 1150 1817 1242 Sepyensky
1882 1149 2193 1236 finierat,
2263 1153 2330 1222 et
2395 1151 2558 1222 Dux
2613 1148 3055 1221 Withawdus
3121 1147 3492 1220 consilium

394 1292 550 1343 cum
606 1269 957 1343 Praelatis
1014 1269 1162 1342 suis
1220 1274 1291 1341 01
1344 1270 1641 1361 Boyaris
1698 1269 2113 1361 ingreditur,
2183 1269 2598 1342 existimans
2666 1269 2948 1341 facilius
3010 1268 3490 1341 Praelatorum

394 1396 465 1464 et
516 1391 855 1464 baronum
907 1389 1243 1462 Poloniae
1297 1389 1566 1466 animos
1622 1390 2020 1463 verberatos
2078 1411 2206 1461 sua
2240 1391 2635 1480 praesentia
2689 1391 2774 1462 ad
2813 1409 3224 1463 consensum
3265 1387 3493 1480 frangi

395 1517 465 1584 et
518 1512 789 1583 nullam
840 1509 1289 1583 renitentium
1326 1509 1605 1600 opponi.
1663 1509 1987 1582 Resumit
2024 1510 2078 1599 1)
2117 1511 2396 1601 proprio
2439 1531 2694 1602 organo
2734 1510 2949 1583 verba
3005 1508 3276 1594 eadem,
3317 1529 3492 1600 quae

392 1633 671 1724 legatus
726 1652 897 1704 suus
936 1630 1343 1722 Sepyensky
1379 1631 1753 1717 retulerat,
1810 1634 2135 1722 precatur
2190 1635 2272 1702 ut
2311 1630 2448 1702 sibi
2502 1631 2588 1704 de
2623 1631 2882 1703 honore
2917 1629 3108 1722 regio
3168 1630 3487 1700 faveant:

394 1773 553 1824 cum
606 1756 873 1824 certum
928 1749 1056 1837 sit,
1111 1755 1257 1822 tam
1313 1749 1843 1843 Sigismnndum
1897 1751 2368 1822 Romanorum
2423 1755 2494 1823 et
2548 1750 2987 1843 Hungariae‚
3047 1770 3254 1840 quam
3291 1747 3488 1820 Wla-

390 1871 695 1943 dislaum
747 1870 1110 1958 Poloniae,
1167 1870 1427 1963 Reges„
1487 1871 1625 1942 sibi
1658 1872 1743 1944 de
1780 1871 1905 1944 illo
1962 1873 2217 1945 favere.
2273 1871 2520 1963 Neque
2555 1870 2896 1963 petitione
2933 1871 3150 1958 facta,
3209 1867 3478 1960 egredi-

394 1997 530 2079 tur,
588 1991 709 2063 sed
747 1989 1169 2064 sententiam
1206 1990 1641 2083 singulorum
1678 1990 2006 2083 requirit,
2048 1991 2288 2064 audire
2327 1991 2641 2082 cupienS,
2682 1990 2850 2083 quid
2891 1991 3188 2082 quisque
3241 1991 3324 2062 de
3363 1989 3489 2060 illo

396 2116 465 2184 et
494 2109 555 2200 2)
611 2111 741 2184 hac
796 2109 1086 2184 materia
1124 2110 1405 2184 sentiat.
1463 2111 1798 2184 Albertus
1836 2111 2390 2203 Iastrzambyecz
2431 2110 2859 2184 Gnesnensis
2896 2109 3486 2202 archiepiscopus,

395 2253 550 2304 cum
614 2231 802 2323 prior
865 2232 1018 2304 loco
1083 2234 1267 2303 esset
1330 2234 1401 2303 et
1463 2229 1656 2321 prior
1720 2231 2141 2304 sententiam
2209 2251 2408 2302 suam
2472 2229 2700 2304 dicere
2774 2250 3115 2304 consensu
3180 2228 3488 2302 omnium

395 2351 773 2440 iuberetur,
829 2351 1061 2425 verbis
1116 2350 1349 2443 longis
1406 2351 1643 2440 factis,
1713 2351 1897 2424 nihil
1952 2351 2126 2424 certi
2181 2355 2304 2422 aut
2359 2350 2726 2438 disseruit,
2793 2355 2917 2422 aut
2971 2349 3487 2437 determinavit,

396 2473 516 2545 sed
570 2493 715 2544 rem
769 2472 843 2544 in
898 2471 1224 2564 ambiguo
1278 2471 1593 2563 reliquit.
1678 2472 1811 2564 Qui
1865 2476 2238 2564 postquam
2293 2473 2500 2545 finem
2553 2471 2829 2544 dicendi
2883 2470 3082 2559 fecit,
3143 2470 3489 2563 Sbigneus

395 2591 762 2684 episcopus
816 2590 1295 2664 cracoviensis
1351 2592 1465 2663 illi
1518 2592 1882 2684 proximus
1937 2596 2224 2684 rogatus
2279 2592 2354 2664 in
2392 2594 2570 2664 hanc
2625 2590 3044 2665 sententiam
3099 2590 3312 2662 verba
3364 2590 3486 2661 ha-

390 2711 577 2784 buit:
634 2711 903 2804 Egebat
956 2733 1069 2784 res
1104 2713 1306 2802 haec,
1364 2713 1809 2785 serenissime
1844 2712 2212 2803 Princeps!
2269 2734 2394 2803 per
2430 2716 2500 2784 10
2537 2711 2928 2804 proposita,
2985 2709 3487 2783 deliberatione

391 2832 761 2924 longaeva,
818 2853 975 2904 cum
1030 2831 1216 2936 adeo·
1253 2832 1545 2924 gravida
1598 2837 1669 2906 et
1722 2833 1939 2905 ardua
1994 2833 2120 2921 sit,
2178 2840 2260 2904 ut
2295 2853 2469 2924 pene
2523 2831 3069 2905 innumerabiles
3121 2831 3340 2902 nodos
3379 2852 3484 2902 se·

393 2974 549 3024 cum
604 2953 862 3024 trahat.
935 2951 1313 3043 Nunquam
1377 2952 1779 3025 huiusmodi
1844 2974 2101 3024 novum
2166 2952 2369 3025 nobis
2435 2951 2926 3027 denuntiatum
2984 2953 3241 3038 fuerat,
3307 2972 3485 3021 nun-

394 3093 601 3164 quam
658 3092 881 3144 sermo
940 3070 1196 3143 similis
1252 3093 1454 3145 aures
1508 3076 1785 3146 nostras
1841 3074 2340 3164 compleverat:
2415 3072 2704 3147 difficile
2759 3093 3036 3164 quoque
3091 3071 3216 3159 sit,
3279 3091 3486 3162 super

389 3213 466 3265 re
529 3197 673 3264 tam
738 3191 1159 3284 gravissima
1230 3193 1671 3284 repentinum
1754 3192 2129 3266 consilium
2204 3194 2624 3285 depromere.
2700 3192 3182 3265 Admiratione
3255 3195 3487 3264 tamen

390 3312 818 3399 vehementi,
874 3312 1248 3403 repetendo
1315 3313 1673 3404 superiora
1727 3317 2069 3405 tempora,
2136 3313 2685 3406 postulationem
2751 3317 2978 3402 tuam,
3047 3311 3488 3385 serenissime

391 3433 587 3512 Dux,
655 3432 1028 3524 doloreque
1092 3436 1163 3504 01
1226 3433 1827 3506 commiseratione
1891 3431 2402 3525 prosequimur.
2485 3433 2588 3504 Ea
2653 3432 2836 3505 enim
2911 3431 3340 3520 conditione,
3408 3453 3488 3504 ea

389 3554 578 3645 lege,
644 3555 861 3625 frater
934 3556 1136 3641 tuus,
1201 3553 1543 3626 Dominus
1622 3559 1859 3626 noster
1922 3552 2362 3624 Wladislaus
2426 3553 2759 3625 Poloniae
2822 3554 3010 3640 Rex,
3083 3552 3158 3625 in
3224 3552 3485 3644 Regem

390 3672 723 3745 Poloniae
779 3672 914 3744 fuit
969 3677 1373 3764 susceptus,
1430 3673 1729 3745 Domina
1764 3672 2210 3744 nobilissima
2263 3672 2606 3765 Hedvigi,
2663 3673 2779 3745 0111
2831 3693 3057 3764 1100110
3109 3672 3184 3743 111
3240 3673 3481 3759 forma,

388 3814 613 3885 neque
678 3792 749 3864 in
812 3813 1095 3885 genere,
1160 3814 1385 3884 neque
1448 3793 1524 3865 in
1589 3793 1897 3880 divitiis,
1966 3794 2188 3864 altera
2249 3797 2524 3884 poterat
2587 3797 2755 3864 tunc
2819 3791 3135 3883 aequari,
3213 3791 3350 3864 sibi
3412 3791 3484 3863 in

391 3911 911 3986 matrimonium
968 3914 1325 4004 copulata,
1384 3912 1546 3985 aliis
1601 3913 1969 3985 catholicis
2025 3912 2508 4004 Principibus,‚
2567 3911 2688 4004 qui
2742 3917 2966 3984 terras
3021 3933 3186 3984 suas
3241 3910 3483 4004 Regno

388 4032 723 4105 Poloniae
775 4036 1115 4124 perpetuo
1172 4033 1515 4106 subiicere
1570 4039 1637 4106 et
1693 4033 2131 4124 incorporare
2189 4055 2261 4106 se
2317 4033 2761 4119 offerrebant‚
2819 4032 3182 4125 neglectiS,
3243 4032 3305 4104 si
3344 4035 3481 4104 ter·

388 4173 505 4224 rae
559 4152 983 4224 Lithuaniae
1046 4153 1251 4226 fidem
1316 4153 1731 4225 catholicam
1798 4153 2267 4244 susciperent,
2335 4158 2401 4225 et
2466 4159 2803 4244 perpetuo
2857 4175 2997 4224 una
3063 4173 3219 4224 cum
3277 4152 3483 4224 terris

389 4271 725 4360 Russiae‚
794 4273 1037 4365 Regno
1091 4273 1423 4347 Poloniae
1488 4279 1558 4346 et
1612 4273 1982 4346 unirentur
2046 4279 2114 4346 et
2170 4273 2704 4346 subiicerentur.
2780 4274 2880 4344 De
2938 4295 3073 4364 quo
3131 4277 3202 4346 et
3255 4273 3484 4364 ipsius

389 4391 767 4464 Wladislai
822 4393 1037 4485 Regis
1094 4399 1165 4465 et
1218 4399 1414 4481 tuae,
1482 4393 1918 4485 aliorumque
1973 4395 2249 4466 Ducum
2301 4393 2724 4466 Lithuaniae
2789 4398 3159 4466 servantur
3213 4395 3480 4486 obliga·

388 4512 617 4584 tiones
672 4517 743 4585 et
781 4513 1051 4600 literae,
1110 4535 1286 4604 quae
1341 4513 1551 4586 etiam
1606 4519 1769 4586 ante
1805 4534 2023 4584 annos
2062 4513 2334 4605 aliquot
2389 4513 2762 4587 innovatae
2815 4518 3012 4601 sunt,
3071 4520 3140 4586 et
3195 4535 3282 4586 ex
3321 4534 3478 4586 con·

388 4632 551 4704 silio
610 4631 1043 4724 Sigismnndi
1097 4632 1348 4726 Regis,
1398 4655 1533 4724 quo
1575 4634 1907 4705 solidiora
1956 4639 2190 4705 essent
2236 4645 2476 4706 nostra
2531 4635 2834 4714 foedera,
2885 4656 3076 4706 arma
3111 4633 3478 4706 nobilitas·

388 4771 523 4842 que
580 4772 736 4824 cum
789 4750 1167 4824 Lithuanis
1221 4754 1602 4845 permixta:
1662 4775 1839 4844 quae
1875 4774 2060 4824 nunc
2113 4753 2268 4844 ipse
2308 4752 2803 4846 Sigismnndus
2858 4755 3012 4826 Rex
3051 4755 3480 4845 disrumpere

387 4876 458 4944 et
512 4871 881 4944 stridorem
942 4872 1285 4944 bellorum
1342 4873 1667 4946 inducere
1721 4877 2032 4944 conat-ur.
2110 4873 2462 4964 Quaenam
2519 4873 2754 4965 itaque
2816 4873 2956 4945 ista
3010 4873 3222 4946 fuerit
3284 4875 3482 4946 vafra

386 4990 715 5078 collusio,
774 4997 855 5062 ut
918 5012 1073 5064 cum
1130 5014 1255 5066 nos
1321 4994 1833 5067 servaverimus
1899 5001 1969 5066 et
2024 5015 2380 5067 servemus
2413 4991 2473 5083 ³)
2541 4993 2770 5065 omnia
2824 4992 3197 5084 promissa,
3267 4995 3482 5066 frater

386 5115 551 5184 tuus
608 5111 1047 5184 Wladislaus
1102 5113 1290 5201 Rex,
1356 5114 1569 5186 etiam
1634 5113 1941 5206 Hedvigi
1994 5114 2268 5206 Regina
2323 5118 2628 5200 mortua,
2699 5117 3020 5186 teneatur
3085 5136 3208 5207 pro
3263 5115 3477 5208 Rege,

385 5231 709 5322 filiosque
764 5252 851 5303 ex
910 5232 1173 5324 Sophia
1224 5234 1497 5328 Regina
1549 5234 1907 5306 Lithuana
1973 5233 2045 5305 111
2102 5255 2296 5324 spem
2350 5232 2580 5325 Regni
2633 5235 2858 5306 nostri
2912 5236 3187 5327 genitos
3244 5255 3477 5307 susc-e-

602 5487 647 5565 ¹)
692 5489 1020 5550 Resumens
1069 5484 1221 5551 0001.
1269 5487 1465 5552 Rozr.
1513 5487 1569 5570 ⁹)
1611 5489 1673 5549 in
1723 5483 1875 5550 Cod.
1925 5483 2101 5550 Calc.
2152 5487 2204 5566 ³)
2252 5507 2557 5550 servamus
2602 5486 2729 5550 Ed.
2775 5485 2958 5571 [ἱρά
