4342 6384
920 517 1068 591 646
2099 544 2325 597 LIBER
2376 540 2887 596 Duomscmus.
3459 482 3606 615 (Α.
3651 515 3754 587 D.
3788 508 4055 605 1440.)
4181 546 4188 565 2

1596 850 1926 922 Elisabeth
1970 850 2333 939 Hungariae
2377 849 2624 938 aegina
2664 849 2734 920 iu
2778 848 3100 919 Austrim
3141 847 3329 936 ugit.

1123 1088 1439 1159 Audiens
1495 1087 1861 1161 Elisabeth
1898 1086 2203 1178 Regina,
2262 1107 2439 1178 quae
2494 1087 2567 1159 16
2607 1087 2897 1159 civitate
2932 1087 3323 1178 Przesburg
3376 1089 3547 1157 tunc
3589 1085 4041 1170 morabatur,
4171 1068 4172 1071 ¹

917 1207 1430 1280 coronationem
1506 1207 1883 1280 Wladislai
1957 1206 2175 1299 Regis
2249 1229 2404 1279 cum
2478 1207 2782 1280 maximo
2849 1207 3155 1278 omnium
3217 1227 3564 1278 consensu
3648 1226 3825 1276 6886
3889 1227 4036 1295 per-

920 1329 1203 1415 fectam,
1281 1348 1419 1399 non
1484 1329 1726 1400 valens
1791 1328 2001 1399 verba
2064 1327 2418 1400 continere
2482 1332 2551 1400 et
2612 1327 2972 1412 1661111168,
3050 1347 3221 1416 (1668
3275 1325 3701 1416 magnitudo
3772 1325 4039 1396 doloris

920 1452 987 1518 et
1040 1446 1391 1538 passionis
1447 1447 1711 1519 indices
1768 1447 1993 1519 cordis
2050 1447 2484 1534 effundebat,
2542 1447 2763 1519 fertur
2802 1446 3194 1518 conditione
3230 1445 3670 1517 Polonorum
3717 1445 4038 1529 laudata,

920 1567 1411 1658 Hungarorum
1472 1566 1665 1658 genti
1730 1568 2217 1658 exprobrasse:
2305 1567 2391 1639 O!
2461 1567 2726 1657 inquit,
2799 1586 2971 1658 gens
3052 1566 3387 1657 maligna,
3464 1586 3651 1656 gens
3732 1566 4033 1656 perfida!

919 1709 1057 1758 666
1112 1686 1456 1774 advertiS,
1515 1708 1652 1758 non
1707 1686 1938 1773 videS,
2007 1708 2215 1777 quam
2270 1686 2727 1758 inhumanum
2793 1685 3063 1758 facinus
3119 1685 3465 1758 edideris?
3551 1685 3705 1757 Sed
3765 1684 3839 1756 si
3897 1686 4036 1755 cul·

918 1828 1077 1897 pam
1134 1811 1325 1878 tuam
1365 1807 1418 1894 1)
1474 1828 1599 1898 1161
1651 1827 1724 1878 86
1787 1827 1927 1878 666
1982 1807 2375 1899 cognosciS,
2442 1827 2529 1879 ex
2585 1806 2883 1878 aliorum
2948 1806 3489 1895 comparatione,
3562 1812 3856 1896 quanta
3923 1806 4034 1887 sit,

917 1946 1234 2017 agnosce.
1318 1927 1497 1997 Ecce
1563 1927 1744 1998 enim
1818 1926 2051 1999 vicina
2114 1927 2248 2000 tibi
2312 1927 2733 1999 Polonorum
2805 1946 2978 2019 gens
3043 1925 3414 1996 Dominum
3480 1928 3555 1996 et
3618 1925 3866 2016 Regis
3934 1925 4033 1995 sui

918 2046 1178 2133 filium,
1237 2046 1558 2136 quamvis
1614 2050 1840 2119 aetate
1897 2048 2275 2137 ephebum,
2333 2047 2406 2119 16
2455 2051 2822 2137 paternum
2879 2045 3135 2117 solium
3172 2044 3435 2130 evexit,
3493 2049 3570 2116 et
3623 2045 3773 2116 hoc
3830 2045 4033 2115 bene-

919 2166 1076 2237 ficio
1133 2187 1270 2238 non
1324 2170 1677 2252 contenta,
1738 2171 1815 2236 ut
1883 2166 2079 2238 aliud
2152 2166 2585 2257 adipiscatur
2647 2166 2967 2256 Regnum
3033 2169 3103 2236 et
3153 2164 3503 2256 geminato
3571 2165 4034 2255 resplendeat

918 2285 1339 2372 diademate,
1395 2306 1535 2356 non
1590 2286 1812 2374 vitae,
1868 2307 2006 2357 11611
2062 2286 2318 2378 quieti,
2377 2307 2516 2356 non
2570 2285 2873 2356 fortunis
2929 2284 3266 2375 indulget.
3332 2284 3434 2355 Tu
3484 2284 3746 2356 ordine
3805 2293 4031 2356 trans·

920 2426 1153 2493 verSO,
1212 2427 1349 2477 666
1404 2426 1616 2498 auges
1670 2406 1885 2498 Regis
1951 2407 2057 2478 tui
2112 2406 2561 2499 dignitatem,
2628 2405 2751 2476 sed
2804 2404 3138 2477 detrahis.
3214 2403 3331 2476 Sic
3385 2406 3563 2491 fata,
3625 2405 4033 2496 Przesburg

918 2525 1295 2616 egreditur,
1354 2525 1580 2596 verita
1631 2525 2055 2616 periculum,
2115 2525 2188 2597 in
2228 2525 2590 2597 Austriam
2644 2502 2869 2611 16611,
2927 2523 3283 2596 Friderico
3321 2525 3819 2596 Romanorum
3860 2525 4031 2617 Regi

919 2648 990 2717 et
1054 2644 1386 2717 Austriae
1462 2645 1640 2716 Duci
1721 2647 2095 2735 parvulum
2169 2651 2411 2717 natum
2494 2665 2698 2715 suum
2770 2643 3177 2716 Ladislaum
3250 2649 3321 2715 et
3390 2664 3730 2715 coronam
3808 2645 4032 2737 Regni

918 2764 1355 2855 Hungariae,
1414 2785 1621 2856 quam
1680 2765 1763 2836 de
1818 2763 2280 2856 Wischogrod
2311 2762 2373 2853 ²)
2440 2764 2861 2851 abstulerat,
2930 2763 3394 2851 commendat,
3459 2768 3542 2834 ut
3599 2764 3826 2836 illum
3883 2772 4027 2835 tau-

918 2907 1126 2975 quam
1184 2886 1396 2957 frater
1449 2885 1793 2975 patruelis
1848 2885 2188 2975 gubernet
2243 2889 2312 2955 et
2358 2883 2545 2956 vices
2601 2883 2824 2974 patris
2880 2889 3073 2975 agat,
3133 2888 3395 2955 exorat.
3453 2884 3842 2956 Consentit
3879 2885 4023 2955 Fri-

918 3005 1192 3076 dericus
1248 3005 1717 3075 Romanorum
1775 3004 1963 3091 Rex,
2019 3008 2089 3075 et
2144 3008 2287 3075 tam
2343 3005 2717 3095 puerulum
2748 3002 2810 3092 3)
2875 3023 3081 3094 quam
3138 3024 3456 3076 coronam
3513 3002 3589 3073 in
3651 3026 3865 3075 suam
3922 3026 4022 3074 ac-

920 3123 1096 3214 cipit
1161 3124 1456 3195 tutelam
1514 3127 1583 3194 et
1635 3125 2078 3211 potestatem.

1137 3484 1416 3571 nungari
1461 3484 1638 3555 datis
1683 3484 1912 3568 literis,
1958 3484 2149 3554 fldem
2197 3488 2266 3555 et
2312 3484 2746 3555 obedientiam
2794 3485 3145 3557 wladislao
3190 3485 3346 3574 Regi
3393 3485 3822 3572 promittunt.

1125 3721 1562 3793 Wladislaus
1601 3721 2005 3812 Hungariae
2042 3726 2111 3792 et
2149 3721 2482 3793 Poloniae
2521 3723 2707 3810 Rex,
2766 3723 2938 3794 feria
2977 3724 3278 3796 secunda
3315 3725 3388 3795 in
3428 3724 3741 3796 crastino
3782 3726 4020 3798 Sancti

919 3840 1194 3927 Alexii,
1254 3846 1323 3912 et
1376 3862 1596 3931 usque
1652 3842 1738 3912 ad
1794 3841 1973 3913 diem
2029 3841 2322 3912 Veneris
2377 3843 2804 3913 mansionem
2863 3864 3063 3913 suam
3117 3845 3191 3914 iu
3245 3844 3430 3915 Alba
3485 3845 3747 3936 Regali
3803 3847 4010 3917 couti·

920 3965 1123 4031 nnat:
1182 3959 1303 4032 ubi
1358 3960 1789 4032 instantibus
1844 3960 2220 4032 baronibus
2277 3965 2345 4032 et
2399 3960 2856 4033 multitudine
2911 3962 3255 4034 nobilium
3292 3964 3738 4055 Hungariae,
3799 3967 4016 4037 Simo·

919 4099 1076 4150 nem
1116 4078 1526 4169 Agriensem
1584 4079 1984 4170 episcopum
2039 4079 2113 4150 in
2152 4079 2646 4151 cancellarium
2684 4081 2912 4172 Regni
2953 4082 3356 4174 Hungariae
3393 4089 3612 4172 creat,
3673 4092 3749 4156 et
3788 4108 4018 4157 omnes

918 4198 1192 4283 1116168,
1251 4196 1406 4268 1616
1460 4203 1529 4269 61
1581 4198 1953 4290 privilegia
2006 4198 2613 4289 praedecessorum
2653 4223 2937 4273 suorum
2988 4202 3260 4294 Regum
3300 4204 3735 4295 Hungariae,
3797 4205 4018 4277 literis

920 4317 1070 4388 suis
1126 4316 1254 4387 sub
1311 4317 1700 4388 maiestatis
1757 4318 1992 4410 sigillo
2048 4321 2440 4407 confirmat,
2507 4321 2682 4392 bene
2738 4322 3026 4393 meritos
3082 4322 3375 4395 barones
3439 4324 3680 4395 attolit
3740 4326 4013 4396 honori-

917 4437 1049 4507 bus
1106 4441 1173 4508 et
1229 4435 1744 4507 donationibus,
1803 4438 1986 4508 Arca
2024 4458 2180 4508 cum
2218 4438 2617 4530 insignibus
2672 4441 2890 4532 regiis
2946 4447 3016 4513 et
3055 4463 3304 4513 corona
3342 4464 3524 4514 nova
3576 4443 3651 4514 in
3692 4444 4013 4518 Wischo·

918 4555 1088 4646 grod
1117 4554 1181 4644 ⁴)
1237 4556 1559 4642 refertur,
1617 4559 1698 4624 ut
1753 4555 1971 4626 futuri
2026 4557 2256 4647 Reges
2312 4558 2749 4649 Hungariae,
2811 4582 2947 4650 quo
3003 4561 3196 4652 prior
3250 4582 3501 4633 corona
3553 4564 3803 4654 aliquo
3861 4588 4014 4637 casu

918 4672 1238 4746 rehaberi
1296 4666 1439 4743 'non
1501 4673 1877 4763 116161115),
1954 4674 2080 4745 1116
2146 4681 2215 4747 61
2279 4697 2417 4747 non
2483 4678 2625 4749 alia
2689 4685 3207 4752 coronarentur.
3293 4682 3636 4769 Praelati‚
3694 4684 4011 4771 11616668,

921 4791 1223 4878 66111168,
1299 4795 1584 4881 totaque
1648 4793 2106 4866 communitas
2180 4793 2407 4888 Regni
2470 4798 2875 4890 Hungariae
2945 4800 3254 4890 publicis
3329 4807 3398 4873 et
3473 4801 3685 4874 claris
3765 4804 4007 4890 1116118,

922 4909 1390 4982 Wladislaum
1446 4911 1765 4983 concordi
1820 4913 2156 4986 electione
2210 4914 2284 4985 in
2322 4917 2583 5007 Regem
2621 4918 3025 5009 Hungariae
3063 4925 3501 5006 coronatum,
3559 4943 3684 5012 pro
3724 4924 4011 4994 Domino

922 5031 991 5100 et
1043 5049 1206 5100 vero
1244 5029 1433 5121 Rege
1473 5036 1740 5119 tenere,
1797 5033 2084 5121 habere,
2126 5035 2325 5125 eique
2364 5036 2601 5124 fidem,
2662 5038 3128 5112 obedientiam
3171 5046 3240 5113 et
3279 5041 3783 5113 subiectionem
3826 5065 4007 5133 prae·

1137 5298 1181 5377 ι)
1230 5317 1395 5359 suam
1440 5299 1566 5362 Ed.
1614 5300 1793 5384 Lips.
1844 5303 1894 5382 2)
1942 5325 2014 5366 ex
2058 5306 2408 5383 Wissegrad
2456 5304 2607 5370 Cod.
2640 5307 2816 5372 Kost.
2866 5308 2922 5392 ³)
2968 5314 3280 5389 parvulum
3329 5310 3483 5375 (lod.
3527 5310 3705 5375 Kost.
3765 5312 3821 5393 ⁴⁸)
3869 5317 4007 5375 Wis-

925 5400 1140 5475 segrad
1187 5395 1337 5462 Cod.
1384 5400 1560 5465 Kost.
1626 5401 1677 5482 ⁶)
1725 5424 1842 5466 non
1894 5413 2096 5487 posset
2144 5404 2296 5470 Cod.
2343 5407 2520 5472 Kost.
