4342 6384
822 505 921 576 50
2019 533 2246 586 LIBER
2299 532 2756 586 UnnnchS.
3016 596 3022 600 ,
3391 498 3523 598 (Α-
3565 494 3657 567 D·
3700 483 3949 583 ⁸4⁸⁰)

812 710 887 782 in
943 712 1305 801 manibus,
1365 717 1436 785 et
1473 714 1529 804 ¹)
1585 717 2056 806 praesentiam
2110 718 2328 811 Regis
2382 716 2850 810 requirenteS,
2907 710 3216 786 militum
3281 704 3620 779 Poloniae
3676 696 3947 778 tutela,

813 850 901 901 ne
957 830 1420 921 violarentur,
1489 834 1577 905 ad
1632 835 1896 928 Regem
1962 837 2341 910 conductos
2409 838 2672 910 adesse.
2747 834 2924 907 Illos
2991 829 3338 923 siquidem
3392 821 3731 897 Prussiae
3793 816 3949 888 Ma-

812 949 1037 1041 gister
1092 950 1384 1024 Ulricus
1441 953 1528 1024 ad
1584 954 2060 1029 Wladislaum
2117 958 2410 1050 Regem,
2468 957 2553 1029 ad
2591 953 3087 1029 conserendum
3143 948 3491 1041 praelium
3549 942 3707 1014 sine
3762 956 3948 1009 cun·

814 1069 1122 1141 ctatione
1178 1076 1249 1143 et
1303 1071 1782 1146 dimicandum
1838 1076 2020 1165 acie,
2078 1078 2473 1165 exciturus,
2530 1074 2790 1148 additis
2828 1074 3118 1164 insuper
3171 1065 3495 1159 superbis
3554 1055 3950 1139 mandatiS,

815 1189 1332 1263 transmiserat.
1391 1191 1664 1283 Quibus
1722 1194 2162 1267 Wladislaus
2217 1196 2549 1267 Poloniae
2604 1196 2760 1267 Rex
2815 1192 3026 1280 visis,
3082 1193 3283 1261 ratus
3340 1186 3507 1259 illos
3574 1185 3691 1272 (ut
3748 1178 3954 1260 erat)

816 1307 1091 1399 aliquid
1144 1331 1368 1383 novae
1424 1316 1496 1383 et
1551 1312 1885 1387 insolitae
1940 1314 2315 1407 legationis
2353 1316 2529 1386 ferre
2560 1312 2648 1403 ²),
2705 1312 3076 1384 Nicolaum
3131 1300 3796 1381 vicecancellarium
3838 1317 3951 1367 re-

816 1448 1065 1500 vocare
1120 1429 1406 1518 iubenS,
1464 1431 1539 1502 in
1597 1432 1750 1504 eius
1807 1438 2020 1524 atque
2073 1438 2416 1506 certorum
2469 1434 2838 1521 baronum,
2898 1430 3155 1522 quibus
3211 1426 3391 1519 regii
3447 1419 3766 1513 corporis
3826 1436 3953 1486 cu·

818 1548 1048 1620 stedia
1103 1550 1434 1622 mandata
1490 1552 1752 1638 fuerat,
1810 1553 2143 1626 videlicet
2198 1554 2411 1625 Ducis
2467 1552 2761 1625 iunioris
2819 1549 3172 1623 Masoviae
3220 1542 3603 1629 Semoviti,
3662 1534 3958 1628 nepotis

816 1688 1147 1759 germana
1203 1690 1292 1741 ex
1348 1692 1584 1744 sorore
1637 1673 1849 1764 regii,
1906 1672 2245 1744 Iohannis
2301 1672 2615 1744 Manszik
2645 1669 2707 1759 ³)
2761 1671 2846 1743 de
2901 1668 3342 1752 Dambrowa,
3403 1662 3764 1736 Szolawac
3806 1657 3954 1726 Bo·

823 1789 1050 1876 hemi,
1111 1788 1404 1880 Sbignei
1459 1791 1545 1862 de
1583 1790 2040 1864 Oleschnicza
2095 1792 2484 1879 secretarii,
2542 1789 2868 1862 Dobeslai
2922 1788 3234 1879 Kobyla,
3293 1778 3760 1857 Wolczkonis
3807 1775 3956 1847 Ro-

822 1907 1037 1978 kuthi
1068 1907 1158 1996 ⁴),
1235 1909 1638 2000 Boguphali
1670 1909 1732 1999 5)
1799 1911 2118 2002 magistri
2183 1910 2551 2001 coquinae,
2618 1907 2903 1999 Sbignei
2959 1907 3232 1996 Czayka
3295 1904 3381 1975 de
3435 1898 3865 1989 Nowydwor
3894 1892 3960 1980 θ)

820 2026 1088 2116 regiam
1128 2027 1468 2113 lanceam,
1509 2028 1790 2101 Nicolai
1829 2031 2249 2121 Morawyecz
2286 2029 2630 2102 vexillum
2667 2028 3063 2119 parvulum,
3103 2020 3529 2097 Danilkonis
3567 2018 3654 2090 de
3683 2012 3965 2088 Russia

827 2145 1131 2237 sagittas
1194 2147 1454 2238 regias.
1492 2148 1990 2238 deferentium,
2057 2149 2384 2240 quoniam
2447 2147 2805 2220 festinatio
2869 2146 2943 2218 in
3006 2143 3388 2235 praelium,
3460 2134 3964 2211 Alexandrum

826 2265 1093 2337 Ducem
1150 2265 1481 2356 Magnum
1542 2266 2002 2356 Lithuaniae,
2070 2273 2140 2340 et
2204 2268 2564 2359 occupatio
2627 2267 2778 2339 eius
2834 2265 3016 2338 circa
3080 2259 3596 2355 componendas
3662 2272 3970 2326 suorum

826 2383 1048 2471 acieS,
1108 2383 1340 2455 vetuit
1406 2385 1653 2471 acciri,
1722 2388 2141 2458 Aroldorum
2209 2387 2625 2478 legationem
2690 2386 2908 2457 audit.
2986 2383 3120 2476 Qui
3185 2378 3589 2455 reverentia
3651 2369 3974 2464 aliquali

825 2503 1015 2594 apud
1089 2504 1354 2594 Regem
1423 2505 1641 2591 facta,
1719 2504 2096 2597 legationis
2171 2527 2339 2578 suae
2414 2507 2622 2578 verba
2684 2504 3112 2577 Theutouico
3188 2501 3557 2584 idiomate,
3635 2494 3977 2566 Iohanne

829 2622 1154 2694 Manszik
1210 2623 1760 2714 interpretante,
1828 2624 1903 2696 in
1955 2626 2143 2696 hunc
2181 2627 2457 2696 modum
2511 2625 2895 2697 disserunt:
2971 2619 3477 2694 Illustrissime
3532 2616 3729 2689 Rex!
3811 2610 3974 2681 Ma·

826 2743 1051 2834 gister
1112 2742 1451 2814 Prussiae
1517 2743 1871 2834 generalis
1937 2742 2223 2815 Ulricus
2296 2742 2518 2814 mittit
2580 2742 2713 2815 tibi
2784 2745 2854 2815 et
2916 2740 3118 2812 fratri
3192 2744 3315 2811 tuo
3391 2743 3827 2828 (suppresso
3897 2733 3979 2799 et

831 2862 1229 2932 Alexandri
1294 2867 1365 2933 et
1420 2862 1641 2933 Ducis
1707 2862 2027 2951 nomine)
2097 2884 2222 2953 per
2282 2884 2408 2935 nos
2473 2863 2771 2933 Aroldos
2833 2864 3237 2951 praesentes
3302 2859 3479 2928 duos
3543 2852 3835 2946 gladios
3896 2848 3979 2919 in

831 3001 1111 3071 pugnae
1169 2980 1585 3071 suffragium
1641 2981 1952 3068 futurae,
2011 2987 2355 3071 quatenus
2410 3004 2565 3054 cum
2621 3002 2699 3053 eo
2756 2985 2826 3052 et
2876 2984 3083 3071 gente
3138 2998 3268 3049 sua
3321 2976 3562 3048 minus
3619 2974 3979 3044 cunctan-

832 3103 945 3170 ter
1000 3102 1071 3169 et
1125 3098 1352 3190 magis
1409 3098 1694 3185 audaci,
1752 3119 1963 3189 quam
2017 3120 2221 3190 quem
2275 3102 2689 3191 praeseferS,
2748 3099 2978 3170 animo
3034 3094 3550 3189 congrediaris,
3608 3110 3847 3181 neque
3887 3087 3981 3158 de

834 3221 1110 3290 caetero
1167 3218 1445 3305 latites,
1513 3224 1585 3289 et
1650 3218 1838 3289 iutra
1903 3218 2122 3290 silvas
2185 3241 2597 3311 nemora-que
2657 3217 3081 3305 consistenS,
3147 3237 3458 3308 pugnam
3532 3210 3811 3283 trahas.
3897 3206 3985 3277 Si

834 3343 1070 3408 autem
1129 3336 1459 3408 strictum
1518 3341 1590 3407 et
1626 3341 1896 3407 arctum
1954 3357 2272 3429 campum
2327 3345 2395 3411 te
2449 3339 2535 3409 ad
2572 3336 3062 3428 explicandum
3112 3339 3396 3407 tuorum
3452 3331 3648 3404 acies
3704 3327 3983 3399 habere

835 3456 1246 3541 existimas,
1307 3454 1511 3527 offert
1566 3455 1701 3527 tibi
1756 3456 2094 3547 Magister
2145 3457 2472 3528 Prussiae
2525 3457 2843 3542 UlricuS‚
2910 3458 3256 3546 quatenus
3321 3457 3393 3525 to
3456 3450 3545 3521 ad
3604 3452 3985 3521 certamen

835 3574 1111 3661 eliciat,
1179 3574 1267 3645 de
1330 3572 1633 3664 planitie
1704 3575 1965 3664 campi,
2041 3595 2248 3665 quam
2313 3596 2437 3645 suo
2501 3575 2808 3647 exercitu
2882 3572 3283 3664 occupavit,
3360 3572 3448 3642 ad
3482 3571 3545 3658 7)
3614 3570 3987 3660 quantum

835 3694 1069 3779 voles,
1129 3692 1500 3777 excedere;
1559 3695 1682 3762 aut
1722 3694 2007 3777 saltem,
2063 3713 2149 3764 ne
2187 3713 2488 3784 pugnam
2542 3693 2839 3764 ulterius
2894 3693 3193 3764 dilatum
3250 3696 3399 3762 ate
3437 3688 3529 3760 iri
3568 3685 3987 3776 contingat,

839 3812 1092 3882 Martis
1121 3810 1188 3897 8)
1246 3831 1570 3899 campum
1629 3809 2015 3899 quemlibet
2068 3809 2317 3901 delige.
2375 3812 2564 3883 Haec
2619 3811 2887 3883 Aroldi.
2945 3812 3031 3883 In
3070 3811 3225 3902 ipso
3282 3813 3523 3881 autem
3579 3803 3991 3898 legationis

838 3927 1269 4000 Aroldorum
1324 3933 1620 4017 puncto,
1680 3928 2186 4000 cruciferorum
2245 3929 2591 4000 exercitus
2646 3929 3243 4001 denuntiationem
3295 3949 3532 4015 suam,
3591 3948 3725 4017 per
3763 3923 3991 3996 Arol-

839 4048 968 4118 dos
1027 4046 1319 4130 factam,
1376 4049 1721 4130 testatuS,
1777 4045 2351 4117 retrocessionem
2405 4048 2489 4116 ad
2529 4048 2831 4137 spatium
2888 4049 3073 4118 haud
3129 4048 3470 4139 exiguum
3526 4049 3832 4117 notatus
3870 4048 3995 4115 est

841 4166 1126 4245 fecisse,
1187 4168 1268 4232 ut
1324 4166 1698 4251 appareret
1763 4183 1922 4233 eum
1987 4162 2193 4234 fidem
2248 4165 2661 4235 Aroldorum
2728 4171 2798 4236 et
2860 4164 3345 4238 intimatorum
3405 4185 3705 4236 suorum
3765 4182 3995 4252 opere

842 4280 1310 4373 expressisse.
1387 4279 1630 4350 Stulta
1690 4280 2000 4369 profecto
2066 4285 2135 4353 et
2197 4301 2439 4371 parum
2503 4303 2736 4352 eorum
2800 4283 3130 4375 religioni
3192 4306 3539 4376 congrua,
3611 4285 3794 4355 haec
3862 4281 3992 4352 de-

841 4400 1238 4486 nuntiatio,
1301 4398 1504 4489 quasi
1574 4399 1925 4468 fortunam
1990 4398 2062 4468 in
2127 4421 2253 4469 suo
2316 4399 2638 4487 consilio,
2706 4422 2969 4491 suaque
3033 4408 3386 4493 potestate
3452 4402 3786 4475 habitam
3856 4421 3992 4471 no-

843 4522 1153 4606 vissent,
1215 4517 1390 4607 quid
1446 4514 1701 4603 cuique
1764 4517 1923 4586 luce
1987 4517 2114 4586 illa
2168 4518 2607 4608 assignatura
2635 4520 2697 4606 ⁹)
2754 4521 2949 4591 foret.
3024 4521 3469 4593 Wladislaus
3535 4525 3788 4592 autem
3848 4520 3996 4590 Po·

842 4639 1079 4711 Ioniae
1136 4638 1331 4721 Rex,
1391 4634 1695 4722 superba
1749 4637 1819 4705 et
1873 4634 2228 4724 arroganti
2283 4635 2626 4726 legatione
2664 4638 3171 4710 Cruciferorum
3227 4640 3508 4726 audita,
3568 4638 3846 4731 gladiis
3904 4638 4001 4709 de

845 4757 1176 4829 manibus
1233 4751 1665 4824 Aroldorum
1731 4751 2146 4841 accepta-tie,
2213 4773 2348 4822 non
2413 4753 2484 4824 in
2536 4754 2746 4826 bilem
2820 4762 2943 4827 aut
3005 4757 3573 4848 indignationem
3632 4756 3999 4848 aliquam,

849 4878 971 4946 sed
1038 4876 1111 4945 in
1168 4871 1502 4944 lacrimas
1567 4869 1957 4954 resolutus,
2023 4869 2538 4957 responsionem
2604 4893 2832 4958 suam,
2906 4875 3105 4945 nulla
3169 4875 3724 4963 deliberatione,
3807 4875 4004 4947 mira

1073 5158 1122 5237 ¹)
1168 5159 1247 5217 ad
1297 5153 1451 5220 Cod.
1499 5154 1694 5215 Rozr.
1746 5153 1798 5230 ²)
1845 5154 1999 5211 ferre
2044 5158 2102 5210 et
2145 5152 2378 5211 nuntios
2409 5172 2538 5213 esse
2586 5152 2733 5216 C'od.
2766 5155 2955 5218 Rozr.
3005 5134 3057 5237 ἓἦ)
3104 5162 3320 5237 Mezyk
3371 5157 3529 5222 Cod.
3562 5159 3754 5223 Kost.
3789 5163 4008 5241 Mazik

850 5260 979 5324 Ed.
1030 5258 1214 5341 Lips.
1279 5256 1336 5335 ⁴)
1379 5257 1623 5317 Rokuta
1672 5249 1825 5315 Cod.
1880 5250 2057 5312 Kost.
2123 5251 2175 5328 ⁶)
2220 5253 2593 5327 Boguchwali
2655 5253 2804 5317 Cod.
2857 5257 3032 5319 Kost.
3095 5260 3149 5336 ⁸)
3196 5264 3562 5324 Nowodwor
3616 5262 3753 5326 Ed.
3808 5263 4005 5348 Lips.

858 5363 910 5448 ⁷)
959 5369 1020 5422 et
1068 5358 1224 5423 Cod.
1272 5358 1469 5438 Rozr.
1521 5356 1577 5437 ⁸)
1621 5355 1798 5415 Marti
1848 5349 2001 5415 Cod.
2047 5350 2239 5412 Rozr.
2288 5352 2342 5432 ⁹)
2384 5357 2632 5415 allatura
2673 5355 2795 5417 Ed.
2845 5357 3023 5442 Lipa.
