4342 6384
389 568 528 675 (Α.
570 574 663 649 D.
707 569 934 672 1419.)
1591 591 1818 647 Lmnn
1871 589 2332 648 unnncnms.
3331 574 3478 650 223

387 781 765 855 ciferorum
819 785 1065 873 (prece
1082 838 1098 870 ,
1157 780 1498 854 incertum
1555 785 1695 870 est,
1753 801 1843 852 an
1893 779 2120 872 pretio
2174 778 2529 872 pellecti),
2588 799 2837 854 causae
2894 801 3057 853 vero
3112 780 3488 854 Wladislai

391 899 818 974 Polonorum
873 900 1121 993 Regia,
1188 901 1408 974 nullis
1471 900 1624 975 eius
1687 900 2284 993 propositionibus
2348 905 2417 974 et
2479 900 2837 992 responsis
2900 901 3195 990 auditis,
3266 901 3487 974 nullis

393 1019 672 1093 iuribus
727 1019 938 1108 visiS‚
996 1020 1234 1094 hostes
1290 1021 1529 1094 infesti
1585 1041 1768 1108 esse,
1826 1041 1906 1092 ac
1958 1041 2083 1112 per
2134 1021 2381 1094 literas
2438 1041 2601 1093 suas
2658 1020 3163 1094 cruciferorum
3217 1026 3485 1113 partem

387 1139 810 1228 iustificare,
884 1139 1148 1233 regiam
1213 1161 1376 1214 vero
1441 1141 1769 1213 damnare
1831 1145 2230 1231 coeperunt.
2304 1141 2407 1214 De
2462 1161 2597 1233 quo
2664 1139 3102 1213 Wladislaus
3157 1140 3491 1214 Poloniae

382 1259 545 1332 Rex
599 1259 1054 1348 amaricatu&
1121 1261 1434 1352 graviter
1486 1259 1560 1331 in
1616 1260 1780 1332 illos
1845 1261 2030 1351 apud
2083 1261 2463 1332 Martinum
2518 1260 2783 1352 Papam
2838 1259 3159 1332 invectus
3212 1264 3353 1348 est,
3418 1265 3489 1332 et

382 1378 618 1452 literis
639 1435 657 1467 ,
715 1399 887 1472 quas
945 1380 1311 1468 subnecto,
1380 1379 1713 1453 infestum
1780 1379 1932 1452 illis
1997 1386 2067 1452 et
2118 1379 2430 1472 graviter
2492 1379 2934 1471 indignatum
2988 1380 3250 1472 Papam
3305 1381 3485 1452 Mar-

386 1498 622 1572 tinum
677 1481 1010 1572 reddidit.

607 1618 1072 1708 „Beatissimo
1126 1621 1368 1692 Pater!
1437 1619 1697 1711 Recepi
1753 1641 1959 1711 quam
2013 1619 2357 1711 plurimas
2422 1618 2667 1692 literas
2740 1624 3017 1692 vestrae
3073 1617 3487 1692 Sanctitatis

395 1759 654 1830 „super
706 1759 947 1827 causa,
1005 1759 1183 1830 quae
1238 1739 1538 1812 vertitur
1592 1738 1776 1812 inter
1829 1760 1937 1812 me
1990 1744 2062 1811 et
2115 1739 2532 1830 Magistrum
2588 1759 2667 1811 ae
2720 1737 3049 1812 Ordinem
3104 1738 3482 1810 crucifero-

396 1881 598 1947 „rum
652 1858 738 1931 de
791 1859 1112 1946 Prnssia,
1183 1864 1253 1930 et
1315 1880 1527 1950 super
1587 1859 2039 1932 excusatione
2092 1862 2485 1930 vestrorum
2541 1858 2609 1930 N
2616 1857 3005 1946 untiorum,
3072 1878 3246 1950 quos
3311 1857 3483 1929 San-

399 1979 654 2066 „ctitas
710 1984 946 2052 vestra
996 1977 1192 2051 misit
1243 1999 1368 2069 pro
1423 1999 1592 2070 pace
1645 1976 1832 2050 inter
1883 1999 2010 2051 nos
2065 1977 2459 2064 tractanda,
2516 1982 2587 2050 et
2637 1977 3171 2069 reprehensione
3224 1998 3485 2066 eorum,

399 2097 568 2188 „qui
623 2097 960 2170 tractatui
1013 2097 1506 2171 interfuerunt.
1583 2099 1727 2189 Ego
1783 2102 2049 2186 autem,
2115 2097 2325 2170 Pater
2388 2096 2824 2186 beatissime,
2892 2097 3061 2169 licet
3125 2096 3486 2184 nescirem,

401 2217 584 2305 „nisi
637 2217 1018 2309 approbare
1082 2218 1264 2308 quod
1339 2217 1692 2290 Sanctitas
1750 2221 1986 2290 vestra
2048 2218 2419 2309 approbat,
2488 2220 2555 2288 et
2608 2217 2937 2290 damnare
3009 2217 3193 2308 quod
3248 2219 3488 2290 vestra

401 2336 800 2424 „Sanctitas
856 2337 1172 2410 damnat:
1229 2342 1464 2410 tamen
1519 2359 1656 2408 non
1695 2336 1894 2429 potui
1950 2359 2086 2409 non
2121 2337 2389 2424 dolere,
2448 2335 2633 2426 quod
2687 2335 2899 2408 iidem
2938 2335 3161 2408 vestri
3197 2335 3481 2422 Nuntii,

401 2477 582 2544 „non
637 2456 878 2528 audita-
945 2463 1142 2548 parte
1197 2478 1380 2543 mea,
1455 2458 1577 2528 sed
1631 2477 1758 2528 nec
1810 2459 2208 2549 praesente,
2273 2475 2496 2546 neque
2548 2454 2850 2541 iudices,
2926 2455 3047 2527 sed
3102 2459 3485 2529 tentatores

398 2575 682 2663 „electi,
742 2575 1058 2648 tulerunt
1109 2579 1352 2648 contra
1414 2597 1524 2649 me
1579 2576 2030 2662 sententiam,
2100 2575 2303 2667 quasi
2368 2574 2631 2647 iniuste
2685 2579 2989 2666 peterem
3057 2595 3233 2666 quae
3285 2578 3478 2666 pete-

398 2694 636 2782 „bam,
710 2698 780 2768 et
842 2695 1026 2786 quod
1089 2695 1368 2767 iustitia
1429 2696 1654 2786 partis
1717 2696 2048 2769 adversae
2111 2698 2477 2787 appareret
2520 2693 2824 2790 ‘fundata
2886 2715 3099 2786 super
3159 2694 3483 2767 omnibus

399 2812 627 2901 „illis,
687 2833 864 2904 quae
917 2815 1261 2906 petebam.
1338 2814 1536 2905 Quod
1589 2836 1668 2888 eo
1733 2814 2072 2887 iniustius
2129 2815 2469 2901 fecerunt,
2539 2813 2721 2905 quod
2776 2813 3270 2887 ordinaverant
3322 2834 3481 2886 ean-

399 2932 600 3022 „dem
655 2952 855 3004 suam
910 2934 1328 3007 sententiam
1384 2935 1472 3006 ad
1510 2934 1817 3006 omnium
1853 2933 2213 3006 hominum
2268 2932 2593 3005 notitiam
2628 2932 2827 3025 prius
2882 2954 3091 3025 quam
3136 2933 3223 3005 ad
3262 2953 3485 3006 meam

397 3051 838 3143 „pervenirez
913 3075 1072 3126 cum
1127 3053 1444 3126 dederint
1509 3073 1718 3144 super
1770 3054 1942 3126 haec
2003 3052 2193 3145 parti
2246 3053 2579 3125 adversae
2632 3052 2909 3139 literas,
2968 3052 3224 3143 quibus
3280 3072 3357 3125 se
3398 3057 3483 3124 et

399 3171 628 3262 „apud
682 3172 1046 3264 Principes
1101 3172 1484 3246 iustificare
1537 3178 1910 3265 potuerant
1963 3178 2034 3246 et
2087 3193 2309 3246 meam
2355 3176 2625 3264 partem
2681 3171 3091 3263 opprimere.
3151 3171 3486 3262 Quamvis

399 3296 678 3378 „autem
732 3290 873 3362 iuri
927 3313 1076 3364 meo
1131 3311 1256 3383 per
1294 3313 1442 3365 eam
1498 3293 1907 3365 nullatenus
1963 3292 2356 3384 derogetur,
2412 3295 2623 3382 prout
2678 3290 3032 3364 Sanctitas
3074 3296 3307 3364 vestra
3360 3312 3485 3383 pa-

399 3409 758 3497 „tentibus
813 3409 1042 3482 literis
1097 3410 1512 3498 declaravit,
1570 3415 1803 3484 tamen
1859 3413 2042 3483 fama
2095 3431 2248 3482 mea
2300 3410 2611 3504 graviter
2664 3410 2855 3483 laesa
2907 3415 3049 3497 est,
3108 3410 3311 3502 quasi
3365 3432 3483 3483 cu-

399 3527 826 3616 „lumniator
877 3549 1032 3601 esse
1069 3528 1343 3602 viderer
1395 3534 1465 3603 et
1500 3529 1766 3602 iniusta
1819 3530 2006 3603 bella
2043 3531 2298 3602 fovere.
2358 3529 2555 3620 Quod
2608 3529 2830 3622 magis
2884 3528 3271 3603 dotalibus
3311 3530 3486 3602 viris

401 3647 691 3735 „miror,
764 3647 868 3718 ita
927 3648 1015 3720 ad
1079 3653 1222 3720 tam
1283 3650 1578 3722 celerem
1642 3648 2143 3740 praecipitasse
2208 3647 2660 3736 sententiam,
2737 3670 2893 3721 cum
2960 3670 3078 3722 eos
3150 3651 3483 3741 tanquam

401 3765 634 3854 „viros
687 3766 1219 3857 probatissimos
1273 3772 1344 3839 et
1397 3766 1914 3860 integerrimoS,
1975 3789 2055 3840 ac
2107 3789 2233 3859 pro
2288 3767 2557 3840 talibus
2612 3768 2962 3860 cognitos,
3020 3789 3181 3840 cum
3233 3766 3307 3840 in
3345 3767 3480 3840 ini-

401 3884 546 3972 „tio
617 3906 744 3976 pro
816 3887 945 3958 hae
1015 3907 1228 3958 causa
1299 3885 1632 3978 dirigeret
1679 3888 1730 3976 ¹)
1815 3887 2170 3960 Sanctitas
2248 3895 2512 3975 vestra,
2598 3887 3103 3961 commendaret
3122 3943 3138 3974 ,
3216 3893 3286 3960 et
3357 3907 3483 3978 ego

401 4025 486 4091 „a
521 4004 869 4076 Praelatis
923 4009 994 4077 et
1029 4005 1390 4077 nonnullis
1445 4006 1824 4078 baronibus
1863 4006 2090 4099 Regni
2128 4006 2295 4093 mei,
2354 4005 2476 4098 qui
2530 4005 2605 4078 in
2642 4005 3161 4079 Constantiensi
3198 4005 3389 4078 fuere
3420 4004 3482 4094 2)

402 4122 786 4210 „Concilio,
844 4125 1102 4196 multas
1157 4124 1241 4197 de
1306 4124 1408 4224 eis
1464 4129 1534 4197 et
1595 4127 1986 4216 praeclaras
2044 4125 2287 4198 laudes
2341 4123 2753 4197 audiverim.
2829 4124 3010 4196 Nam
3066 4129 3240 4213 esto,
3299 4125 3482 4217 quod

403 4246 644 4332 „parte
699 4241 991 4316 adversa
1042 4248 1441 4335 praesente,
1511 4245 1624 4317 vel
1677 4265 1913 4318 eorum
1979 4245 2285 4318 subditis
2350 4243 2832 4332 audientibus,
2898 4265 3036 4316 non
3092 4245 3307 4319 semel
3362 4245 3483 4318 sed

401 4360 712 4453 „pluries
770 4366 840 4434 et
893 4361 966 4433 in
1022 4363 1254 4434 variis.
1293 4363 1466 4435 locis
1521 4363 1884 4451 dixerunt,
1943 4364 2128 4456 quod
2183 4367 2253 4436 et
2306 4363 2653 4451 fecerunt,
2722 4361 2993 4436 scilicet
3043 4366 3314 4455 partem
3368 4385 3480 4436 eo-

403 4501 598 4569 „rum
655 4481 890 4553 fovere
943 4481 1322 4571 iustitiam,
1379 4503 1506 4554 nos
1545 4486 1778 4555 autem
1833 4482 2094 4555 iniuste
2129 4487 2399 4574 petere,
2456 4503 2585 4555 nec
2620 4482 2868 4555 debere
2913 4481 3076 4554 illos
3130 4481 3209 4555 in
3246 4483 3483 4574 aliquo

403 4599 647 4688 „nobis
699 4601 1148 4692 respondere,
1205 4607 1288 4673 ut
1323 4602 1642 4676 subditos
1700 4608 1770 4674 et
1800 4599 1862 4691 ³)
1901 4602 2114 4675 etiam
2167 4605 2538 4675 extraneos
2592 4602 2680 4676 ad
2718 4623 2955 4674 eorum
3010 4601 3480 4674 defensionem

403 4723 516 4806 „et
570 4718 1051 4792 assistentiam
1113 4721 1532 4793 animarent:
1607 4721 1894 4794 tolerari
1957 4723 2086 4793 hoc
2149 4724 2505 4812 utcunque
2569 4720 2834 4812 potuit,
2901 4721 3086 4813 quod
3148 4719 3480 4792 auxiliari

403 4839 548 4926 „eis
605 4839 968 4928 volebant,
1025 4861 1199 4932 quos
1253 4840 1511 4913 amicos
1565 4861 1730 4932 prae
1785 4840 2079 4913 caeteris
2135 4841 2511 4932 elegerant,
2570 4861 3001 4932 quorumque
3056 4843 3318 4912 statum
3370 4839 3477 4911 iu-

404 4979 608 5046 „vare
661 4959 1057 5032 cernebant.
1115 4961 1212 5031 At
1266 4981 1428 5033 vero
1485 4959 1650 5051 quia
1705 4962 1956 5032 famam
2010 4980 2232 5032 meam
2287 4963 2359 5030 et
2408 4957 2634 5050 partis
2689 4979 2913 5048 meae,
2971 4959 3095 5049 qui
3146 4957 3328 5030 nihil
3364 4979 3481 5032 eos

405 5098 754 5170 „unquam
811 5076 1098 5166 offendi,
1167 5079 1351 5170 apud
1380 5078 1443 5167 ⁴)
1508 5078 1916 5151 universum
1980 5077 2215 5150 orbem
2281 5080 2422 5150 tam
2478 5077 2691 5169 impie
2746 5078 3162 5166 lacerarent,
3218 5076 3291 5150 id
3350 5077 3484 5150 fuit

1127 5258 1218 5266 ——-

612 5345 662 5432 ¹)
709 5368 812 5409 eos
855 5349 1138 5426 dirigeret-
1185 5345 1337 5412 Cod.
1367 5347 1560 5412 Rozr.
1611 5345 1663 5432 ²)
1710 5350 2028 5410 interfuere
2076 5345 2229 5412 God.
2279 5346 2471 5411 Rozr.
2524 5348 2573 5426 ³)
2618 5355 2685 5409 ut
2728 5349 3009 5410 videlicet
3052 5367 3253 5410 eorum
3286 5349 3484 5410 subdi-

398 5457 488 5516 tos
533 5470 606 5513 ac
654 5445 805 5512 Cod.
852 5448 1043 5513 Rozr.
1100 5449 1153 5530 ⁴)
1199 5453 1358 5530 quod
1401 5453 1479 5513 ad
1528 5447 1680 5514 cod.
1711 5449 1903 5514 Rozr.
2984 5479 2989 5483 ·
