4342 6384
370 578 508 679 (Α.
544 578 637 654 Β.
670 576 932 677 1440.)
1512 599 1740 656 mna
1790 601 2303 658 nuonnonms.
3323 587 3474 660 627

370 787 746 876 Dominus,
804 787 1053 862 debeat
1087 789 1516 880 praesidere,
1573 791 1945 880 monetque
1982 788 2223 861 illum:
2279 793 2362 861 ut
2397 788 2884 884 principaliter
2920 793 3142 867 Deum
3199 794 3473 887 timeat,

370 906 719 981 iustitiam
782 907 1067 1000 diligat,
1144 909 1471 982 unionem
1537 908 1725 982 inter
1788 908 2109 1000 Regnum
2176 909 2511 984 Poloniae
2583 918 2654 984 et
2717 913 3068 986 Ducatum
3139 915 3473 1008 Magnum

366 1027 821 1118 Lithuaniae,
880 1033 1089 1119 atque
1126 1029 1542 1103 charitatem
1578 1027 1879 1119 nutriat,
1936 1030 2315 1122 nullasque
2367 1050 2656 1123 guerras
2694 1032 2749 1121 1)
2805 1030 2958 1106 sine
2995 1054 3124 1106 sua
3176 1033 3466 1110 licentia

366 1153 679 1238 moveat,
744 1153 815 1222 et
868 1149 1359 1223 beneficiorum
1423 1171 1465 1222 a
1528 1150 1771 1242 Regno
1834 1149 2169 1222 Poloniae
2233 1155 2718 1243 susceptorum
2784 1157 3047 1228 arctam
3112 1158 3184 1228 et
3248 1155 3469 1229 conti·

366 1291 577 1344 uuam
631 1270 1033 1344 memoriam
1086 1273 1354 1360 teneat,
1412 1274 1483 1343 et
1538 1289 1811 1361 semper
1861 1291 1987 1362 pro
2042 1271 2196 1344 eius
2247 1271 2540 1360 honore,
2599 1273 2978 1362 commodo,
3037 1275 3470 1351 exaltatione

364 1399 435 1468 et
486 1396 861 1486 augmento
916 1390 1259 1464 intendat.
1336 1390 1519 1464 Duci
1572 1390 1861 1482 insuper
1914 1391 2242 1464 Boleslae
2305 1391 2658 1466 Masoviae
2725 1393 2970 1467 stricte
3033 1393 3346 1489 iniungit
3402 1401 3472 1471 et

364 1513 681 1601 mandat,
740 1517 1087 1605 quatenus
1152 1510 1669 1603 possessionem
1730 1515 1957 1584 terrae
2010 1509 2506 1586 Drohiczensis
2569 1517 2835 1604 teneat,
2903 1518 2974 1587 et
3026 1515 3213 1588 nulli
3267 1515 3468 1590 illam

362 1634 517 1708 sine
572 1655 698 1706 suo
754 1637 826 1705 et
876 1631 1107 1725 Regni
1143 1630 1481 1704 Poloniae
1536 1629 1830 1723 speciali
1868 1651 2214 1703 consensu
2269 1634 2341 1704 et
2386 1632 2712 1706 mandato
2765 1633 3098 1728 resignet.
3157 1636 3271 1710 Ibi
3307 1637 3466 1711 Sbi-

360 1774 585 1848 gneus
640 1752 1009 1846 episcopus
1062 1750 1569 1825 cracoviensis·
1601 1771 1873 1824 omnem
1926 1751 2399 1844 argentariam
2454 1773 2653 1826 suam
2707 1752 2784 1826 in
2837 1753 3030 1829 vasis
3082 1755 3336 1846 variis,
3395 1761 3467 1830 et

359 1872 697 1965 pecunias
750 1893 889 1944 non
944 1869 1287 1960 modicas,
1344 1871 1433 1945 ad
1486 1870 1761 1963 aliquot
1814 1870 2047 1944 millia
2098 1871 2517 1945 florenorum
2581 1893 2656 1945 se
2711 1875 3204 1966 extendenteS‚
3267 1875 3463 1950 Wla·

359 1992 587 2068 dislao
652 1990 832 2086 Regi
905 1994 1214 2079 mutuat,
1291 1995 1477 2064 terra
1551 1989 2042 2083 Sczepusiensi
2114 1993 2203 2064 ad
2281 1993 2806 2070 extenuandum
2881 2017 3080 2068 omne
3152 1996 3465 2071 debitum

360 2117 710 2204 suscepta.
768 2111 903 2186 His
958 2116 1031 2184 et
1068 2111 1233 2185 aliis
1290 2111 1537 2184 multis
1593 2111 2153 2185 ordinationibus
2211 2112 2448 2200 factiS,
2507 2133 2596 2186 ex
2637 2115 2946 2189 Sandecz
3005 2115 3179 2189 feria
3214 2117 3464 2210 quinta

357 2236 522 2306 ante
575 2232 761 2309 diem
816 2231 1058 2306 Sancti
1113 2232 1485 2306 Adalberti
1540 2232 1801 2320 exivit,
1864 2232 2246 2306 comitante
2295 2249 2458 2306 eum
2522 2235 2795 2327 Regina
2849 2242 2920 2309 et
2974 2237 3189 2310 fratre
3244 2236 3458 2311 Kazi-

359 2353 567 2442 miro,
626 2359 695 2426 et
731 2351 807 2428 in
844 2356 1151 2428 castrum
1190 2352 1506 2424 Ozorstin
1546 2353 1774 2441 venit,
1816 2352 1938 2425 ubi
1974 2353 2296 2444 pausatis
2319 2352 2380 2444 2)
2421 2355 2692 2428 duobus
2730 2355 3009 2444 diebu8‚
3068 2354 3460 2430 licentiatis

356 2472 630 2565 Regina
682 2477 903 2546 matre
955 2477 1027 2546 et
1080 2475 1293 2544 fratre
1347 2472 1737 2562 Kazimiro,
1813 2493 1970 2546 cum
2026 2473 2379 2548 militibus
2445 2474 2771 2567 pluribus
2827 2476 3136 2550 Sabbato
3208 2477 3283 2551 in
3338 2477 3453 2550 die

358 2593 601 2666 Sancti
656 2592 1026 2668 Adalberti
1079 2590 1154 2666 in
1208 2593 1599 2668 Keszmark
1629 2592 1691 2684 3)
1746 2593 2068 2685 pervenit
2097 2593 2189 2685 ⁴).

466 2957 857 3030 wladislaus
900 2957 1039 3032 Rex
1084 2973 1226 3032 om
1267 2956 1611 3046 unianimo
1658 2959 1728 3029 et
1769 2957 2111 3046 magniaco
2156 2959 2478 3048 apparatu
2521 2957 2907 3057 ilungaria-
2949 2958 3336 3049 ingreditur.

560 3197 653 3269 Et
708 3195 873 3287 quia
925 3195 1165 3288 plures
1220 3195 1531 3270 Praelati
1586 3200 1657 3270 et
1709 3196 2005 3270 barones
2059 3195 2397 3270 Poloniae
2461 3217 2621 3270 cum
2674 3195 3072 3270 Wladislao
3126 3197 3319 3290 Rege
3375 3198 3451 3270 in

350 3317 789 3409 Hungariam
844 3315 1053 3405 ituri,
1110 3337 1251 3391 non
1303 3320 1629 3410 poterant
1682 3315 1986 3390 faciliter
2040 3316 2128 3388 ad
2181 3314 2586 3389 huiusmodi
2622 3314 2934 3409 viagium
2989 3336 3142 3390 esse
3194 3317 3450 3408 parati,

350 3459 591 3512 eorum
644 3437 1023 3510 adventum
1084 3437 1241 3511 Rex
1304 3436 1539 3510 decem
1592 3435 1842 3510 diebus
1906 3435 1978 3508 in
2034 3436 2426 3510 Keszmark
2456 3435 2520 3524 ὅ)
2574 3439 2682 3509 est
2747 3437 3255 3528 praestolatus:
3329 3437 3454 3510 ubi

347 3558 654 3651 primum
692 3556 1041 3650 Sbigneus
1078 3557 1481 3650 episcopuS,
1520 3555 1860 3630 Nicolaus
1898 3557 2294 3648 Lassoczky
2330 3557 2668 3644 decanus,
2709 3556 3060 3630 Iohannes
3096 3557 3182 3629 de
3219 3557 3448 3630 Than-

347 3678 503 3752 czin
565 3677 954 3770 palatinus,
1018 3675 1545 3763 cracoviensem
1619 3674 2084 3749 Przedborius
2156 3676 2242 3748 de
2305 3675 2846 3768 Konyeczpolye
2875 3675 2942 3764 θ)
3016 3676 3448 3750 castellanus

348 3797 891 3890 Respergensis,
951 3799 1207 3870 Petrus
1260 3796 1346 3872 de
1402 3795 1846 3870 Sczekoczini
1899 3795 2129 3888 Regni
2184 3795 2520 3868 Poloniae
2575 3794 3230 3884 vicecancellarius,
3297 3795 3445 3869 An·

345 3920 550 3991 dreas
604 3916 832 4011 Regni
894 3917 1231 3991 Poloniae
1292 3915 1963 4006 vicethesaurariu8‚
2031 3915 2448 3988 Vincentius
2513 3915 2599 3988 de
2655 3914 3094 3988 Schamotuli
3157 3915 3444 3990 Miedzi-

345 4037 765 4126 rzeczensiS,
823 4037 890 4109 N
894 4036 1162 4110 icolaus
1218 4034 1668 4129 Scharleyski
1701 4035 1761 4124 ⁷)
1818 4032 2604 4124 Iuniwladislaviensis‚
2663 4034 3066 4122 castellani3
3123 4035 3448 4127 Raphael

344 4161 434 4232 de
486 4159 813 4231 Obichow
839 4155 903 4245 ε1)
960 4156 1509 4230 succamerarius
1563 4154 2043 4244 Calissiensis‚
2101 4155 2377 4228 Hincza
2425 4153 2511 4228 de
2564 4155 2846 4248 Rogow,
2903 4155 3174 4227 Paulus
3228 4155 3444 4248 Woy-

344 4280 595 4371 niczky
652 4278 737 4350 de
774 4277 1037 4364 Serme,
1095 4276 1162 4348 N
1166 4275 1433 4350 icolaus
1488 4276 1573 4348 de
1628 4277 1934 4367 Brzezye
1988 4275 2219 4368 Regni
2257 4274 2592 4348 Poloniae
2647 4274 3065 4363 marsalcuS,
3125 4273 3443 4348 Andreas

342 4403 433 4474 de
486 4396 871 4484 Thanczin,
928 4396 1155 4468 Lucas
1212 4396 1296 4470 de
1349 4396 1617 4485 Gorka,
1685 4396 2035 4469 Iohannes
2090 4394 2346 4482 Maior,
2415 4395 2764 4468 Iohannes
2821 4393 3082 4468 Gratus
3135 4396 3221 4466 de
3275 4393 3441 4466 Tar-

343 4541 522 4607 now,
554 4517 891 4590 Nicolaus
920 4516 1479 4589 Chrzanstowski
1498 4573 1514 4605 ,
1546 4515 1897 4590 Iohannes
1929 4515 2421 4608 Kobilyenski,
2465 4512 2758 4587 Swidwa
2771 4513 2836 4602 ⁰)
2865 4513 2952 4587 de
2981 4513 3439 4604 Schamotuli,

343 4640 681 4714 Derslaus
722 4617 1210 4724 Wlostowski,
1268 4635 1776 4728 Dobrogostius
1832 4636 1916 4711 de
1954 4635 2318 4728 Ostrorog,
2375 4635 2724 4708 Iohannes
2788 4632 3068 4706 Kraska
3106 4633 3193 4722 ¹⁰)
3251 4633 3438 4724 capi-

341 4779 519 4832 neus
558 4758 631 4831 in
668 4755 907 4830 Konin
938 4756 1051 4844 ¹¹),
1092 4755 1431 4830 Nicolaus
1470 4756 1691 4829 Skora
1730 4755 2077 4828 subindex
2106 4753 2630 4843 Posnaniensis,
2668 4753 2926 4827 Petrus
2953 4751 3318 4827 Ritherski
3347 4751 3440 4842 12)

339 4877 681 4970 magister
734 4875 999 4964 curiae,
1067 4876 1417 4950 Iohannes
1473 4875 1773 4950 Beiszad
1812 4874 1902 4964 13)
1958 4876 2043 4949 de
2099 4875 2458 4962 Mokrsko‚
2516 4873 2892 4948 Florianus
2945 4873 3032 4948 de
3083 4873 3436 4964 Mokrsko,

560 5081 609 5161 ¹)
650 5085 933 5159 nullaque
975 5081 1134 5143 bella
1194 5075 1349 5142 Cod.
1394 5075 1531 5145 Lis.
1603 5078 1658 5158 ²)
1702 5085 2094 5142 commoratus
2142 5075 2295 5142 God.
2344 5077 2519 5140 Kost.
2588 5075 2638 5158 ³)
2683 5077 3034 5140 Kiesmarck
3078 5071 3204 5140 Ed.
3253 5075 3436 5162 Ia'ps.

340 5184 397 5267 ⁴)
442 5187 701 5247 advenit.
752 5181 903 5248 Cod.
950 5181 1166 5247 Przez.
1215 5181 1269 5262 ⁵)
1318 5184 1635 5245 Kiesmark
1680 5181 1805 5245 Ed.
1853 5181 2033 5265 Lips.
2096 5181 2150 5262 ⁶)
2199 5183 2564 5259 Koniecpole
2607 5179 2734 5244 Ed.
2781 5173 2962 5264 Lips.
3036 5178 3088 5259 ⁷)
3134 5181 3435 5243 Sarleczki

336 5287 467 5352 Ed.
513 5285 695 5370 Lips.
773 5285 825 5365 ⁸)
875 5287 1173 5350 Obochow
1232 5284 1357 5350 Ed.
1423 5285 1602 5369 Lips.
1678 5286 1735 5366 ⁹)
1778 5285 2044 5348 Swidrza
2100 5283 2228 5348 Ed.
2289 5283 2469 5368 Lips.
2555 5283 2634 5364 ¹⁰)
2677 5280 2955 5346 Kruszka
3015 5279 3166 5346 Cod.
3212 5281 3432 5347 Prtez.

344 5391 427 5470 ¹¹)
475 5393 821 5468 capitaneus
875 5391 1237 5452 Koninensis
1294 5387 1422 5452 Ed.
1468 5386 1650 5474 Lipe.
1734 5388 1811 5470 1⁵²)
1856 5390 2146 5469 Bycerski
2212 5384 2340 5455 Ed.
2387 5385 2568 5472 Lips.
2654 5385 2734 5467 ¹³)
2791 5382 3035 5449 Bieizatl
3096 5379 3250 5450 Coei.
3295 5373 3431 5451 Lis.

331 5495 613 5556 Beiarath
652 5491 781 5556 Ed.
828 5489 1010 5577 Lipc.
