4342 6384
363 573 495 674 (Α.
534 573 627 648 D.
668 571 900 672 1410.)
1572 594 1799 648 mmm
1854 593 2315 647 6666611163.
3371 575 3466 647 63
3533 626 3546 635 -

364 787 512 855 tum
567 783 641 855 in
696 781 1111 855 reducendis
1165 781 1491 854 hostibus
1547 803 1588 853 a
1641 783 2065 854 Polonorum
2120 781 2471 854 militibus
2528 781 2882 868 edebatur,
2941 785 3467 873 perspecturus,

366 903 578 994 Quem
635 903 792 976 illic
846 903 1251 975 Alexander
1305 903 1468 973 Dux
1524 885 1822 994 Magnus
1878 900 2303 973 Lithuaniae
2358 905 2518 992 post
2555 902 2851 972 relatam
2909 900 3272 973 victoriam
3329 902 3470 993 pri-

363 1045 547 1094 mum
616 1023 1001 1110 offendens,
1084 1023 1343 1115 quippe
1419 1022 1539 1114 qui
1606 1022 1735 1094 sub
1802 1021 1987 1093 omni
2053 1041 2328 1114 pugnae
2386 1025 2730 1112 tempore,
2806 1019 2991 1093 inter
3044 1021 3469 1095 Polonorum

360 1144 559 1236 signa
614 1147 685 1215 et
742 1164 1032 1232 cunone,
1092 1143 1297 1216 fessis
1364 1147 1433 1216 et
1488 1141 1973 1214 laberantibus
2039 1163 2258 1214 noves
2323 1145 2392 1214 61
2444 1145 2758 1213 recentes
2827 1140 3332 1230 submittend0‚
3401 1149 3471 1214 et

362 1285 535 1355 6666
590 1265 871 1336 fortuna
937 1265 1115 1336 foret
1180 1262 1549 1354 utriusque
1614 1261 1872 1354 partia,
1950 1260 2436 1352 scrupulosius
2503 1261 2960 1349 advertend0,
3027 1262 3462 1352 versabatur,

360 1387 570 1458 refert
624 1406 748 1476 pro
787 1405 1039 1476 magna
1094 1387 1163 1457 et
1199 1384 1506 1456 iucunda
1558 1382 1905 1454 novitate:
1964 1381 2139 1454 dnos
2177 1381 2464 1453 Fratres
2514 1381 2596 1452 de
2635 1381 3142 1454 cruciferorum
3182 1381 3462 1472 Ordine,

360 1506 851 1598 Marquardum
917 1505 1247 1578 videlicet
1310 1504 1395 1578 de
1453 1502 1834 1576 Salczbach
1889 1501 2530 1574 Commendatoram
2597 1502 3322 1595 Brandeburgensem,
3397 1510 3467 1577 et

372 1626 853 1718 Schumbergk
892 1627 967 1715 ¹),
1010 1626 1132 1718 qui
1184 1623 1667 1698 conventionis
1722 1627 2031 1715 tempore
2087 1622 2273 1694 inter
2326 1623 2716 1714 praefatum
2775 1623 3255 1694 Alexandrum
3311 1623 3455 1696 Ma-

361 1768 578 1838 gnum
632 1748 895 1819 Ducem
952 1745 1379 1818 Lithuaniae
1444 1749 1514 1818 et
1568 1743 1986 1836 Magistrum
2042 1747 2253 1834 atque
2311 1742 2636 1815 Ordinem
2693 1764 2904 1833 supra
2957 1743 3214 1816 flumen
3271 1743 3459 1837 Nye-

362 1888 564 1957 myen
616 1887 831 1958 prope
886 1866 1151 1938 Kowno
1208 1865 1525 1954 habitae,
1584 1863 1765 1936 Duci
1818 1863 2174 1955 praedicto
2206 1861 2268 1953 2)
2324 1863 2726 1935 Alexandro
2785 1867 2854 1935 et
2909 1862 3060 1935 eius
3112 1864 3463 1955 genitrici,

360 1987 544 2078 quod
598 2007 843 2077 parum
899 1985 1155 2078 pudica
1192 1987 1437 2076 fuerit,
1498 2006 1811 2059 sermone
1866 1984 2370 2057 contumelioso
2429 1988 2498 2056 et
2537 1983 2738 2056 illoto
2794 1982 3458 2075 improperaverant,

358 2105 430 2176 in
466 2106 732 2198 praelio
789 2110 1064 2198 capt0s3
1124 2107 1597 2194 subinferens,
1657 2127 1731 2178 36
1770 2106 1844 2178 111
1882 2105 1985 2178 613
2024 2104 2334 2178 debitam
2371 2104 2756 2177 vindictam
2807 2125 2933 2196 per
2969 2104 3224 2196 capitis
3263 2111 3460 2178 trun-

359 2227 699 2299 cationem
772 2227 1084 2317 accipere
1158 2227 1519 2300 statuisse.
1603 2226 2044 2298 Wladislaus
2118 2230 2352 2298 autem
2436 2225 2771 2298 Poloniae
2843 2226 3000 2298 Rex
3029 2281 3046 2314 ,
3123 2225 3465 2299 felicitate

358 2347 692 2419 victoriae
744 2367 883 2418 non
942 2347 1203 2433 6161113,
1270 2347 1389 2418 36(1
1452 2345 1888 2438 benignitate
1953 2350 2023 2418 61
2084 2346 2489 2418 66611111616
2546 2345 2758 2417 361116
2811 2367 3019 2434 6363,
3089 2345 3452 2438 prohibuit

356 2468 747 2559 praefatum
802 2467 1063 2538 Ducem
1120 2466 1605 2538 Alexandrum
1660 2466 1735 2538 in
1790 2471 2031 2557 captos
2098 2470 2169 2537 et
2224 2466 2494 2538 deditos
2561 2487 2880 2539 exercere
2935 2466 3244 2558 aliquam
3299 2467 3454 2539 vin-

358 2586 639 2660 dictam.
713 2587 874 2659 Non
929 2587 1289 2677 convenit,
1358 2587 1621 2678 inquit,
1688 2588 1894 2660 chare
1956 2586 2205 2659 frater!
2280 2586 2584 2677 amplius
2649 2587 2724 2658 in
2779 2608 2896 2659 eos
2951 2588 3220 2676 1163163,
3283 2609 3456 2679 quos

357 2729 491 2779 non
544 2712 790 2779 nostra
844 2706 1143 2796 virtute,
1202 2708 1324 2781 sed
1381 2707 1745 2782 clementis
1802 2707 1931 2781 Dei
1985 2706 2474 2799 permissione,
2533 2706 2680 2779 6616
2737 2707 3256 2798 superavimus,
3308 2728 3458 2780 sae-

357 2827 536 2915 vire,
596 2849 821 2920 neque
874 2832 1152 2900 nostras
1207 2827 1503 2900 iniurias
1560 2832 1631 2900 et
1669 2827 1967 2901 offensas
2022 2827 2095 2899 in
2134 2826 2451 2918 captivos
2505 2828 2736 2898 ultum
2785 2827 2907 2915 iri,
2965 2828 3086 2899 36(1
3141 2827 3214 2899 111
3255 2827 3454 2899 altis-

358 2949 609 3020 simum
684 2951 905 3021 Deum
979 2949 1365 3042 gratiarum
1437 2948 1711 3022 actione
1781 2969 1905 3040 pro
1984 2948 2241 3019 collato
2308 2946 2662 3038 triumpho
2727 2947 3105 3035 celebrata,
3182 2969 3452 3021 6111116111

356 3068 961 3141 mansuetudinem
1016 3076 1085 3142 et
1139 3069 1579 3142 clementiam
1635 3069 1847 3141 victis
1913 3075 1981 3140 et
2037 3067 2467 3140 calamitosis
2531 3073 2911 3160 praestare.
2989 3067 3178 3140 Satis
3244 3069 3452 3158 6111111,

355 3187 539 3260 16316
597 3188 727 3261 1)61
781 3193 1029 3280 agente
1082 3189 1374 3280 iudieie,
1433 3190 1573 3262 iam
1627 3189 1793 3262 illos
1848 3193 1921 3277 et
1957 3189 2386 3262 coercuimus
2445 3193 2516 3261 et
2563 3188 3094 3277 mulctavimus,
3152 3189 3450 3261 iustum-

357 3329 485 3399 que
539 3313 678 3395 est,
746 3313 825 3380 ut
890 3313 963 3381 et
1025 3331 1153 3381 nos
1218 3331 1589 3401 parcamus
1653 3308 1837 3396 11113,
1913 3308 2169 3400 661663
2235 3309 2343 3380 vis
2409 3313 2480 3381 et
2546 3310 2826 3382 fortuna
2888 3309 3062 3382 belli
3114 3310 3450 3401 pepercit.

358 3427 705 3502 Gessisset
781 3433 1014 3502 autem
1086 3431 1249 3501 Dux
1323 3429 1745 3502 Lithuaniae
1818 3429 2222 3501 Alexander
2293 3429 2578 3501 monitis
2651 3429 2866 3521 regiis
2939 3450 3196 3502 morem
3221 3485 3240 3518 ,
3314 3428 3455 3502 nisi

355 3550 817 3640 praefatorum
883 3549 1389 3622 Cruciferorum
1458 3551 1939 3641 Schnmbergk
2002 3554 2071 3620 et
2135 3549 2570 3640 Marquardi,
2639 3549 2954 3640 superbi,
3023 3554 3450 3642 arrogantes,

356 3673 839 3761 tumentesque
896 3690 1249 3742 sermones
1316 3669 1522 3742 illum
1588 3671 1673 3741 ad
1738 3670 2224 3762 complendum
2289 3669 2667 3762 cogitatam
2730 3668 3068 3742 ultionem
3131 3669 3218 3741 de
3271 3690 3450 3742 novo

354 3789 767 3862 irritassent.
826 3788 1076 3862 Verbis
1133 3789 1316 3862 enim
1370 3811 1640 3878 eornm,
1701 3790 1821 3881 qui
1878 3790 1951 3862 in
1989 3789 2402 3881 captivitate
2455 3789 2703 3882 positi,
2761 3789 3110 3862 fundendo
3167 3789 3449 3862 commi-

356 3908 703 3999 1161161163,
764 3909 1115 3982 3661111336
1171 3910 1400 4001 16661,
1459 3911 1873 4001 veniamque
1928 3916 2197 4002 petere,
2255 3909 2833 4004 dedignabantur,
2890 3911 3246 4001 praefatus
3284 3911 3448 3982 Dux

354 4030 751 4104 Alexander
815 4030 1154 4119 6116113113,
1232 4053 1349 4104 663
1415 4030 1527 4104 (116
1591 4031 1956 4103 Ι)6111111166
2023 4031 2424 4104 immediate
2495 4030 2860 4122 sequenti,
2935 4029 3270 4102 vicesima
3335 4030 3446 4103 die

352 4148 555 4239 Iulii,
612 4152 687 4223 in
743 4151 1169 4223 stationibus
1224 4173 1437 4244 prope
1491 4153 1865 4244 Morungk,
1926 4151 2180 4243 capitis
2237 4151 2798 4238 obtruncatione,
2857 4151 3254 4222 Wladislao
3309 4151 3442 4222 Po-

352 4271 572 4342 loniae
635 4273 828 4364 Rege
890 4271 1390 4363 necquicquam
1456 4272 1852 4360 inhibente,
1921 4271 2306 4344 damnavit.
2381 4273 2564 4344 Dum
2632 4271 2976 4363 siquidem
3042 4272 3446 4343 Alexander

353 4389 787 4464 Withawdus
843 4413 883 4462 a
937 4391 1350 4482 Marquardo
1408 4392 1758 4465 Crucifero
1814 4392 2206 4483 praesentis
2245 4395 2563 4464 fortunae
2619 4391 3118 4478 conditionem,
3176 4391 3249 4462 in
3305 4411 3444 4482 qua

356 4510 555 4599 foret,
610 4511 1071 4603 investigaret
1137 4517 1207 4584 et
1270 4512 1516 4584 matris
1583 4533 1749 4585 suae
1814 4514 2066 4604 probra
2137 4512 2251 4584 illi
2315 4512 2674 4585 obiiceret:
2750 4512 3210 4602 Marquardus
3276 4531 3443 4583 suae

354 4630 559 4702 sortis
622 4637 691 4704 et
756 4631 1027 4703 ducalis
1103 4632 1247 4706 irae
1310 4633 1571 4704 dudum
1643 4633 1717 4704 in
1782 4655 1938 4706 eum
2002 4637 2454 4725 expromptae
2519 4632 2818 4719 61111163,
2897 4653 3100 4722 666111
3163 4632 3440 4724 placare

354 4751 579 4822 verbis
632 4751 1019 4824 mansuetis
1075 4752 1437 4842 debuerat,
1496 4753 1867 4845 superbius
1922 4754 2235 4841 locutus,
2295 4753 2550 4826 irritat.
2627 4752 2862 4840 Nihil,
2921 4751 3184 4842 inquit,
3240 4771 3438 4842 prae-

354 4871 529 4942 senti
586 4872 863 4944 fortuna
917 4872 1287 4959 deterreor,
1346 4873 1547 4946 cuius
1606 4895 1970 4947 successus
2027 4895 2115 4947 ex
2154 4895 2372 4965 aequo
2430 4873 2614 4964 parti
2653 4873 2936 4963 utrique
2985 4871 3434 4958 suffunditur,

352 4997 531 5062 sorte
586 4997 1009 5062 commutat-a
1070 4992 1141 5062 id
1196 4993 1399 5064 nobis
1465 4993 1677 5065 victis
1734 4994 2043 5066 crastina
2094 4991 2240 5080 die,
2310 5014 2445 5084 quo
2499 5014 2624 5064 vos
2680 4991 3006 5083 potimini
3069 4990 3276 5062 hodie
3332 4991 3435 5062 vi-

352 5118 601 5198 ctores,
656 5111 1025 5202 largitura.
1102 5113 1249 5202 Quo
1306 5113 1547 5200 verbe,
1617 5114 1813 5185 velut
1868 5113 2415 5201 inclementiori,
2483 5133 2524 5184 a
2577 5113 2854 5204 captivo
2909 5112 3216 5202 prolate,
3275 5112 3436 5182 Dux

351 5230 637 5322 Magnus
700 5230 1177 5320 Withawdus‚
1255 5233 1575 5324 quamvis
1640 5234 1713 5304 in
1779 5233 1983 5304 illum
2056 5232 2238 5304 nihil
2303 5234 2582 5306 crudele
2656 5237 3001 5306 attentare
3072 5232 3435 5324 cogitaret,

556 5490 601 5570 ¹)
646 5491 938 5567 Sumberg
994 5487 1143 5554 Ood.
1190 5487 1381 5552 Rozr.
1441 5489 1811 5566 Schnibergk
1860 5485 2011 5552 Ood.
2061 5487 2237 5551 Kost.
2275 5488 2322 5570 ²)
2368 5491 2634 5566 praefato
2678 5488 2804 5552 Ed.
2839 5487 3019 5574 Lipc.
