4342 6384
1423 506 1572 585 510
2621 524 2847 579 menn
2898 527 3356 581 munemne.
3961 499 4095 600 (Α.
4136 499 4221 573 D.
4254 499 4342 575 142

1418 712 1645 787 nobili
1679 712 1736 803 ¹)
1791 712 2104 785 Iohanne
2157 711 2427 800 Lewin‚
2485 712 2570 784 de
2623 711 2825 783 domo
2879 712 3105 785 Rosze
3132 709 3219 801 ²),
3286 712 3371 785 de
3422 709 3799 798 Wilczino,
3854 710 4019 782 dum
4081 713 4342 782 antemu

577 910 580 917 ,
1421 832 1942 920 conscenderet,
1997 830 2323 923 intusque
2377 831 2609 923 lapide
2665 831 2917 905 fuisset
2947 829 3033 921 ³),
3090 830 3503 905 desiderato.
3574 829 3843 903 Praeda
3896 828 4154 916 omnis,
4208 849 4342 920 qna<

577 958 584 1049 ῑ
1343 980 1348 985 ·
1422 956 1652 1025 castro
1707 957 1986 1043 reperta
2041 951 2303 1039 fuerat,
2361 952 2519 1022 dum
2580 973 2700 1043 per
2753 951 3056 1024 Polonos
3112 951 3547 1044 apprehensa
3602 955 3672 1022 et
3726 950 4008 1023 sublata
4063 948 4324 1036 fuisset,

567 1062 590 1187 Ἰ
1423 1076 1646 1145 strum
1700 1072 1966 1163 ipsum,
2023 1070 2097 1142 in
2137 1092 2273 1163 quo
2308 1072 2734 1163 praesidinm
2774 1071 3086 1146 notabile
3137 1072 3445 1163 relinqui
3480 1074 3781 1162 poterat,
3820 1067 4259 1160 improbitate
4288 1090 4342 1139 u1

1421 1191 1676 1265 Poloni
1728 1191 2121 1279 incensum,
2182 1191 2677 1284 conflagratum
2719 1196 2827 1263 est
2857 1191 2943 1279 ⁴).
3002 1190 3278 1282 Captivi
3330 1210 3566 1263 omnes
3630 1192 3914 1280 propter
3967 1186 4342 1259 interfectio}

573 1342 596 1399 j,
1423 1310 1758 1385 Iohannis
1790 1309 1852 1399 5)
1907 1309 2177 1398 Lewin,
2237 1310 2412 1382 secti
2468 1315 2537 1383 et
2590 1309 2925 1382 trucidati
2980 1316 3176 1398 sunt,
3231 1329 3359 1382 nec
3414 1308 3629 1381 alicui
3691 1329 3977 1399 parsum
4026 1313 4165 1395 est,
4218 1312 4279 1379 et

587 1422 594 1457 ⁶
1427 1429 1566 1504 sibi
1623 1430 1962 1522 sanguine
2017 1429 2450 1502 devictorum
2505 1434 2980 1520 parentatum,
3040 1435 3121 1501 ut
3174 1435 3244 1501 et
3296 1429 3405 1511 hi,
3462 1429 3585 1522 qui
3642 1428 3879 1519 aliquo
3936 1426 4329 1500 Polonornm

1422 1548 1612 1637 bitu,
1671 1571 1806 1641 quo
1846 1549 2139 1622 subduci
2195 1554 2516 1640 possent,
2556 1550 2994 1638 velabantur,
3054 1548 3361 1623 mirabili
3397 1548 3725 1641 indagine
3763 1552 3835 1620 et
3870 1546 4342 1639 perscrutation

571 1678 592 1741 l
1424 1667 1724 1761 cogniti,
1781 1690 1943 1742 mox
2001 1669 2559 1743 interficerentur
2613 1668 2796 1741 inter
2849 1690 3095 1740 manus
3149 1668 3316 1741 illos
3374 1666 3841 1741 educentium.
3908 1668 4019 1739 Ab
4076 1688 4278 1758 eoque
4318 1672 4342 1737 t

583 1778 592 1843 ἱ
1422 1808 1588 1880 pore
1641 1789 1838 1861 locus
1902 1788 2116 1861 castri
2180 1789 2482 1880 praefati
2547 1788 3006 1879 Iaschenyecz
3073 1787 3148 1859 in
3213 1787 3665 1860 solitudinem
3728 1787 4055 1861 redactus
4111 1791 4213 1859 est
4266 1790 4323 1861 et

1425 1906 1878 1981 sei-tationem
1912 1908 1997 1995 ⁷).

75 1930 86 1969 Ι

63 2010 88 2111 1²

65 2084 154 2363 il
217 2106 232 2189 ³

95 2302 98 2305 ⁴
139 2262 162 2367 Ἰ,
591 2290 604 2365 {2
1543 2268 1841 2342 cruciferi
1887 2287 2109 2359 pacem
2154 2272 2559 2360 scedarum
2606 2290 2734 2363 qua
2778 2273 2861 2345 ad
2906 2276 3163 2363 tompus
3205 2272 3405 2360 facta,
3457 2273 3789 2346 exercitus
3832 2272 4172 2344 Polonicus
4210 2272 4342 2341 vict«

151 2392 166 2467 l
229 2398 244 2421 ’·
305 2418 308 2421 ’
2796 2394 3170 2465 dimittitur.

247 2694 332 2717 ‚‚..,„
429 2702 440 2757 Ἰ
1636 2630 2001 2723 Singulari
2053 2632 2377 2704 molestia
2414 2630 3049 2717 commendatoreS,
3106 2631 3478 2723 nuntiique
3514 2631 4020 2704 Cruciferorum
4039 2686 4057 2719 ,
4116 2628 4232 2721 qui
4278 2648 4341 2701 co

159 2740 182 2849 ‘11
243 2710 342 2855 ἸἸ
389 2798 396 2809 .-
429 2644 478 2875 Ἰ
1428 2752 1748 2839 aderant,
1790 2751 2381 2843 expugnationem
2420 2751 2637 2825 castri
2671 2750 3134 2842 Iaschenyecz
3158 2750 3222 2841 ⁸)
3278 2755 3350 2823 et
3385 2751 3634 2825 deinde
3671 2750 4147 2839 exustionem,
4202 2768 4342 2820 suor

177 2856 186 2874 ²
247 2856 256 2862 ⁵*
295 2860 326 2865 ”
451 2884 472 2995 Ἰ
1429 2890 1565 2961 que
1617 2889 1856 2942 necem
1913 2870 2254 2959 ferebant,
2315 2871 2827 2962 carpebantque
2880 2870 3205 2961 plurimis
3261 2870 3565 2962 querelis
3622 2870 4023 2962 capitaneos
4080 2875 4151 2943 et
4183 2869 4342 2960 prim¹

1429 2988 1799 3076 Poloniae,
1867 2989 2052 3081 quod
2114 2990 2243 3062 sub
2306 2992 2613 3062 tractatu
2676 2989 2869 3081 pacis
2924 2990 3351 3081 expugnatio
3414 2990 3543 3063 illa
3597 2991 3973 3064 subsecuta
4038 2990 4295 3062 fuisset.

1433 3107 1572 3180 etsi
1625 3129 1702 3181 se
1752 3109 2180 3201 purgabant,
2239 3109 2423 3199 quod
2476 3109 2549 3181 id
2588 3109 2737 3182 sine
2790 3109 3083 3200 imperio
3139 3115 3209 3181 et
3256 3109 3439 3183 scitu
3496 3130 3730 3183 eorum
3786 3109 4151 3196 acciderit,
4208 3108 4334 3180 iure

421 3092 486 3343 ἸῘ
1435 3247 1592 3299 men
1644 3227 1816 3301 belli
1870 3226 1943 3298 id
1997 3226 2307 3302 accidere
2359 3228 2677 3320 potuisse
2730 3230 3193 3303 deducebant:
3252 3251 3408 3302 cum
3462 3230 3538 3301 in
3592 3230 3788 3301 illam
3843 3229 4031 3302 diem
4087 3229 4275 3301 nulla
4316 3246 4342 3297 e

421 3342 490 3419 112³
609 3418 612 3421 ,
1483 3367 1572 3418 ax
1627 3368 1776 3420 com
1829 3347 2040 3435 osita,
2099 3353 2221 3420 aut
2274 3349 2582 3435 firmata3
2684 3370 2775 3420 ua
2814 3349 2980 3421 subs
3024 3369 3110 3421 cu
3146 3372 3215 3437 a,
3272 3344 3431 3421 nihi
3494 3350 3557 3421 si
3613 3350 3627 3363 '
3736 3349 3905 3420 ost'l
3982 3371 4031 3419 v
4074 3371 4112 3420 r
4148 3347 4308 3420 ri⁹.

49 3558 52 3567 z
131 3354 150 3567 Ἰ
435 3442 512 3563 Ξ
1433 3368 1874 3540 {olerandnfm
1928 3467 2167 3557 itaque
2231 3434 2567 3541 Cruciferi
2630 3369 2698 3540 (ᾗ
2752 3370 3020 3559 paceme
3046 3351 3602 3561 cotmponemllaniJ
3606 3351 4073 3561 lp}·loba}1›z‘1³-nt‘,³
4114 3350 4342 3559 θᾳυεζ]

55 3658 58 3671 ,
143 3572 170 3683 ξ
375 3609 381 3615 ·
441 3534 496 3675 Ἰ
1432 3585 1666 3658 varios
1720 3590 2064 3660 tractatus
2120 3586 2196 3658 in
2250 3589 2437 3660 hunc
2490 3587 2769 3659 modum
2824 3586 2960 3658 fuit
3015 3588 3421 3679 composita.
3480 3587 3739 3674 Primo,
3796 3591 3878 3657 ut
3934 3592 4221 3680 treugae
4255 3586 4329 3669 ¹⁰)

447 3682 516 3799 Ἰρῗζ
613 3760 616 3763 -
1435 3705 1736 3779 tholicae
1791 3706 1976 3779 inter
2027 3707 2348 3798 Regnum
2402 3708 2738 3779 Poloniae
2791 3714 2862 3779 et
2916 3706 3301 3780 cruciferos
3356 3728 3581 3797 usque
3634 3707 3721 3778 ad
3776 3708 4037 3779 festum
4092 3705 4342 3799 Epipha:

381 3918 392 3929 ,.
463 3816 508 3929 3}
1435 3826 1789 3899 durarent.
1847 3826 2197 3915 Secunde,
2252 3831 2334 3899 ut
2386 3848 2510 3919 pro
2547 3826 2659 3899 die
2716 3827 2956 3899 Sancti
2992 3827 3311 3899 Andreae
3366 3828 3438 3899 in
3476 3826 3729 3917 oppido
3768 3827 4107 3899 Brzescze
4160 3843 4342 3897 conve

163 3910 174 4021 ¹2
387 3972 390 3975 ’
463 3906 514 4079 ,ἐξ
1436 3947 1665 4033 fieret,
1722 3946 1796 4017 in
1852 3967 1990 4037 qua
2055 3946 2442 4019 consiliarii
2496 3947 2719 4037 partis
2773 3946 3141 4038 utriusque
3195 3946 3716 4032 convenienteS‚
3774 3946 3857 4017 de
3894 3967 4065 4036 pace
4122 3950 4342 4016 tractat

465 4104 488 4145 3
1438 4064 1704 4151 Tertio,
1761 4070 1842 4136 ut
1897 4065 2159 4156 captivi
2199 4065 2735 4153 Cruciferorum‚
2797 4066 2918 4158 qui
2955 4066 3263 4139 mirabili
3318 4068 3497 4139 fame
3553 4071 3623 4137 et
3658 4065 3978 4137 nuditate
4034 4063 4256 4137 attriti
4286 4082 4342 4133 er

1435 4186 1519 4254 ut
1573 4184 1726 4255 loca
1782 4205 2094 4275 quaeque
2150 4186 2456 4257 caulium
2513 4192 2635 4257 aut
2687 4206 3045 4277 raparum,
3102 4208 3226 4277 per
3262 4206 3439 4277 quae
3494 4207 3611 4257 eos
3648 4186 3750 4258 ire
3804 4185 4277 4278 contingebat,
4310 4202 4342 4250 v

203 4306 210 4395 j
411 4372 432 4391 „
491 4334 500 4345 ·
1433 4302 1747 4376 locustae
1801 4304 2244 4392 demolirem,
2303 4306 2809 4391 relaxarentur,
2875 4305 3466 4395 repraesentaturi
3520 4326 3593 4377 se
3646 4325 3770 4396 pro
3828 4306 4005 4375 festo
4064 4303 4342 4395 Epiphai·

187 4276 210 4539 Ἰ
469 4418 510 4539 J
1438 4421 1499 4493 si
1555 4422 1816 4515 absque
1868 4422 2062 4515 pacis
2099 4428 2509 4515 perpetuae,
2566 4425 2682 4496 vel
2736 4425 2823 4496 ad
2861 4428 3168 4516 tempus„
3226 4425 3669 4499 conclusione
3723 4444 3809 4496 ex
3846 4424 4293 4496 conventione
4333 4420 4342 4487 l

1436 4542 1658 4614 stensi
1719 4564 1843 4633 pro
1899 4542 2013 4615 die
2069 4543 2311 4615 Sancti
2367 4544 2685 4615 Andreae
2736 4544 3084 4632 habenda,
3140 4544 3634 4617 discederetur.
3719 4544 3886 4615 Erat
3950 4548 4185 4631 autem
4242 4540 4303 4610 in

1434 4660 1640 4733 dibus
1696 4664 2073 4735 multorum
2139 4661 2506 4734 admiratio
2573 4661 2987 4754 singulam,
3055 4664 3239 4754 quod
3303 4661 3636 4735 Cruciferi
3702 4662 3882 4734 infra
3944 4659 4342 4733 obsidionem

1434 4781 1893 4873 Choyniczam
1958 4782 2470 4868 continuatam,
2546 4783 2665 4854 sed
2731 4803 2953 4873 neque
3018 4786 3269 4873 expost
3306 4783 3392 4870 ¹¹)
3478 4782 3800 4873 pluribus
3872 4780 4126 4853 diebus
4197 4775 4342 4849 nihil

1649 5090 1698 5169 1)
1739 5093 1986 5153 notabili
2036 5087 2192 5154 Cod.
2230 5087 2405 5158 Calv.
2456 5086 2509 5171 ²)
2554 5091 2751 5151 Rosae
2798 5084 2949 5154 God.
2996 5084 3189 5150 Rozr.
3240 5085 3295 5164 ³)
3340 5105 3413 5147 ex
3441 5088 3563 5147 ictu
3606 5086 3823 5164 lapidis
3872 5080 4027 5146 Cod.
4068 5082 4251 5145 Roma
4294 5076 4337 5155 ⁸)

1434 5194 1724 5269 flagravit.
1781 5192 1931 5258 Cod.
1975 5192 2168 5256 Rozr.
2248 5190 2301 5271 ⁴'’)
2347 5193 2627 5253 Iohannis
2684 5190 2855 5253 deest
2897 5190 2971 5253 in
3018 5186 3169 5251 Cod.
3220 5184 3396 5252 Calv.
3459 5185 3511 5265 ⁸)
3556 5188 4025 5264 perscrutatione
4072 5184 4290 5261 ingenti

1425 5293 1627 5357 Rozr.
1706 5293 1756 5373 ⁷)
1801 5296 2243 5357 desolationem.
2302 5292 2429 5357 Ed.
2476 5292 2659 5377 Lips.
2736 5292 2789 5373 ⁸)
2832 5294 3155 5353 Iasieniecz
3204 5286 3357 5353 Cod.
3404 5288 3580 5351 Kost.
3660 5286 3713 5366 ⁹)
3758 5296 3879 5349 tum
3925 5290 4165 5349 demum
4218 5283 4342 5345 nihil

1435 5397 1650 5457 hostile
1691 5399 1884 5458 vereri
1927 5398 2227 5459 deberent.
2277 5392 2428 5460 cod.
2474 5393 2669 5458 Rozr.
2725 5393 2801 5475 ¹⁰)
2850 5394 3122 5455 induciae
3170 5389 3322 5455 Cod.
3362 5390 3554 5454 Rozr.
3625 5390 3703 5471 ¹¹)
3750 5397 3959 5467 postea
4006 5386 4163 5452 cod.
4202 5384 4342 5449 Rom
