4342 6384
389 574 522 673 (Α.
561 572 652 650 D.
691 574 946 677 1423.)
1537 600 1762 654 mnan
1813 601 2274 654 unnncnms.
3316 583 3408 655 31
3426 582 3465 654 7
3536 572 3540 579 ’

593 904 1004 977 floreamus
1048 905 1320 995 Sophiae
1362 906 1648 996 noginto
1692 905 1833 978 dios
1874 905 2202 993 indicitur,
2246 906 2581 997 negasque
2625 922 2703 979 ac
2744 906 3070 996 Principes
3115 908 3280 979 varii

1671 1082 1682 1091 .
1719 1026 2156 1097 coemuntur.

593 1259 706 1333 Ex
765 1261 976 1333 terris
1038 1261 1340 1335 Russiae
1412 1261 1848 1335 wladislaus
1919 1260 2255 1334 Poloniae
2315 1261 2472 1333 Rex
2540 1260 2615 1333 in
2684 1260 3174 1334 cracovienses
3248 1264 3469 1334 terras

385 1400 744 1468 reversuS,
802 1380 1058 1454 festum
1113 1380 1354 1454 Sancti
1407 1380 1696 1453 Martini
1761 1384 1832 1451 et
1885 1377 2034 1453 dies
2085 1381 2323 1471 plures
2378 1380 2885 1472 subsequentes
2949 1380 3135 1472 apud
3188 1379 3465 1472 Nyepo-

385 1499 680 1571 lomicze
733 1498 1155 1589 absumpsit,
1214 1503 1285 1573 et
1336 1500 1422 1573 de
1475 1498 1766 1571 consilio
1822 1500 2302 1572 Pru-elatorum
2358 1502 2429 1570 et
2464 1499 2798 1570 baronum
2851 1499 3081 1591 Regni
3136 1500 3248 1570 sui
3299 1503 3469 1573 tunc

385 1617 662 1705 habito,
719 1617 1082 1710 coniugem
1137 1638 1334 1691 suam
1390 1617 1720 1709 Sophiam
1773 1617 2115 1710 Reginam
2169 1616 2444 1689 solenni
2498 1616 2938 1689 coronatione
3003 1618 3469 1691 coronandam

387 1736 729 1823 decrevit,
785 1736 1104 1827 diemque
1157 1736 1624 1809 coronationis
1678 1736 2113 1809 Dominicam
2153 1736 2323 1807 Esto
2362 1736 2570 1823 mihi,
2630 1734 3029 1824 constituit,
3087 1756 3168 1808 ac
3216 1722 3307 1807 ad
3358 1735 3466 1807 in-

387 1856 752 1927 vitandum
793 1854 1316 1947 sigismundum
1351 1857 1820 1929 Romanorum
1859 1858 1930 1927 et
1965 1854 2369 1947 Hungariae
2404 1856 2667 1947 Regem
2683 1910 2699 1943 ,
2740 1855 3145 1927 Zawissium
3190 1854 3469 1947 nigrum

387 1975 472 2046 de
527 1973 819 2047 Garbow
873 1974 1204 2062 militem,
1247 1976 1634 2066 capitanem
1675 1974 2277 2066 Sczepusiensem3
2334 1974 2421 2045 ad
2474 1974 2916 2046 invitandum
2970 1994 3133 2047 vero
3186 1973 3471 2046 Ericum

388 2092 645 2165 Daciae
682 2092 738 2181 ¹)
774 2092 1036 2185 Regem
1091 2114 1250 2166 cum
1289 2114 1524 2165 eorum
1560 2092 1938 2181 PraelatiS,
1979 2092 2427 2183 Principibus
2476 2098 2547 2165 et
2582 2092 3030 2182 consiliariiS,
3090 2090 3470 2185 Sbigneum

391 2210 476 2284 de
527 2213 698 2284 Alto
753 2216 986 2285 monte
1049 2214 1510 2285 castellanum
1576 2214 2162 2305 Rospergensem,
2228 2214 2675 2303 caeterosque
2728 2210 2993 2285 milites
3055 2212 3283 2303 Regni
3336 2212 3468 2282 Po-

390 2330 649 2417 loniae,
705 2350 829 2422 pro
883 2330 1048 2403 aliis
1103 2330 1550 2422 Principibus
1603 2330 1890 2418 vicinis,
1946 2350 2070 2422 pro
2126 2329 2546 2403 solennitate
2600 2330 3065 2403 coronationis
3116 2331 3471 2421 praefatae

389 2448 815 2537 transmisit,
870 2449 1244 2541 providens
1299 2470 1566 2522 summo
1605 2450 1870 2538 studio,
1928 2468 2333 2539 summaque
2370 2469 2567 2536 cura,
2624 2453 2707 2521 ut
2742 2449 3141 2522 cracoviam
3193 2466 3317 2539 pro
3355 2447 3469 2518 die

389 2568 857 2640 coronationis
909 2568 1219 2641 omnium
1273 2568 1689 2641 victualium
1743 2572 1815 2641 et
1867 2572 2373 2641 commeatuum
2408 2586 2498 2639 ex
2534 2568 2776 2660 Regno
2813 2567 3145 2639 Poloniae
3198 2586 3469 2639 summa

389 2691 461 2759 et
511 2687 768 2760 referta
820 2687 1247 2760 abundantia
1297 2688 1768 2761 inveheretur.
1823 2688 1932 2759 Ex
1987 2686 2056 2758 N
2059 2686 2525 2778 yepolomicze
2578 2688 2735 2759 Rex
2788 2706 2911 2778 per
2962 2686 3235 2759 Novam
3288 2675 3462 2757 civi-

389 2810 638 2895 tatem,
698 2806 1234 2895 Sandomiriam,
1291 2807 1586 2895 Lublin‚
1653 2810 2030 2878 transitum
2083 2806 2345 2879 faciens
2364 2861 2381 2894 ,
2448 2806 2521 2877 in
2574 2804 3027 2877 Lithuaniam
3080 2802 3464 2890 descendit,

391 2930 462 2998 et
515 2924 670 2998 illic
723 2930 1000 3017 tempus
1053 2925 1306 2999 hiemis
1361 2926 1537 3019 egit,
1595 2928 1898 2999 ferarum
1957 2925 2435 2997 tantummodo
2490 2924 2847 2998 venationi
2902 2922 3181 2997 deditus
3236 2925 3307 2995 et
3359 2921 3464 2993 in-

390 3048 662 3133 tentus,
719 3066 896 3136 quae
949 3065 1074 3136 pro
1127 3044 1594 3118 coronationis
1651 3032 1928 3118 futurae
1980 3044 2386 3118 celebritate
2450 3044 2525 3117 in
2579 3043 2896 3136 singulos
2948 3041 3287 3115 invitatos
3341 3040 3465 3111 ho-

393 3164 612 3255 spites
667 3168 738 3237 et
769 3164 1094 3267 *advenas
1145 3168 1434 3256 possent
1487 3164 1827 3237 sufficere.

916 3522 1230 3594 fundatio
1272 3522 1648 3594 monasterii
1693 3522 1934 3593 ordinis
1979 3522 2457 3595 carthusiensis
2496 3524 2569 3594 in
2613 3522 2949 3611 Lagaina.

598 3759 970 3851 Bregensis
1025 3763 1095 3832 et
1147 3760 1636 3852 Legniczensis
1673 3760 1836 3830 Dux
1889 3758 2321 3847 LudovicuS,
2379 3759 2691 3831 ardorem
2744 3765 2817 3832 et
2858 3757 3265 3850 religionem
3302 3756 3463 3828 fidei

393 3898 472 3951 ac
523 3877 885 3970 religionis
924 3898 1090 3951 suae
1142 3878 1216 3950 in
1254 3880 1475 3953 Deum
1514 3883 2051 3966 monstraturus,
2109 3877 2183 3950 in
2220 3878 2331 3951 die
2368 3879 2781 3951 Sanctorum
2816 3876 3078 3950 Felicis
3114 3880 3187 3949 et
3223 3875 3461 3963 Aucti,

393 3998 669 4070 domum
723 4001 796 4069 et
848 3997 1156 4071 ordinem
1209 3998 1773 4071 carthusiensem
1801 3997 1888 4086 ²),
1954 3980 2030 4069 in
2081 3988 2359 4070 nemore
2421 4018 2635 4089 prope
2688 3996 3015 4088 oppidum
3072 4018 3275 4067 suum
3327 3995 3460 4066 Le·

393 4116 666 4207 gnicza,
731 4116 818 4188 ad
871 4117 1135 4189 fluenta
1195 4116 1396 4189 fluvii
1449 4118 1820 4189 Kaczbach
1885 4116 2161 4204 fundat,
2228 4120 2300 4189 et
2360 4120 2504 4188 tam
2568 4115 2892 4203 ecclesia,
2959 4136 3166 4206 quam
3228 4133 3463 4186 mona-

398 4234 610 4308 sterio
665 4239 736 4308 et
791 4235 990 4307 cellis
1063 4239 1272 4327 atque
1345 4236 1642 4308 officinis
1705 4236 1857 4308 eius
1922 4255 2007 4308 ex
2062 4256 2259 4307 muro
2314 4234 2696 4307 aedificatis
2760 4240 2831 4308 et
2883 4234 3164 4320 erectiS,
3232 4233 3467 4305 ducali

393 4354 795 4446 largitione,
852 4354 1080 4443 villis,
1135 4354 1460 4427 censibus
1515 4358 1724 4446 atque
1779 4354 2115 4446 praediiS,
2175 4354 2356 4426 illud
2411 4354 2627 4426 dotat.
2682 4353 3067 4427 Primarius
3113 4352 3297 4426 inter
3330 4353 3463 4424 Po-

396 4472 623 4545 loniae
675 4471 1039 4564 Principes
1101 4473 1417 4561 habitus,
1485 4473 1600 4546 cui
1655 4478 1796 4546 tam
1858 4473 2124 4566 insigni
2188 4473 2415 4547 officio
2478 4474 2777 4567 contigit
2830 4472 3150 4565 defungi,
3208 4476 3279 4543 et
3332 4472 3464 4543 sub

397 4592 620 4683 Regni
702 4590 1032 4665 Poloniae
1104 4578 1421 4665 terminis
1501 4584 1997 4666 monasterium
2059 4592 2363 4684 primum
2436 4593 2927 4666 carthusiense
2996 4591 3071 4665 in
3132 4589 3465 4663 Polonica

397 4710 686 4784 ecclesia
739 4710 1050 4783 fundare.

603 4964 652 5045 ¹)
694 4966 927 5027 Daniae
967 4963 1095 5029 Ed.
1141 4962 1322 5049 Lipe.
1369 4962 1424 5050 ²)
1471 4966 1988 5028 carthusianorum
2044 4962 2197 5027 0001.
2230 4960 2423 5026 Rozr.
