4342 6384
1157 569 1317 645 414.
2353 565 2579 652 mn
2629 598 3089 654 meamus.
3692 571 3828 677 (Α.
3864 576 3961 651 D.
3999 573 4264 674 1430.)

1241 900 1659 973 'ladislaum
1701 901 1940 993 aegon
1984 902 2170 975 mna
2214 903 2658 977 manentem
2701 904 3109 978 Withevdu
3151 908 3581 995 promatur„
3603 904 3901 995 graviore
3944 903 4175 975 norbo

1332 1019 1708 1111 corripitur:
1767 1022 1940 1095 undo
1986 1021 2383 1113 svitrigruo
2428 1041 2730 1113 germano
2775 1024 2971 1114 aegis
3012 1024 3408 1097 inmuntiae
3452 1025 3728 1096 mltu-
3765 1023 4081 1096 amauit.

1364 1258 1453 1330 In
1506 1258 1619 1332 die
1674 1259 1972 1332 Sanctae
2025 1259 2371 1352 Hedvigis
2435 1260 2733 1334 discedit
2787 1261 3223 1333 wladislaus
3277 1262 3610 1335 Poloniae
3661 1262 3817 1335 Rex
3870 1283 3965 1335 ex
4016 1263 4263 1336 Wilno

1161 1397 1404 1450 versus
1459 1379 1758 1470 Trokky,
1817 1378 2059 1452 audita
2115 1379 2332 1459 missa
2386 1380 2570 1471 apud
2606 1380 2932 1453 Minores.
2992 1381 3241 1472 Quem,
3295 1401 3584 1453 ascenso
3622 1402 3833 1472 equo,
3889 1383 4062 1453 Dux
4100 1381 4263 1453 wi-

1161 1496 1474 1575 thawdus
1529 1503 1845 1586 secutuS,
1903 1504 1974 1571 et
2009 1498 2408 1589 paullulum
2446 1499 2603 1572 viae
2656 1500 3059 1584 conficiens,
3116 1522 3157 1573 a
3194 1502 3528 1593 languore
3566 1521 3655 1573 ex
3693 1522 3869 1593 equo
3910 1502 4262 1587 deiectus,

1158 1617 1232 1689 in
1285 1616 1721 1706 vehiculum,
1790 1638 1924 1710 quo
1991 1638 2275 1691 consors
2340 1640 2467 1692 sua
2529 1620 2944 1709 vehebatur,
3001 1620 3347 1708 ascendit,
3406 1626 3476 1693 et
3537 1620 3770 1694 iacens
3833 1621 3915 1693 in
3980 1621 4268 1710 Trokky

1157 1737 1476 1829 pervenit
1529 1741 1601 1811 et
1634 1737 1922 1830 grabato
1977 1738 2387 1812 decumbere
2441 1740 2703 1830 coepit,
2760 1759 2887 1812 nec
2939 1740 3024 1812 de
3062 1744 3329 1813 caetero
3384 1740 3631 1812 vivens
3686 1740 3868 1811 illud
3917 1739 4266 1813 deseruit.

1157 1857 1317 1927 Dux
1374 1856 1732 1949 Switrigal
1785 1862 2038 1930 natura
2093 1863 2163 1931 et
2217 1858 2526 1931 moribus
2580 1858 2925 1947 insolens,
2984 1860 3219 1931 favore
3271 1858 3581 1931 omnium
3634 1860 4138 1932 Ruthenorum
4196 1864 4269 1930 et

1157 1973 1667 2048 Lithuanorum
1705 1978 1968 2065 elatus,
2026 1978 2335 2052 sentiens
2375 1979 2636 2051 Ducem
2675 1977 3147 2051 Withawdum
3200 1977 3275 2050 in
3313 1978 3559 2051 mortis
3612 1978 3916 2052 articulo
3958 1977 4263 2066 versari,

1157 2093 1573 2167 insolentior
1633 2115 1787 2170 esse
1858 2101 1928 2170 et
1991 2098 2201 2169 vultu
2264 2102 2333 2171 et
2396 2098 2668 2171 actione
2733 2103 2805 2170 et
2864 2102 3071 2191 gestu
3145 2097 3405 2191 coepit:
3476 2118 3606 2171 nec
3667 2097 3963 2170 licentia
4040 2096 4266 2168 Ducis

1161 2211 1541 2295 Withawdi
1597 2215 1911 2304 obtenta,
1966 2216 2041 2289 in
2096 2218 2327 2291 curias
2382 2237 2549 2290 suas
2588 2219 2668 2307 ¹),
2724 2218 2977 2309 plenus
3032 2221 3103 2290 et
3140 2218 3369 2291 elatus
3422 2238 3546 2308 spe
3601 2238 3941 2289 novarum
3996 2236 4263 2303 rerum,

1157 2333 1681 2422 revertebatur„
1720 2333 1914 2427 Quod
1968 2337 2134 2408 Dux
2188 2336 2630 2410 Withawdus
2686 2357 2889 2430 aegre
2944 2338 3207 2425 ferens,
3274 2339 3453 2410 hanc
3504 2336 3731 2428 ipsius
3794 2335 4263 2408 insolentiam

1153 2471 1278 2541 per
1331 2452 1791 2545 Gedigoldum
1844 2454 2237 2547 palatinum
2302 2460 2373 2529 et
2426 2456 2867 2548 capitaneum
2930 2456 3367 2545 Vilnensem‚
3436 2456 3909 2549 Bumbpldum
3939 2454 4007 2543 ²)
4076 2476 4262 2527 mar·

1157 2571 1422 2645 ealcum
1478 2577 1549 2646 et
1601 2574 1973 2648 Nicolaum
2011 2575 2383 2668 Sepinsky,
2441 2576 2832 2649 wladislao
2870 2575 3203 2648 Poloniae
3240 2575 3421 2668 Regi
3474 2573 3834 2648 mandavit
3862 2574 3953 2666 ³).
4012 2578 4084 2648 A
4123 2596 4263 2667 quo

1153 2691 1322 2765 licet
1375 2698 1736 2786 correptus
1800 2695 2222 2769 charitative
2287 2696 2357 2769 et
2422 2696 2758 2785 fraterne,
2814 2696 2997 2768 nihil
3058 2696 3143 2769 de
3197 2696 3555 2787 proposito
3619 2700 3904 2768 mutans
3922 2752 3941 2783 ,
4011 2696 4259 2769 subito

1157 2814 1225 2881 et
1278 2809 1630 2903 insperate
1683 2813 2045 2902 discessit,
2109 2814 2250 2887 iam
2304 2814 2379 2887 in
2434 2820 2663 2890 mente
2715 2836 2996 2909 gerens,
3064 2815 3247 2907 quod
3302 2835 3505 2908 opere
3559 2813 3965 2908 propediem
4022 2817 4261 2888 fuerat

1153 2933 1559 3003 ructatur-us
1588 2932 1673 3021 ⁴).

1157 3289 1562 3363 witharius
1604 3287 1917 3365 mutum
1975 3294 2358 3367 nuntiae
2377 3350 2394 3383 ,
2452 3297 2755 3387 illiusque
2813 3313 3114 3386 proceres
3173 3299 3246 3369 et
3286 3296 3542 3368 nobiles
3600 3313 3677 3368 ιο
3734 3313 4004 3368 uxoren
4070 3311 4265 3367 sua-

1356 3407 1708 3486 modi-m
1751 3408 1907 3505 negt
1953 3417 2396 3505 consudet,
2441 3417 2708 3489 taudem
2750 3418 3052 3489 noritur:
3107 3418 3291 3489 cuius
3333 3433 3544 3489 nores
3585 3418 4041 3489 recensentur.

1362 3651 1908 3742 Quatuordecem
1975 3652 2224 3726 diebus
2294 3652 2370 3725 in
2433 3652 2709 3746 Trokky
2774 3652 2937 3725 Dux
3000 3652 3474 3741 Withawdus,
3550 3653 4032 3726 invalescente
4099 3655 4262 3726 lan·

1153 3790 1395 3861 guore,
1453 3770 1879 3862 absumptis,
1937 3771 2102 3843 dum
2140 3770 2279 3846 sibi
2333 3772 2596 3846 instare
2632 3771 2973 3846 moriendi
3010 3773 3382 3846 terminum
3438 3776 3782 3860 cerneret,
3840 3775 4261 3867 aggregatis

1153 3888 1546 3977 potioribus
1577 3888 1639 3978 5)
1693 3883 2142 3982 Principibus
2198 3896 2268 3965 et
2306 3893 2600 3984 Boyaris
2654 3892 3077 3966 Lithuaniae
3133 3897 3203 3965 et
3254 3891 3588 3981 Russiae‚
3646 3894 3734 3965 ad
3773 3894 4264 3968 wladislaum

1153 4008 1485 4081 Poloniae
1538 4010 1796 4101 Regem
1852 4010 1926 4081 in
1979 4012 2166 4084 hunc
2219 4013 2529 4101 modum,
2593 4019 2957 4104 praesente
3010 4012 3309 4085 Ducissa
3370 4012 3654 4086 Iuliana
3717 4019 4043 4086 consorte
4100 4034 4262 4102 sua,

1157 4128 1368 4200 verba
1420 4123 1618 4199 facit:
1676 4128 1914 4218 Cerno,
1973 4129 2237 4221 inquit,
2297 4132 2737 4206 serenissime
2773 4134 2929 4205 Rex
2982 4137 3055 4205 et
3091 4131 3497 4205 charissime
3551 4133 3790 4220 frater,
3852 4138 4263 4207 extremum

1153 4244 1334 4317 diem
1390 4244 1790 4335 advenisse,
1857 4251 1928 4319 et
1980 4247 2380 4342 propediem
2435 4271 2544 4323 me
2598 4251 3153 4338 dissolvendum,
3220 4273 3263 4324 a
3314 4257 3383 4324 te
3439 4273 3715 4344 quoque
3780 4254 4262 4344 separandum

1153 4369 1328 4453 fere;
1400 4366 1748 4438 Ducatum
1800 4366 2040 4458 itaque
2102 4370 2433 4461 Magnum
2486 4368 2939 4459 Lithuaniae,
3009 4391 3213 4463 quem
3276 4371 3360 4444 de
3414 4371 3741 4444 manibus
3790 4373 3946 4444 tuis
3993 4392 4260 4465 regen-

1153 4485 1318 4557 dum
1373 4501 1845 4576 susceperam,
1905 4486 2037 4559 tibi
2071 4488 2404 4561 restituo:
2462 4494 2543 4561 tu
2589 4489 2802 4564 illum
2856 4489 2971 4565 vel
3005 4511 3129 4583 per
3166 4512 3271 4580 se,
3325 4491 3442 4563 vel
3486 4511 3612 4585 per
3648 4491 3882 4564 virum
3925 4492 4267 4584 aliquem

1157 4609 1409 4678 bonum
1463 4623 1648 4699 rege.
1723 4604 2032 4682 Uxorem
2085 4626 2306 4680 meam
2374 4613 2445 4681 et
2498 4607 2895 4699 Praelatos,
2962 4610 3324 4703 Principes
3388 4614 3459 4683 et
3512 4612 3809 4685 barones
3873 4611 3994 4684 hic
4043 4611 4262 4704 prae-

1157 4729 1387 4798 sentes
1443 4729 1514 4798 et
1567 4724 1745 4798 alios
1799 4725 2154 4816 absentee,
2213 4731 2377 4801 tuae
2434 4730 2889 4803 excellentiae
2942 4730 3374 4803 commendo:
3433 4751 3729 4822 quorum
3767 4751 4049 4819 curan,
4108 4753 4264 4806 ser·

1153 4844 1581 4917 randoillis
1638 4844 1794 4917 iura
1847 4849 1916 4918 et
1969 4845 2377 4919 donationes
2432 4868 2474 4918 a
2526 4867 2634 4919 me
2689 4868 3082 4937 concessas,
3140 4869 3256 4921 oro
3310 4869 3536 4941 geras.
3613 4851 3973 4923 Excessus
4030 4873 4262 4941 τηοσε,

1153 4963 1406 5053 quibus
1470 4968 1540 5037 te
1610 4968 1683 5037 et
1737 4984 1951 5056 saepe
2015 4964 2193 5037 alias
2259 4970 2330 5038 et
2388 4966 2726 5039 hactenus
2797 4989 2921 5059 pro
2986 4967 3363 5052 ambitione
3427 4989 3721 5042 coronae
3793 4969 4261 5059 offenderam,

1153 5103 1392 5173 precor
1446 5087 1517 5156 et
1567 5083 1912 5156 humilius
1968 5105 2103 5176 quo
2140 5104 2427 5175 possum
2482 5087 2824 5178 supplico,
2879 5088 3271 5182 indulgeas,
3327 5088 3665 5162 Excussit
3700 5089 3765 5162 is
3822 5109 4055 5163 sermo
4107 5096 4261 5164 mm

1367 5353 1412 5431 ¹)
1459 5357 1586 5417 eius
1634 5350 1785 5417 God.
1815 5352 2008 5418 Rozr.
2058 5353 2113 5436 ⁹)
2155 5357 2545 5420 Bomboldmn
2587 5355 2739 5420 Ood.
2772 5354 2962 5421 Rozr.
3012 5356 3064 5438 ³)
3095 5360 3399 5421 mandavit
3427 5360 3835 5422 nuntiandam.
3872 5356 4030 5427 cod.
4057 5361 4262 5426 Rom.

1157 5453 1209 5533 ⁴}
1254 5457 1665 5535 completurus.
1715 5452 1866 5521 cod.
1912 5454 2105 5522 Rozr.
2146 5458 2209 5538 θ)
2254 5461 2606 5537 primoribus
2655 5455 2807 5524 cod.
2849 5459 3042 5525 Rozr.
