4342 6384
858 565 1005 636 252
2043 583 2271 638 LIBER
2321 581 2780 636 unnucmus.
2883 655 2890 662 .
3385 556 3518 658 (Α.
3556 557 3650 634 D.
3692 557 3946 658 1420.)

856 773 1085 857 erant,
1140 770 1230 840 ad
1282 769 1789 842 defendendum
1828 767 2280 859 Principatus
2319 789 2514 854 suoS,
2572 767 3072 854 haereditateS,
3113 765 3537 857 patrimonia
3571 770 3644 839 et
3679 766 3946 858 Regna,

860 889 1278 963 necessitate
1332 888 1434 960 eis
1486 910 1611 979 per
1663 891 1733 962 te
1785 888 2084 976 indicta,
2140 887 2214 960 in
2271 887 2659 960 cruciferos
2715 887 2862 959 sint
2915 883 3344 959 conversuri.

1064 1008 1239 1080 Eam
1294 1007 1714 1098 legationem
1778 1009 1945 1079 dum
2010 1007 2358 1100 Sbigneus
2423 1009 2508 1078 de
2563 1006 3016 1078 Oleschnicza
3081 1010 3313 1079 orator
3380 1004 3618 1099 regius
3691 1003 3956 1078 diserte

860 1126 1387 1218 complevisset,
1447 1126 1941 1220 sigismundus
1996 1128 2472 1199 Romanorum
2528 1131 2598 1200 et
2651 1125 3056 1218 Hungariae
3091 1126 3279 1212 Rex,
3335 1115 3736 1212 disiunctis,
3794 1143 3952 1214 por-

855 1245 1207 1337 rectisque
1279 1245 1353 1319 in
1418 1249 1787 1338 utramque
1858 1251 2129 1338 partem
2203 1246 2552 1334 manibu8‚
2636 1247 2707 1318 id
2773 1244 3254 1318 tantummodo
3327 1243 3520 1316 dedit
3589 1243 3952 1334 responsi:

861 1364 1207 1457 Quicquid
1262 1365 1334 1437 in
1391 1366 1742 1438 sententia
1795 1366 1981 1438 inter
2034 1366 2320 1439 fratrem
2375 1370 2693 1438 nostrum
2747 1364 3080 1438 Poloniae
3131 1364 3394 1455 Regem
3448 1367 3520 1436 et
3565 1361 3958 1435 Cruciferos

858 1485 943 1557 de
999 1484 1289 1558 Prussia
1343 1484 1955 1579 pronuntiavimus
1975 1541 1991 1573 ,
2050 1486 2268 1574 iuste,
2329 1486 2537 1558 dante
2591 1485 2920 1573 Domino,
2977 1504 3104 1556 nos
3157 1482 3652 1574 pronuntiasse
3707 1481 3958 1556 existi-

858 1623 1160 1693 mamus„
1218 1626 1376 1677 cum
1433 1605 1668 1678 omnia
1722 1611 1791 1678 et
1846 1606 2129 1698 singula
2182 1606 2268 1678 de
2325 1605 2618 1678 consilio
2672 1605 2919 1676 horum
2975 1603 3278 1676 omnium
3337 1603 3693 1694 (manibus
3748 1601 3956 1674 Prin-

862 1724 1051 1816 cipes
1118 1724 1528 1817 spirituales
1602 1730 1673 1798 et
1736 1725 2131 1799 saeculares
2199 1724 2352 1797 illic
2405 1729 2719 1797 astantes
2773 1723 3125 1811 indicans)
3189 1722 3482 1814 egimus.
3566 1722 3696 1795 Cui
3761 1721 3962 1794 illico

858 1843 1211 1936 replicans
1267 1844 1618 1936 Sbigneus
1672 1844 1756 1916 de
1812 1844 2298 1917 Oleschnicza:
2357 1845 2595 1932 Stare,
2651 1842 2916 1934 iuquit,
2984 1845 3218 1933 potest
3273 1841 3716 1915 serenissime
3773 1841 3959 1929 Rex,

860 1967 931 2036 te
986 1964 1070 2035 de
1126 1963 1421 2036 consilio
1474 1964 1723 2035 horum
1780 1963 2088 2036 omnium
2142 1963 2564 2036 sententiam
2619 1962 3022 2054 protulisse.
3082 1961 3218 2034 Sed
3273 1961 3334 2032 si
3389 1961 3463 2032 in
3502 1961 3786 2033 Domini
3821 1959 3966 2033 mei

864 2081 1243 2154 Wladislai
1297 2081 1633 2154 Poloniae
1687 2082 1904 2174 Regis
1959 2087 2228 2173 partem
2295 2086 2402 2154 tot
2454 2085 2914 2173 promotores,
2973 2079 3466 2168 auxiliatores,
3523 2081 3964 2153 consultores

864 2207 935 2274 et
989 2200 1480 2274 intercessores
1537 2201 2004 2288 adhibuisses,
2063 2206 2235 2292 quot
2270 2223 2394 2292 pro
2432 2205 2630 2292 parte
2669 2200 2960 2273 adversa
2997 2199 3504 2272 cruciferorum
3542 2198 3962 2287 adhibuisti,

864 2321 1089 2393 multo
1144 2319 1507 2392 iustiorem
1564 2324 1633 2392 et
1686 2320 2081 2411 aequiorem
2137 2320 2558 2395 seutentiam
2597 2320 2911 2416 tulisses.
2971 2318 3237 2410 Quibus
3275 2322 3508 2392 tamen
3547 2319 3602 2408 ¹)
3657 2319 3968 2391 humana

866 2441 1226 2512 subtracta
1289 2441 1479 2511 fuere
1541 2439 1922 2530 praesidia,
2000 2441 2183 2512 scias
2214 2438 2277 2528 2)
2341 2439 2583 2511 divina
2655 2444 2724 2512 et
2789 2437 3122 2512 coelestia
3185 2437 3334 2515 illis
3407 2459 3545 2510 non
3609 2437 3964 2510 defutura.

864 2559 1057 2631 Haec
1113 2558 1485 2650 Sbigneus.

1070 2678 1417 2751 Posthaec
1469 2677 1808 2750 Nicolaus
1863 2678 2216 2750 Czebulka
2269 2677 2546 2750 nomine
2603 2676 2988 2750 Alexandri
3026 2675 3412 2749 Withawdi
3466 2675 3688 2749 Ducis
3724 2677 3968 2770 Magni

865 2794 1289 2870 Lithuaniae
1361 2796 1783 2888 legationem
1856 2818 2054 2870 suam
2126 2797 2356 2870 dicere
2429 2817 2664 2884 orsae,
2737 2796 2840 2867 ita
2893 2795 3335 2889 pronuntiat:
3419 2796 3580 2868 Non
3643 2817 3771 2888 ego
3829 2817 3966 2885 me,

868 2914 1312 2988 serenissime
1366 2917 1838 2988 Romanorum
1874 2917 2062 3004 Rex,
2121 2917 2541 3008 legationem
2595 2914 2770 2988 mihi
2825 2915 2911 2987 ab
2949 2914 3438 2988 illustrissimo
3476 2914 3776 2987 Domino
3813 2935 3971 2988 meo

868 3034 1275 3108 Alexandro
1307 3033 1703 3106 Withawdo
1743 3038 1935 3108 Duce
1970 3037 2225 3128 Magno
2262 3035 2686 3108 Lithuaniae
2742 3035 3142 3127 impositam
3181 3033 3721 3107 denuntiaturus
3757 3035 3973 3128 longe

870 3152 1284 3227 diffundam:
1360 3152 1643 3246 singula
1706 3155 2086 3246 siquidem,
2157 3175 2334 3248 quae
2387 3155 2506 3228 hic
2569 3154 2992 3228 venerabilis
3050 3159 3120 3228 et
3173 3153 3584 3246 spectabilis
3639 3153 3753 3226 vir
3807 3153 3972 3228 Sbi-

866 3293 1124 3367 gneus,
1181 3272 1460 3346 nomine
1518 3274 1946 3347 serenissimi
2000 3275 2283 3348 Domini
2319 3275 2574 3363 nostri,
2616 3272 2899 3346 Domini
2935 3273 3316 3346 Wladislai
3369 3273 3587 3366 Regis
3632 3273 3976 3348 Poloniae

868 3393 1266 3486 proposuit,
1332 3395 1709 3485 repetenda
1762 3395 1935 3467 mihi
1992 3397 2250 3482 forent3
2329 3397 2450 3469 sed
2503 3417 2589 3468 ne
2643 3395 3006 3467 fastidium
3071 3399 3142 3466 et
3195 3393 3328 3467 tibi
3391 3398 3463 3466 et
3516 3393 3977 3468 audientibus

871 3536 953 3588 ea
1002 3513 1421 3606 repetitione
1475 3514 1818 3607 ingeram,
1876 3516 2244 3590 continebo
2301 3537 2443 3588 me:
2500 3537 2716 3587 uuum
2770 3516 2900 3587 hoc
2935 3514 3342 3607 adiungam,
3401 3512 3586 3605 qnod
3623 3513 3977 3587 Dominus

874 3655 1070 3708 meus
1125 3634 1529 3707 Alexander
1567 3635 2009 3708 Withawdus
2048 3637 2212 3707 Dux
2249 3637 2545 3727 Magnus
2582 3634 3007 3707 Lithuaniae
3062 3635 3438 3726 adiungere
3474 3631 3710 3706 iussit.
3767 3632 3975 3705 Nun-

872 3775 1082 3845 quam
1138 3753 1479 3845 siquidem
1538 3753 1878 3826 Dominus
1934 3776 2130 3827 meus
2187 3754 2590 3828 Alexander
2626 3753 3066 3826 Withawdus
3122 3755 3282 3825 Dux
3321 3753 3619 3845 Magnus
3673 3753 3976 3825 Lithua-

874 3871 1036 3945 niae
1092 3872 1341 3944 habuit
1376 3873 1815 3963 propositum
1872 3880 1995 3945 aut
2033 3879 2368 3961 mentem,
2427 3873 2736 3964 aliquam
2775 3873 3158 3945 amicitiam
3213 3877 3444 3946 tecum
3480 3871 3810 3960 ineundi,
3851 3879 3982 3945 aut

876 3991 1118 4064 foedus
1184 3997 1307 4062 aut
1368 3992 1585 4084 ligam
1649 3996 1881 4065 tecum
1945 3992 2431 4079 contrahendi,
2499 3992 2618 4064 sed
2681 3991 2962 4064 assidue
3033 3991 3266 4064 tenuit
3327 3995 3430 4078 te,
3500 3996 3663 4064 tuos
3718 4012 3977 4080 mores,

876 4115 1209 4201 tuamque
1279 4116 1601 4184 naturam
1674 4111 2104 4185 sufficienter
2179 4118 2546 4203 expertus,
2623 4116 3058 4202 suspectum:
3149 4115 3576 4203 quapropter
3646 4116 3717 4184 et
3791 4132 3978 4186 sere-

878 4228 1169 4301 nissimo
1242 4229 1557 4320 Principi
1631 4231 1927 4302 Domino
1983 4252 2141 4320 su0,
2218 4231 2552 4303 Poloniae
2625 4230 2804 4322 Regi
2878 4229 3304 4316 wladislao,
3377 4251 3465 4303 ne
3541 4234 3772 4303 tecum
3845 4229 3981 4303 ali-

879 4369 1052 4440 quas
1109 4347 1289 4442 ligas
1354 4354 1423 4421 et
1477 4349 1751 4421 foedera
1813 4349 2059 4438 iniret,
2134 4351 2354 4423 initas
2423 4371 2585 4422 vero
2649 4350 3037 4438 disiiceret‚
3107 4371 3523 4443 magnopere
3585 4349 3980 4441 persuasit;

878 4490 995 4541 eas
1052 4490 1249 4557 vero,
1309 4489 1481 4559 quas
1519 4473 1751 4541 tecum
1806 4470 2146 4542 Dominus
2189 4491 2383 4544 meus
2422 4469 2824 4542 Alexander
2860 4469 3304 4542 Withawdus
3341 4470 3506 4542 Dux
3552 4469 3752 4558 iniit,
3795 4469 3984 4544 scias

878 4611 1015 4661 non
1068 4610 1193 4680 pro
1251 4609 1380 4659 sua
1433 4589 1831 4677 voluntate,
1892 4590 2014 4662 sed
2066 4611 2190 4680 pro
2229 4589 2666 4680 beneplacito
2721 4588 3002 4660 Domini
3057 4588 3168 4660 sui
3206 4588 3587 4661 Wladislai
3639 4589 3984 4664 Poloniae

879 4709 1097 4800 Regis
1151 4711 1344 4780 actas
1384 4727 1559 4779 esse.
1620 4706 1946 4781 Servavit
1982 4713 2214 4780 autem
2255 4708 2594 4780 Dominus
2633 4728 2828 4780 meus
2869 4707 3268 4780 Alexander
3303 4707 3750 4780 Withawdus
3787 4709 3982 4798 Dux,

884 4831 954 4899 et
1008 4849 1281 4900 summa
1315 4848 1483 4899 cura
1518 4827 1905 4900 custodivit
1941 4833 2011 4900 et
2049 4828 2294 4901 foedus
2350 4826 2603 4899 initum
2663 4831 2732 4898 et
2771 4832 3279 4899 sacramentum
3333 4826 3792 4918 praestitum,
3843 4849 3984 4920 quo

883 4969 957 5020 se
1012 4948 1415 5035 devoverat,
1473 4951 1730 5034 terrae,
1788 4947 2031 5040 Regna
2086 4952 2155 5020 et
2210 4946 2517 5019 dominia
2553 4952 2678 5018 tua
2730 4968 3088 5037 nunquam
3141 4945 3589 5019 ambitumm.
3647 4946 3787 5019 Sed
3841 4968 3984 5020 non

887 5086 975 5139 ex
1032 5086 1251 5159 aequo
1309 5071 1431 5138 tua
1470 5065 1827 5138 Serenitas
1882 5066 2045 5138 fidei
2084 5087 2251 5139 suae
2304 5065 2698 5156 respondit,
2759 5086 2936 5157 quae
2989 5071 3060 5138 et
3097 5065 3366 5137 foedere
3423 5070 3494 5137 et
3531 5065 3988 5139 iureiurando

883 5189 1253 5273 temerato,
1312 5187 1661 5260 sententia
1715 5185 1981 5258 iniusta
2035 5185 2312 5276 privare
2367 5185 2570 5256 illum
2618 5184 2825 5257 terris
2880 5185 3092 5256 avitis
3149 5190 3216 5256 et
3255 5184 3570 5275 paternis
3623 5185 3982 5278 multipli-

1108 5440 1153 5519 ¹)
1200 5443 1433 5502 tametsi
1482 5437 1634 5504 cod.
1684 5438 1875 5503 Rozr.
1924 5438 1977 5524 ²)
2025 5442 2182 5502 scias
2228 5445 2421 5500 tamen
2471 5436 2622 5501 Cod.
2671 5437 2863 5501 Rozr.
