4342 6384
360 521 494 623 (Α.
535 520 626 597 Β.
665 519 900 620 1410.)
1531 544 1757 597 nnn-m
1808 542 2269 596 annuemus,
3363 520 3455 597 61

361 729 640 805 ciferico
697 730 1012 803 exercitu
1068 730 1479 823 quadrigae,
1536 728 1844 802 vinculis
1897 729 2377 801 tantummodo
2434 733 2505 801 et
2559 729 2826 802 catenis
2892 734 3215 817 onustae,
3288 750 3463 821 quas

362 849 731 939 Crucifori,
789 855 1048 924 certam
1105 849 1244 924 sibi
1298 850 1623 938 ominati,
1681 849 2072 923 Divinitate
2128 848 2558 937 inconsulta,
2625 848 3026 937 victoriam,
3084 871 3210 923 nec
3264 870 3462 941 prae-

361 972 539 1046 lium
591 972 914 1046 meditati
977 970 1100 1045 sed
1166 970 1636 1063 triumphum,
1705 971 1791 1043 ad
1845 970 2293 1043 vinciendum
2348 972 2775 1044 Polonorum
2830 971 3147 1063 captivos
3204 970 3463 1044 condu-

361 1096 645 1181 xerant3
709 1092 971 1184 reperti
1035 1095 1106 1165 et
1174 1091 1301 1165 alii
1367 1092 1562 1184 pleni
1624 1095 1853 1164 facum
1892 1093 1970 1180 ¹),
2040 1112 2217 1183 quae
2280 1090 2603 1183 pinosae,
2673 1112 2838 1182 sepo
2895 1096 3133 1164 tamen
3188 1094 3259 1165 et
3314 1089 3469 1182 pice

364 1213 660 1302 oblitae,
717 1215 862 1287 tela
915 1214 1205 1305 insuper
1259 1234 1425 1305 sepo
1479 1217 1552 1287 et
1604 1212 1758 1306 pice
1809 1214 2098 1305 perfusa
2151 1211 2653 1300 circumdatae,
2714 1233 2873 1285 cum
2930 1212 3187 1304 quibus
3228 1211 3462 1284 debel-

363 1335 548 1407 latos
603 1340 674 1409 et
729 1335 1078 1428 fugientes
1133 1336 1748 1426 persequerentur,
1805 1353 1930 1425 per
1983 1336 2456 1422 antecessum,
2514 1353 2661 1405 rem
2716 1334 2791 1405 in
2830 1355 3043 1405 manu
3080 1332 3211 1406 Dei
3252 1330 3467 1404 sitam

363 1455 634 1529 tumido
689 1460 762 1528 et
813 1456 899 1529 de
951 1454 1248 1529 victoria
1301 1455 1548 1529 fidenti
1601 1453 1867 1543 animo,
1926 1476 2064 1526 non
2117 1458 2477 1527 reservata
2528 1458 2880 1546 potestate
2918 1454 3241 1547 SuperiS,
3300 1474 3462 1527 exe-

365 1576 622 1650 cuturi.
696 1576 1024 1650 Vinculis
1089 1582 1324 1649 tamen
1387 1580 1458 1650 et
1520 1576 1788 1650 catenis
1851 1575 2288 1664 huiusmodi,
2357 1576 2547 1647 iusto
2613 1576 2759 1648 Deo
2823 1576 3465 1667 praesumptionem

364 1717 599 1770 eorum
639 1701 1067 1785 conterente,
1109 1718 1150 1769 a
1185 1697 1474 1770 Polonis
1513 1696 2009 1790 alligabantur.
2069 1697 2241 1769 Erat
2296 1697 2694 1788 spectaculo
2732 1696 2948 1789 digna
2984 1702 3055 1771 et
3090 1718 3216 1788 pro
3254 1696 3464 1773 aesti-

367 1818 676 1891 matione
714 1816 777 1908 2)
841 1840 1074 1891 rerum
1157 1818 1367 1891 sortis
1440 1820 1786 1892 humanae
1865 1817 2181 1889 miranda
2261 1839 2403 1905 168,
2489 1818 2673 1908 quod
2754 1817 3069 1891 dominos
3148 1818 3466 1911 proprios

366 1939 652 2031 propria
713 1939 950 2014 vincla
1012 1943 1082 2011 et
1147 1943 1431 2013 catenae
1493 1940 1963 2026 includerent,
2031 1942 2099 2011 et
2162 1938 2459 2011 hostiles
2524 1959 2770 2011 currus
2834 1941 3041 2031 plura
3104 1940 3469 2031 explentes

369 2058 630 2148 millia,
691 2060 862 2132 adeo
919 2061 1103 2151 quod
1133 2058 1196 2149 ³)
1253 2082 1378 2133 nec
1441 2044 1808 2133 minimum
1871 2060 2157 2131 illorum
2222 2059 2742 2153 relinqueretur
2802 2060 3215 2153 vestigium,
3284 2060 3473 2133 infra

371 2181 690 2272 quartale
743 2180 956 2252 unius
1011 2181 1221 2254 horae
1274 2202 1314 2253 a
1365 2182 1557 2275 regio
1613 2181 1930 2255 exercitu
1983 2180 2265 2272 direpti.
2326 2182 2547 2253 Erant
2599 2185 2961 2273 praeterea
2998 2181 3071 2253 in
3112 2181 3363 2254 castris
3400 2184 3472 2253 et

371 2300 691 2374 curribus
755 2302 1208 2375 Pruthenicis
1263 2323 1434 2374 vasa
1485 2302 1637 2375 vini
1691 2304 1948 2386 multa,
2016 2302 2100 2373 ad
2159 2324 2337 2394 quae
2390 2302 2629 2395 regius
2686 2304 3072 2391 exercitus,
3144 2302 3473 2375 hostibus

369 2423 777 2511 debellatiS,
855 2422 1106 2515 praelii
1181 2424 1401 2518 fatiga
1463 2428 1533 2497 et
1596 2425 1864 2497 fervore
1929 2422 2199 2496 aestivo
2265 2423 2725 2517 defatigatae,
2794 2423 2881 2495 ad
2944 2422 3474 2497 refocillandam

373 2542 567 2615 sitim
608 2547 1083 2632 concurrerat,
1131 2545 1568 2637 nonnulique
1603 2544 1913 2617 militum
1951 2544 2207 2635 galeis,
2257 2544 2513 2618 caeteri
2550 2544 2955 2631 chiroteciS,
3016 2544 3269 2617 calceis
3307 2543 3478 2617 item

373 2664 500 2737 alii
553 2665 940 2739 hauriendo
995 2685 1296 2754 merum,
1354 2666 1551 2740 sitim
1605 2667 1963 2740 sedabant.
2020 2663 2309 2737 Veritus
2364 2671 2595 2738 autem
2652 2665 3093 2739 Wladislaus
3140 2664 3475 2738 Poloniae

372 2786 562 2873 Rex,
619 2806 706 2859 ne
765 2785 1119 2859 exercitus
1177 2808 1346 2859 suus
1385 2808 1428 2859 a
1466 2787 1632 2859 vino
1678 2786 2100 2873 inebriatuS,
2157 2785 2563 2859 redderetur
2598 2784 2911 2874 inutiliS,
2970 2786 3175 2859 facile
3213 2786 3275 2857 si
3313 2784 3473 2878 quis

373 2906 700 2999 congredi
765 2905 1081 2994 auderet,
1150 2906 1360 2979 etiam
1424 2908 1510 2981 ab
1565 2907 1819 2999 ignavo
1885 2907 2088 2979 hoste
2150 2906 2570 2993 vincendus;
2628 2928 2715 2979 ne
2770 2928 3044 2999 quoque
3100 2927 3188 2979 ex
3254 2905 3473 2978 nimia

262 3030 275 3037 “
372 3027 732 3118 potatione
797 3026 871 3098 in
935 3026 1210 3099 morbos
1273 3032 1346 3100 et
1407 3028 1778 3121 languores
1845 3028 2270 3115 solveretur,
2339 3048 2508 3099 vasa
2554 3026 2703 3099 vini
2752 3027 3052 3099 discindi
3102 3026 3471 3119 frangique

373 3146 594 3219 iubet.
654 3146 923 3238 Quibus
979 3146 1066 3217 ad
1120 3147 1490 3239 imperium
1544 3146 1764 3240 Regis
1821 3148 2181 3220 celerrime
2234 3146 2644 3235 confractiS,
2703 3148 3051 3221 defluebat
3106 3147 3347 3219 vinum
3404 3146 3479 3218 in

375 3267 764 3341 occisorum
820 3268 1186 3356 cadavera,
1245 3288 1542 3359 quorum
1597 3270 1796 3339 erant
1851 3267 1924 3338 in
1982 3269 2132 3339 loco
2190 3268 2610 3341 stativorum
2667 3268 3037 3341 hostilium
3076 3268 3266 3341 haud
3302 3290 3472 3360 pau-

375 3408 497 3460 cae
551 3388 938 3480 congeries:
998 3392 1067 3462 et
1120 3387 1425 3460 mixtum
1461 3408 1620 3461 cum
1657 3386 2052 3475 hominum,
2112 3408 2587 3480 equorumque
2617 3388 2679 3478 4)
2735 3390 3261 3463 interfectorum
3318 3410 3476 3461 san-

373 3508 591 3602 guine
622 3508 708 3598 5),
764 3510 1059 3582 rubeum
1114 3512 1491 3583 torrentem
1545 3508 1917 3582 conficiens
1949 3510 2037 3597 6),
2095 3530 2320 3602 usque
2358 3510 2443 3581 ad
2482 3514 2684 3601 prata
2722 3510 2939 3583 villae
2994 3509 3385 3601 Tambergk
3417 3508 3477 3597 ⁷)

377 3630 610 3702 visum
666 3634 776 3702 est
829 3630 1242 3719 defluxisse,
1300 3632 1374 3702 et
1427 3630 1706 3703 alveum
1760 3628 2088 3721 ripasque
2143 3630 2231 3701 ad
2279 3630 2556 3701 modum
2596 3630 2929 3703 torrentis
2968 3651 3097 3701 sua
3132 3630 3476 3720 impetuo-

379 3750 594 3822 sitate
661 3750 998 3825 effecisse.
1063 3750 1239 3823 Inde
1301 3750 1583 3843 vulgari
1645 3749 1916 3823 fictioni
1971 3757 2039 3823 et
2095 3750 2375 3823 fabulae
2430 3750 2861 3824 occasionem
2914 3747 3327 3843 praestitam
3382 3752 3477 3823 fe·

375 3874 577 3959 runt,
636 3892 774 3962 qua
811 3873 1181 3963 vulgatum
1220 3874 1399 3959 erat,
1456 3875 1736 3943 tantum
1778 3892 1856 3944 eo
1893 3871 2161 3962 praelio
2219 3871 2583 3964 sanguinis
2636 3874 2870 3944 fusum
2918 3892 3101 3959 6886,
3160 3874 3241 3941 ut
3277 3890 3484 3942 cruor

379 3990 716 4064 torrentis
770 3991 844 4064 in
901 3992 1180 4063 modum
1236 3992 1595 4065 deflueret.
1651 3993 1960 4085 Reperta
2015 3992 2263 4066 deinde
2321 3996 2486 4065 sunt
2540 3992 2613 4065 in
2672 3992 2855 4064 silva
2908 4014 3159 4084 parva,
3216 3990 3480 4064 arbori-

377 4112 546 4201 bus,
604 4133 778 4203 quas
835 4112 1326 4185 multicoraces
1381 4133 1746 4201 vocamuS,
1805 4114 2065 4201 obsita,
2125 4119 2195 4186 et
2248 4113 2437 4185 haud
2492 4114 2736 4205 procul
2792 4135 2834 4185 a
2888 4112 3193 4185 statione
3230 4110 3483 4183 hostili

380 4232 723 4321 distante,
783 4236 1048 4326 septem
1104 4232 1414 4306 hostium
1469 4234 1804 4306 banderia
1857 4256 1897 4305 a
1951 4232 2385 4326 fugientibus
2432 4233 2767 4308 derelicta
2804 4238 2875 4307 et
2910 4238 3137 4306 terrae
3172 4236 3483 4305 tantum-

379 4352 582 4425 modo
650 4352 872 4425 infixa
927 4357 998 4426 et
1050 4353 1410 4442 mandata,
1477 4374 1654 4445 quae
1719 4356 1806 4426 ad
1871 4356 2134 4447 Regem
2204 4354 2531 4427 continuo
2598 4354 2831 4426 delata
2886 4358 3075 4427 sunt.
3133 4352 3485 4425 Henricus

380 4473 913 4546 Commendator
969 4473 1054 4546 de
1108 4473 1500 4566 Tucholya,
1568 4474 1690 4566 qui
1755 4475 2008 4548 deferri
2063 4480 2227 4547 ante
2283 4496 2356 4547 se
2412 4475 2797 4546 mandando
2862 4475 3037 4546 duos
3066 4473 3130 4564 8)
3186 4472 3482 4565 gladioS,

381 4616 424 4667 a
477 4593 806 4685 superbia
873 4614 1001 4666 sua
1064 4594 1374 4667 revocari
1439 4615 1564 4686 per
1626 4596 1801 4668 bene
1867 4595 2242 4667 suadentes
2297 4595 2800 4686 necquicquam
2856 4594 3120 4686 potuit,
3178 4594 3343 4665 dum
3398 4612 3487 4664 ex

380 4713 649 4806 praelio
703 4714 1010 4806 turpiter
1064 4714 1396 4807 fugiendo
1454 4713 1527 4787 in
1583 4714 1832 4787 villam
1886 4716 2299 4807 Wyelgnow
2328 4716 2391 4805 ⁹)
2447 4714 2876 4803 devenisset,
2936 4715 3021 4787 ab
3061 4712 3489 4805 insequenti·

379 4835 515 4908 bus
572 4839 1020 4924 consecuturi,
1077 4835 1574 4911 miserabiliter
1619 4836 1848 4927 capite
1886 4857 2084 4909 caeso
2123 4836 2615 4923 obtruncatus,
2676 4833 3097 4908 temeritatis
3135 4838 3207 4907 et
3246 4854 3487 4925 super-

381 4955 540 5029 biae
595 4976 762 5029 suae
817 4956 1134 5029 funestas
1189 4957 1506 5049 quidem,
1557 4957 1680 5029 sed
1718 4956 2004 5029 meritas
2043 4978 2300 5047 poenas
2339 4956 2555 5029 dedit.
2614 4957 3040 5047 Conspectus
3080 4958 3317 5027 autem
3356 4954 3487 5026 sub

600 5247 648 5329 ¹)
695 5250 856 5326 pleni
901 5248 1094 5310 facum
1149 5266 1353 5310 currus
1419 5244 1571 5310 eod.
1618 5244 1809 5310 Rozr.
1869 5246 1918 5327 2)
1967 5249 2398 5309 existimatione
2448 5242 2599 5310 Cod.
2646 5244 2823 5309 Kost.
2884 5244 2935 5327 ³)
2983 5252 3049 5308 ut
3097 5230 3250 5309 God.
3300 5243 3492 5309 Rozr.

385 5350 438 5432 ⁴)
483 5370 881 5430 pecorumque
939 5346 1093 5415 cod.
1152 5347 1328 5414 Galv.
1391 5349 1445 5432 ⁵)
1493 5370 1699 5413 cruore
1764 5349 1917 5414 cod.
1980 5348 2172 5413 Rozr.
2232 5350 2285 5430 ⁸)
2333 5353 2592 5414 efficiens
2636 5348 2763 5412 Ed.
2812 5347 2993 5434 Lips.
3055 5347 3106 5429 ⁷)
3154 5351 3498 5427 Thamberg

388 5450 541 5520 Cod.
591 5454 792 5520 Rozr.
839 5454 1306 5536 (Tannenberg).
1355 5454 1408 5535 ε)
1455 5455 1646 5517 nudos
1695 5450 1846 5517 cod.
1893 5452 2070 5517 Kost.
2119 5453 2169 5534 ⁰)
2216 5456 2463 5516 Ulnowo
2508 5454 2787 5533 (Faulen)
2833 5452 3037 5517 hodic.
