4342 6384
877 549 1032 620 466
2063 566 2295 618 unna
2345 565 2807 618 uunncnms.
3429 539 3565 640 (Α.
3603 540 3695 615 D.
3736 535 3983 636 1431.)

873 751 1248 827 trucidatis
1265 809 1282 840 ‚
1336 773 1462 844 pro
1519 755 1626 824 tot
1679 750 1946 842 stupris
1987 755 2059 824 et
2095 749 2620 838 exustionibus,
2676 747 3357 841 spoliationibusque
3410 744 3865 820 ecclesiarum
3902 751 3985 819 et

874 872 1235 945 hominum
1289 870 1705 945 commissis,
1761 871 1865 942 Tu
1921 870 2074 961 ipse
2127 871 2308 943 hanc
2360 868 2563 944 nobis
2612 867 3085 942 calamitatem
3122 873 3193 940 et
3226 867 3357 940 has
3394 867 3753 955 lacrimas,
3812 866 3979 958 qui-

869 993 1004 1065 bus
1059 993 1449 1080 mademuS,
1515 990 1847 1063 iniecisti.
1913 990 2103 1079 Rex,
2170 990 2323 1063 sive
2386 987 2815 1062 conscientia
2866 991 3251 1080 premente,
3318 987 3469 1059 sive
3523 986 3827 1074 verituS,
3884 1005 3981 1058 ne

871 1110 1332 1203 amplioribus
1369 1111 1444 1183 in
1482 1110 1688 1184 illum
1727 1109 2094 1201 episcopus
2130 1109 2365 1182 verbis
2402 1113 2751 1182 uteretur:
2811 1109 3196 1200 Quaenam,
3230 1106 3496 1199 inquit,
3548 1107 3755 1198 culpa
3788 1127 3979 1192 mea,

875 1231 1060 1323 qnod
1113 1236 1257 1303 tam
1312 1229 1588 1303 acribus
1644 1229 1876 1302 verbis
1931 1251 1974 1302 a
2025 1234 2098 1302 te
2152 1231 2443 1320 carpor?
2498 1250 2656 1301 cum
2712 1226 2847 1301 tibi
2902 1232 2971 1302 et
3026 1227 3361 1301 ecclesiae
3398 1231 3562 1300 tuae
3596 1246 3721 1298 nec
3754 1246 3983 1297 unam

872 1349 1119 1422 villam
1173 1349 1612 1423 abstulerim.
1673 1350 1847 1422 Tum
1885 1349 2287 1441 episcopus:
2344 1349 2551 1422 Zelus
2570 1404 2586 1437 ‚
2642 1347 2909 1440 inquit,
2967 1347 3223 1419 salutis
3262 1351 3425 1420 tuae
3466 1350 3539 1418 et
3578 1345 3791 1418 officii
3829 1344 3977 1417 mei

877 1469 1166 1561 stringit
1221 1491 1328 1544 me
1383 1475 1464 1542 ut
1516 1470 1798 1562 loquar;
1867 1489 1994 1542 nec
2055 1468 2365 1556 mireris,
2435 1468 2497 1542 si
2560 1489 2699 1540 non
2762 1468 2999 1540 laesus
3062 1488 3187 1558 pro
3242 1465 3541 1539 aliorum
3596 1465 3983 1555 interpello

879 1588 1170 1662 iniuria:
1230 1609 1388 1662 cum
1440 1589 1516 1661 in
1571 1589 1809 1662 dolore
1863 1594 1934 1662 et
1986 1587 2247 1661 iniuria
2302 1588 2683 1676 communi,
2742 1587 3131 1679 aequaliter
3184 1585 3451 1660 versari
3506 1584 3809 1658 sentiam
3854 1584 3980 1656 do·

875 1709 1095 1781 lorem
1151 1712 1222 1780 et
1277 1707 1608 1781 iniuriam
1661 1729 1918 1797 meam,
1976 1707 2351 1781 interdicto
2407 1707 2858 1800 oppositurus
2898 1708 2955 1796 ¹)
3009 1710 3231 1780 totam
3286 1727 3509 1780 meam
3564 1705 3983 1779 cracovien-

879 1849 1026 1901 sem
1080 1827 1444 1917 diocesim,
1503 1828 1626 1900 sed
1681 1832 1752 1900 et
1807 1827 2038 1900 omnia
2091 1828 2278 1917 loca,
2335 1827 2410 1900 in
2466 1848 2651 1919 quae
2698 1831 2769 1899 te
2822 1825 3148 1900 devenire
3202 1826 3651 1920 contigisset,
3710 1827 3773 1899 si
3830 1826 3983 1918 epi-

881 1953 1210 2038 scopatus
1266 1947 1402 2020 mei
1455 1948 1638 2020 bona
1692 1946 2112 2020 distribuere
2167 1953 2238 2019 et
2292 1968 2629 2038 occupare
2683 1946 3189 2022 contendisses.

1400 2301 1706 2390 navigi·
1752 2301 1964 2390 virgo,
2009 2301 2146 2373 fllia
2188 2300 2521 2374 wladislai
2564 2301 2763 2390 negiu
2804 2300 3133 2386 Poloniae,
3177 2302 3467 2374 moritu.

1088 2549 1263 2620 Post
1315 2549 1486 2622 haec
1551 2546 1990 2621 Wladislaus
2054 2549 2211 2622 Rex
2266 2568 2357 2621 ex
2408 2547 2700 2639 Leopoli
2764 2546 3128 2621 discedens
3159 2545 3246 2637 2),
3312 2546 3388 2620 in
3440 2547 3509 2619 N
3513 2545 3985 2639 yepolomicze

883 2690 1007 2760 pro
1065 2670 1240 2741 festo
1297 2668 1541 2741 Sancti
1593 2667 1883 2740 Martini
1937 2666 2154 2740 venit.
2213 2667 2356 2740 Ubi
2388 2665 2450 2756 ³)
2506 2668 2670 2740 dum
2722 2667 3039 2740 Praelati
3092 2672 3163 2741 et
3198 2667 3492 2741 barones
3530 2687 3619 2739 ex
3654 2670 3807 2739 toto
3845 2665 3987 2740 fere

885 2788 1128 2880 Regno
1166 2788 1253 2860 ad
1291 2809 1450 2860 eum
1487 2787 1971 2876 convenirent,
2027 2791 2315 2879 propter
2349 2787 2817 2879 hospitiorum
2855 2788 3235 2876 defectum,
3285 2787 3665 2879 asperitate
3704 2785 3983 2874 hiemis,

888 2929 1067 3000 quae
1131 2907 1340 2980 solito
1404 2912 1574 2980 tunc
1639 2907 1913 2980 saevior
1975 2906 2451 2996 inhorruerat,
2515 2913 3009 2999 gravarentur,
3077 2907 3151 2980 in
3206 2906 3609 2980 cracoviam
3661 2906 3985 2992 secessit,

889 3030 961 3099 et
1012 3025 1166 3098 illic
1218 3026 1622 3099 Adventum
1676 3025 1957 3099 Domini
2011 3029 2081 3100 et
2135 3026 2417 3099 Natalis
2472 3025 2735 3099 Christi
2788 3026 2973 3116 dies,
3031 3027 3338 3100 vacando
3392 3024 3845 3116 dispositioni
3878 3046 3985 3096 re-

888 3167 1046 3217 rum
1099 3144 1540 3236 publicarum
1595 3144 1889 3237 peregit.
1946 3145 2244 3219 Interim
2298 3150 2369 3218 et
2421 3144 2619 3219 aliud
2672 3147 2931 3219 vulnus
2986 3150 3351 3220 cruentum
3406 3144 3683 3237 quidem
3720 3149 3796 3216 et
3830 3165 3987 3236 gra-

894 3263 1297 3353 vissimum,
1353 3263 1596 3357 Regno
1649 3264 1986 3338 Poloniae
2039 3265 2401 3338 incussum
2464 3267 2765 3340 fatorum
2836 3265 3287 3340 inclementia
3351 3269 3481 3338 est.
3554 3263 3749 3336 Filia
3801 3263 3989 3337 enim

895 3382 1308 3472 wladislai,
1375 3404 1466 3457 ex
1517 3384 1726 3456 Anna
1786 3383 2131 3457 Kazimiri
2194 3383 2411 3478 Regis
2478 3384 2667 3458 filiae
2728 3386 2879 3459 filia
2929 3385 3199 3480 genita,
3266 3383 3465 3476 virgo
3494 3384 3559 3472 ⁴)
3616 3383 3987 3475 Hedvigis,

895 3503 1103 3575 chara
1157 3503 1514 3593 omnibuS,
1571 3503 1926 3577 Friderieo
1982 3503 2371 3578 Marchioni
2424 3504 3037 3598 Brandeburgensi
3066 3504 3129 3595 ⁵)
3184 3505 3635 3596 desponsata,
3704 3502 3829 3594 qui
3878 3523 3989 3575 se-

896 3643 1053 3695 cum
1107 3622 1344 3697 eadem
1399 3622 1712 3696 nutritus
1767 3623 1904 3697 fuit
1954 3623 2030 3697 in
2083 3625 2247 3697 aula
2274 3625 2362 3714 θ),
2420 3629 2491 3698 et
2534 3624 2662 3697 illo
2718 3629 3115 3716 praesente.
3162 3624 3433 3713 morbo,
3470 3622 3819 3696 incertum
3854 3628 3989 3710 est,

899 3747 1248 3833 correpta,
1321 3763 1412 3814 an
1476 3763 1741 3816 veneno
1809 3743 1962 3834 (sed
2015 3748 2097 3815 ut
2149 3743 2449 3835 ipsamet
2500 3765 2811 3819 asserere
2876 3745 3147 3818 solebat
3210 3765 3439 3817 coram
3494 3741 3991 3816 secretissimis

899 3859 1146 3934 amicis
1201 3861 1384 3951 suis,
1441 3865 1763 3951 veneno),
1818 3883 1955 3935 uno
1999 3863 2140 3936 fere
2186 3885 2367 3936 anno
2401 3863 2461 3953 Ἰ)
2516 3863 2946 3955 pedetentim
2982 3865 3359 3957 languens,
3417 3863 3583 3934 dum
3619 3861 3733 3935 vis
3766 3862 3997 3934 morbi

900 3981 1101 4053 nulla
1153 3981 1574 4054 medicorum
1629 3987 1778 4056 arte
1832 3981 2136 4055 inhiberi
2192 3986 2462 4074 posset,
2504 3983 2825 4056 omnibus
2865 3981 3333 4057 Sat-,ramentis
3369 3987 3771 4073 procurata,
3820 3980 3993 4054 Sab-

901 4101 1066 4173 bato
1120 4099 1234 4174 die
1289 4100 1776 4192 Conceptionis
1831 4101 2128 4176 Sanctae
2182 4101 2472 4191 Mariae,
2531 4101 2697 4176 dum
2724 4102 2789 4193 ε1)
2846 4104 2941 4176 Τ6
2995 4104 3218 4175 Deum
3273 4101 3677 4189 laudamus,
3734 4100 3811 4173 in
3846 4099 3995 4171 Ma·

905 4218 1160 4291 tutinis
1217 4219 1548 4293 ecclesiae
1601 4225 2031 4310 cantaretur,
2091 4221 2420 4312 spiritum
2473 4222 2771 4295 Domino
2824 4222 3161 4310 reddidit,
3228 4225 3299 4296 et
3351 4221 3427 4293 in
3479 4221 3779 4294 ecclesia
3834 4219 3995 4292 Cra-

907 4337 1215 4411 coviensi
1233 4393 1249 4425 ,
1306 4336 1380 4409 in
1437 4337 1804 4429 sepulchro
1861 4339 2106 4412 matris
2169 4361 2336 4413 suae
2400 4341 2711 4433 Reginae
2774 4343 3051 4430 Annae,
3120 4341 3391 4415 cineres
3444 4344 3797 4414 maternos
3852 4361 3997 4412 am-

907 4458 1149 4549 plexa,
1208 4477 1346 4529 non
1402 4456 1552 4530 sine
1608 4457 1913 4562 omnium
1971 4460 2455 4532 Praelatorum
2511 4465 2582 4534 et
2634 4461 2969 4534 baronum
3022 4460 3391 4550 Poloniae,
3448 4459 3741 4552 stirpem
3796 4460 3869 4532 in
3914 4480 3999 4532 ea

913 4576 1134 4670 Regis
1189 4575 1438 4667 optimi
1476 4575 1822 4650 Kazimiri
1857 4577 2285 4670 lugentium,
2342 4579 2582 4652 dolore
2610 4580 2698 4668 ⁹),
2756 4582 3037 4672 sepulta
3074 4581 3188 4669 ¹⁰).
3247 4580 3550 4653 Occasus
3587 4579 3741 4652 eius
3780 4599 4001 4671 neque

909 4696 1218 4786 otiosuS,
1262 4716 1486 4786 neque
1522 4696 1772 4769 veneni
1807 4716 2091 4788 experS,
2139 4697 2699 4771 existimabatur.
2738 4699 3125 4791 Flagitium
3164 4698 3409 4773 mortis
3447 4719 3615 4771 suae
3653 4699 3771 4788 ¹¹),
3826 4720 3996 4771 non·

909 4817 1093 4889 nulli
1150 4836 1464 4888 sermone
1518 4816 1840 4907 vulgato,
1908 4815 2211 4906 Sophiae
2274 4817 2608 4890 Poloniae
2660 4817 2999 4910 Reginae,
3066 4839 3402 4892 novercae
3440 4839 3608 4892 suae
3626 4875 3646 4908 ,
3686 4819 4001 4911 assigna-

1126 5017 1176 5098 ¹)
1217 5020 1373 5079 Nam
1415 5020 1478 5078 in
1521 5020 1897 5080 interdictum
1953 5021 2286 5096 posuissem
2343 5016 2494 5083 cod.
2542 5018 2735 5082 Rozr.
2806 5019 2851 5102 ²)
2900 5021 3267 5083 descendens
3316 5017 3469 5085 Cod.
3515 5019 3709 5085 Rozr.
3770 5021 3829 5102 ⁸)
3874 5020 4004 5096 Quo

917 5115 1068 5184 God.
1116 5117 1310 5180 Rozr.
1372 5119 1424 5200 ⁴)
1473 5122 1642 5198 virgo
1695 5123 1974 5182 videlicet
2029 5117 2181 5184 Cod.
2228 5119 2420 5184 ΕΟΖ-ν.
2485 5121 2539 5202 ⁵)
2586 5124 3097 5200 Nurumburgensi
3145 5120 3298 5187 cod.
3348 5118 3525 5186 Calo.
3587 5122 3643 5202 ⁸)
3692 5126 3897 5187 eadem
3940 5127 4002 5184 in

913 5225 1052 5283 aula
1097 5216 1250 5282 Cod.
1294 5216 1487 5283 Rozr.
1537 5221 1588 5304 ⁷)
1636 5226 1898 5300 graviter
1941 5231 2251 5300 aegrotare
2294 5227 2491 5300 coepit
2532 5245 2603 5286 ae
2648 5226 2771 5287 fere
2816 5244 2932 5286 uno
2976 5245 3132 5287 anno
3180 5221 3333 5288 Cod.
3380 5223 3574 5288 Rozr.
3624 5225 3677 5306 ⁸)
3714 5228 3855 5288 dum
3880 5228 4005 5302 115-

913 5342 1086 5487 mmcils
1130 5319 1292 5487 god.
1334 5322 1527 5387 Rozr.
1577 5324 1629 5405 ⁹)
1677 5327 1881 5388 dolore
1925 5323 2095 5388 deest
2139 5327 2212 5387 i‘n
2260 5321 2411 5388 Cod.
2462 5323 2639 5389 Calv.
2709 5325 2788 5408 ¹⁰)
2840 5329 3071 5404 sepulta
3106 5334 3226 5408 est.
3290 5323 3443 5390 God.
3487 5326 3683 5391 Rozr.
3752 5328 3833 5410 ¹¹)
3878 5330 4005 5390 eiu

929 5425 1021 5490 G'o
1069 5471 1086 5490 .
1197 5444 1325 5488 ozr.
