4342 6384
891 589 1039 662 222
2082 611 2312 663 mmm
2362 609 2819 664 macutus.
3447 583 3582 684 (Α.
3621 584 3713 659 D.
3753 581 3983 682 1419.)

888 794 1299 886 priusquam
1352 798 1504 868 toro
1556 793 1750 888 regio
1802 793 2232 887 iungeretur,
2301 793 2610 868 validius
2661 798 3028 887 grassante
3081 797 3370 880 vexata,
3439 792 3814 867 cracoviae
3867 791 3980 864 de·

887 915 1287 1002 eumbente,
1344 913 1419 987 in
1472 913 2012 1003 Sandomiriam,
2069 914 2317 988 deinde
2369 914 2444 988 in
2497 915 2772 988 Novam
2827 913 3188 987 civitatem
3241 912 3608 1005 processit.
3691 913 3842 1003 Quo
3895 913 3984 984 ad

885 1033 1093 1106 illum
1147 1035 1355 1108 velox
1411 1033 1845 1128 Sigismundi
1898 1035 2371 1107 Romanorum
2426 1040 2497 1108 et
2549 1034 2953 1127 Hungariae
3006 1033 3222 1126 Regis
3277 1031 3570 1110 nuntius
3625 1053 3783 1104 cum
3822 1030 3980 1106 lite-

884 1151 986 1226 ris
1050 1173 1467 1247 magnopere
1537 1153 2067 1246 postulantibus
2110 1155 2188 1244 ¹),
2253 1159 2336 1228 ut
2399 1175 2634 1228 secum
2697 1153 2882 1247 apud
2939 1152 3512 1246 Sczepusiensem
3575 1173 3765 1224 oram
3819 1173 3980 1224 con·

886 1277 1176 1346 ventum
1245 1277 1479 1346 tenere
1552 1272 1993 1366 dignaretur,
2069 1275 2348 1347 oblatus
2413 1279 2544 1347 est.
2627 1275 2842 1348 Cuius
2918 1272 3241 1364 precibus
3315 1272 3752 1349 wladislaus
3826 1271 3980 1346 Rex
4093 1289 4100 1294 ·

886 1396 1153 1482 motus,
1209 1392 1447 1467 venire
1500 1393 1885 1481 consensit,
1944 1397 2015 1466 et
2068 1393 2341 1485 aliquot
2393 1393 2640 1467 diebus
2701 1393 2888 1486 apud
2941 1393 3214 1466 Novam
3267 1391 3628 1466 civitatem
3697 1392 3978 1464 absum·
4021 1441 4028 1455 .

884 1511 1063 1605 ptis,
1119 1512 1208 1585 ad
1262 1511 1635 1586 tenendum
1696 1512 2101 1586 huiusmodi
2163 1534 2324 1585 cum
2381 1511 2834 1605 Sigismundo
2898 1513 3370 1586 Romanorum
3423 1511 3618 1608 Rege
3677 1532 3977 1586 conven-

886 1637 1070 1722 tum,
1138 1653 1295 1706 cum
1358 1633 1709 1725 frequenti
1781 1636 1852 1706 et
1915 1632 2286 1725 splendida
2355 1631 2664 1705 militum
2729 1653 3013 1706 suorum
3085 1635 3365 1704 caterva
3427 1652 3553 1724 per
3613 1630 3977 1723 Woynicz,

885 1753 1191 1842 Cachow,
1249 1752 1547 1826 Tuchow
1600 1756 1673 1825 et
1727 1751 2033 1825 Sandecz
2086 1751 2460 1844 processit,
2541 1756 2613 1825 et
2674 1773 2798 1843 pro
2853 1751 2967 1824 die
3023 1751 3385 1824 Dominico
3441 1750 3648 1826 Oculi
3701 1751 3778 1823 in
3833 1751 3976 1823 Lu-

884 1872 1155 1964 bowlya
1215 1871 1661 1964 perveniens,
1727 1869 2035 1944 Nuntios
2110 1870 2534 1962 apostolicos
2595 1863 2930 1944 Iacobum
3005 1871 3090 1943 de
3164 1870 3446 1962 Camplo
3519 1871 3977 1964 Spoletanum

886 1994 958 2064 et
1008 1991 1526 2066 Ferdinandum
1580 1992 1665 2064 de
1718 1989 2068 2084 Hispania
2130 1991 2550 2079 Lucensem,
2607 1990 3001 2082 episcopos,
3073 2011 3200 2082 per
3251 1990 3632 2063 Martinam
3684 1990 3975 2082 Papam,

885 2115 1135 2203 rogat-u
1188 2116 1259 2184 et
1311 2110 1769 2204 instigatione
1822 2111 2328 2184 cruciferorum
2394 2109 2480 2183 de
2532 2110 2826 2183 Prussia
2889 2115 2960 2184 et
3013 2111 3144 2183 sub
3200 2130 3439 2183 eorum
3503 2109 3836 2202 expensis
3889 2111 3976 2182 ad

886 2229 1383 2304 conficiendam
1434 2251 1676 2322 pacem
1728 2234 2137 2324 perpetuam
2190 2231 2306 2304 vel
2341 2234 2659 2325 trengam
2711 2230 3132 2320 destinatos,
3187 2228 3500 2303 offendit.
3557 2229 3692 2321 Qui
3745 2229 3976 2303 literis

886 2348 1291 2442 apostolicis
1351 2351 1851 2442 praesentatis,
1917 2350 2301 2443 multiplici
2363 2348 2708 2423 instantia
2770 2348 3244 2422 wladislaum
3313 2348 3648 2423 Poloniae
3709 2349 3976 2442 Regem

886 2469 1157 2544 Summi
1210 2469 1575 2543 Pontificis
1628 2469 1909 2544 nomine
1960 2471 2453 2563 deprecantur:
2513 2473 2860 2562 quatenus
2915 2489 3070 2542 eum
3125 2467 3498 2543 cruciferis
3549 2470 3636 2543 de
3680 2468 3977 2544 Prussia

885 2610 1129 2689 pacem
1185 2594 1593 2683 perpetuam
1646 2591 1950 2680 firmare,
2030 2595 2100 2663 et
2152 2611 2196 2662 a
2245 2589 2518 2682 gnerris
2591 2609 2860 2663 cessare
2923 2589 3354 2682 dignaretur.
3426 2591 3538 2662 Ex
3592 2589 3976 2682 Lubowlya

881 2709 1226 2802 processit
1279 2711 1436 2785 Rex
1488 2711 1565 2783 in
1626 2710 2077 2800 Podolinum,
2145 2709 2398 2783 deinde
2457 2709 2797 2784 Lubicza:
2871 2709 2996 2783 ubi
3047 2705 3456 2800 apostolicis
3511 2709 3804 2784 Nuntiis
3859 2730 3974 2782 eo·

881 2829 1119 2903 mitari
1172 2829 1388 2904 iussis
1408 2885 1425 2920 ,
1484 2829 1821 2922 optimum
1878 2835 1951 2904 et
1984 2850 2282 2922 pronum
2333 2830 2422 2901 ad
2457 2850 2698 2921 pacem
2736 2829 2980 2922 aequis
3032 2828 3550 2905 conditionibus
3603 2829 3972 2903 conficien-

882 2949 1040 3022 dam
1095 2948 1405 3023 animum
1458 2949 1765 3042 aperuit,
1823 2954 1894 3023 et
1928 2971 2053 3041 per
2088 2954 2278 3022 certa
2313 2948 2626 3042 capitula
2681 2970 2878 3022 suam
2931 2948 3084 3022 illis
3120 2948 3577 3022 intentionem
3629 2949 3718 3022 ad
3755 2949 3972 3042 liqui-

881 3070 1046 3142 dum
1100 3069 1509 3144 declaravit.
1585 3069 1718 3160 Qui
1782 3071 2147 3143 voluntate
2213 3069 2430 3163 Regis
2495 3070 2582 3142 ad
2644 3071 2928 3162 plenum
2991 3070 3392 3161 explorata,
3457 3089 3585 3161 per
3634 3068 3976 3146 Poloniae

880 3189 1234 3281 Regnum,
1290 3189 1483 3282 regio
1536 3188 1765 3263 milite
1818 3189 1983 3263 illos
2014 3187 2075 3279 ²)
2152 3190 2580 3264 conducente
2651 3194 2720 3263 et
2785 3189 3088 3283 singulis
3150 3189 3412 3283 ubique
3443 3187 3506 3281 3)
3557 3189 3975 3282 providente

880 3308 1295 3382 necessariis
1316 3309 1405 3398 ⁴),
1435 3309 1510 3382 in
1539 3310 1821 3381 Thorun
1854 3308 2298 3402 perveniunt,
2338 3309 2892 3402 Magistrumque
2927 3310 3260 3385 Prussiae
3295 3310 3706 3384 Michaelem
3733 3310 3974 3386 Koch-

881 3429 1170 3503 meister
1221 3429 1376 3503 illic
1428 3449 1667 3502 eorum
1720 3429 2097 3503 adventum
2152 3448 2310 3501 cum
2369 3429 2519 3502 suis
2575 3428 3000 3502 consiliariis
3058 3430 3512 3520 operientem,
3569 3451 3807 3523 pacem
3847 3435 3979 3504 aut

878 3548 1073 3642 pacis
1128 3548 1569 3624 sufferentias
1624 3549 1802 3622 inire
1866 3555 1937 3622 et
1990 3569 2378 3637 assumere,
2445 3548 2795 3641 patefacta
2855 3549 3073 3641 Regis
3127 3549 3510 3622 Wladislai
3573 3549 3842 3641 optima
3895 3551 3980 3623 in

878 3672 1253 3762 utrumque
1318 3670 1713 3757 voluntate,
1780 3667 2170 3760 requirunt.
2257 3666 2519 3742 Verum
2581 3689 2622 3740 a
2687 3668 3024 3760 Magistro
3086 3669 3417 3742 Prussiae
3488 3669 3573 3742 de
3646 3669 3980 3744 videndis

876 3789 1271 3882 privilegiis
1328 3793 1398 3862 et
1451 3787 1724 3860 iuribus
1788 3787 1937 3860 suis
2002 3792 2074 3859 et
2127 3786 2408 3861 Ordinis
2474 3787 2814 3861 solicitati
2877 3789 3352 3876 vehementer,
3418 3788 3652 3862 videre
3715 3788 3848 3862 illa
3901 3793 3982 3862 et

876 3907 1276 3982 examinare
1337 3911 1549 3999 atque
1602 3911 2035 3980 transumere
2104 3905 2576 3980 consentiunt.
2651 3906 2989 3998 Magister
3051 3906 3395 3998 siquidem
3449 3906 3780 3980 Prussiae
3835 3908 3978 3980 Mi-

877 4028 1077 4101 chael
1126 4049 1406 4102 causam
1472 4049 1669 4100 suam
1730 4028 1917 4118 apud
1971 4026 2354 4100 Martinum
2406 4027 2671 4118 Papam
2723 4033 2796 4099 et
2848 4027 3153 4118 Legatos
3207 4026 3360 4099 eius
3424 4026 3978 4114 iustificaturns,

876 4167 1036 4220 cum
1086 4147 1559 4239 periculosum
1612 4147 2033 4236 dinosceret,
2090 4145 2464 4240 privilegia
2517 4151 2588 4221 et
2640 4145 2796 4218 iura
2849 4145 2926 4219 in
2953 4146 3216 4219 Urbem
3271 4146 3708 4240 originaliter
3763 4149 3981 4236 ferre,

875 4269 1225 4360 praefatos
1279 4266 1587 4342 Nuntios
1650 4266 1724 4339 in
1772 4265 2133 4340 Prussiam
2190 4265 2462 4354 venire,
2519 4265 2897 4358 privilegia
2951 4270 3020 4338 et
3057 4265 3211 4337 iura
3266 4266 3635 4359 originalia
3688 4266 3984 4342 visuros

877 4391 947 4460 et
1001 4390 1599 4479 transumpturos,
1664 4386 1991 4460 obtinuit.
2076 4387 2246 4460 Cum
2311 4390 2544 4461 autem
2607 4387 2762 4460 iura
2826 4389 2898 4459 et
2958 4384 3333 4478 privilegia
3401 4386 3804 4460 huiusmodi
3881 4409 3984 4463 ex

874 4506 1323 4600 Marienburg
1372 4507 1449 4580 in
1502 4508 1784 4580 Thorun
1838 4509 2280 4596 veherentur,
2337 4506 2583 4600 auriga
2635 4506 3122 4594 descendente,
3181 4505 3345 4598 equi
3399 4505 3474 4578 in
3509 4505 3986 4597 praecipitem

874 4649 1156 4702 cursum
1210 4632 1282 4701 et
1337 4649 1558 4719 usque
1620 4627 1693 4700 in
1758 4629 1987 4702 locum
2050 4628 2283 4700 Melno
2348 4629 2520 4715 acti,
2589 4626 2998 4718 quadrigam
3061 4626 3270 4698 undis
3343 4626 3799 4719 immergunt:
3881 4648 3986 4702 ex

874 4771 1009 4841 quo
1066 4747 1329 4838 omnia,
1388 4767 1565 4841 quae
1620 4768 1865 4821 currus
1920 4747 2353 4836 continebat,
2409 4751 2684 4838 praeter
2737 4747 3014 4835 literas,
3073 4746 3227 4819 iura
3283 4751 3352 4818 et
3385 4745 3794 4840 privilegia,
3857 4769 3986 4822 ce·

872 4869 1083 4959 ratis,
1156 4867 1413 4960 quibus
1484 4867 1807 4943 involuta
1876 4870 2192 4956 fuerunt,
2265 4867 2760 4940 resistentibus
2784 4923 2801 4954 ,
2878 4868 3068 4939 fuere
3137 4867 3362 4939 tincta
3441 4873 3511 4940 et
3579 4867 3986 4959 compluta.

872 4988 1204 5063 Lectione
1260 4991 1493 5061 autem
1548 4991 1619 5062 et
1672 4988 2189 5062 examinatione
2242 4985 2503 5060 iurium
2559 4991 2629 5060 et
2680 4983 3245 5078 privilegiorum,
3303 4990 3375 5059 et
3428 4987 3516 5058 ad
3570 4977 3988 5062 extrem'nm

873 5107 1430 5200 transumptione
1484 5109 1791 5200 perfecta
1820 5109 1906 5199 5),
1965 5129 2052 5182 ex
2089 5107 2384 5179 Nuntiis
2440 5110 2510 5179 et
2547 5106 2833 5180 arbitris
2870 5105 3377 5194 communibus,
3433 5105 3753 5178 advocati
3789 5107 3988 5181 Cru-

1092 5381 1142 5464 ¹)
1182 5385 1619 5461 postulantibus
1662 5381 1833 5447 deest
1876 5382 1948 5444 in
1988 5377 2139 5444 cod.
2189 5376 2365 5443 Gale.
2433 5378 2489 5460 ²)
2537 5399 2640 5442 eos
2687 5377 2812 5442 Ed.
2859 5376 3040 5463 Lipe.
3111 5379 3163 5460 ³)
3205 5381 3560 5455 ubicumque
3603 5375 3728 5439 Ed.
3775 5375 3996 5464 Lips.

877 5486 933 5568 ⁴)
978 5489 1313 5548 necessaria
1352 5485 1480 5550 Ed.
1527 5485 1709 5571 Lipe.
1759 5484 1810 5565 ⁵)
1857 5485 2155 5562 patefacta
2203 5479 2354 5548 Cod.
2399 5481 2594 5546 Rozr.
