4342 6384
906 580 1056 659 344
2093 602 2320 659 manu
2370 601 2829 659 unnncmus.
2942 555 2951 566 ⁸
3434 576 3569 685 (Α.
3608 578 3699 660 D.
3740 579 4013 683 142⁶.)

1767 908 2102 987 Boloclaus
2145 914 2288 987 Dux
2332 912 2802 987 nantuensis
2846 912 3133 985 noritur.

1109 1154 1327 1225 Sexta
1381 1150 1494 1225 die
1547 1150 1808 1225 mensis
1865 1152 2074 1240 Maii,
2125 1151 2495 1225 Boleslaus
2534 1149 3047 1224 Theschnensis
3085 1152 3281 1240 Dux,
3330 1151 3525 1225 filius
3580 1152 4003 1227 Przemislai

903 1272 1230 1361 senioris,
1289 1272 1364 1345 in
1404 1270 1750 1345 Theschin
1806 1272 1990 1345 diem
2029 1270 2236 1358 obiit,
2294 1270 2367 1343 in
2406 1262 2797 1362 sepulchris
2850 1274 3129 1361 patrum
3178 1292 3463 1345 suorum
3518 1273 3701 1363 apud
3754 1294 4001 1345 mona·

901 1392 1190 1465 sterium
1247 1393 1734 1465 Theschuense
1797 1394 2088 1463 fratrum
2147 1390 2672 1463 Praedictorum
2734 1391 3161 1478 tumulatuS,
3226 1391 3631 1483 relinquens
3694 1397 4007 1484 quatuor

901 1513 1112 1601 filios,
1167 1532 1364 1585 rarae
1425 1510 1978 1604 pulchritudinis
2033 1516 2102 1583 et
2159 1510 2415 1583 formae
2466 1510 2682 1599 viros,
2739 1510 3069 1583 videlicet
3121 1510 3644 1601 wenceslaum,
3682 1511 4005 1585 Wladis-

900 1632 1122 1719 laum,
1177 1630 1682 1705 Praemislaum
1739 1634 1812 1703 et
1865 1630 2271 1703 Boleslaum
2312 1630 2400 1717 ¹);
2456 1650 2543 1703 ex
2600 1630 2859 1721 quibus
2910 1630 3080 1719 duo,
3147 1630 3479 1704 videlicet
3530 1631 3999 1705 wenceslaus

901 1764 972 1825 et
1026 1752 1492 1839 wladislaus,
1552 1750 1704 1823 sine
1757 1753 1950 1842 prole
2007 1750 2359 1822 obierunt:
2432 1754 2503 1823 et
2556 1770 2767 1822 unam
2820 1750 3039 1823 filiam
3093 1750 3605 1839 Alexandram,
3660 1752 3999 1824 Ladislao

901 1872 986 1944 de
1025 1871 1206 1945 Gara
1261 1871 1586 1943 Palatino
1641 1870 2046 1962 Hungariae
2101 1871 2624 1961 desponsatam,
2682 1891 2857 1961 quos
2912 1890 2999 1943 ex
3038 1870 3343 1943 secunda
3394 1891 3637 1960 uxore,
3696 1871 3995 1945 muliere

902 2010 1070 2063 suae
1142 1991 1396 2063 aetatis
1467 1990 1967 2082 pulcherrima,
2034 1988 2275 2077 Offka,
2342 1990 2490 2061 filia
2552 1987 2895 2061 Semoviti
2950 1990 3165 2063 Ducis
3232 1990 3586 2063 Masoviae
3660 1996 3731 2063 et
3782 1996 3997 2083 nepte

899 2130 1227 2201 germana
1281 2130 1366 2183 ex
1423 2130 1656 2182 sorore
1709 2108 2088 2181 Wladislai
2144 2108 2477 2181 Polouiae
2514 2108 2756 2201 Regis,
2814 2092 3238 2222 susceperat.
3295 2109 3479 2183 Nam
3532 2110 3759 2202 prima
3812 2132 3997 2183 uxor

903 2228 1342 2322 Margaretha
1411 2229 1560 2303 filia
1629 2228 1943 2301 Ianussii
2014 2227 2581 2303 Rathiboriensis
2636 2229 2886 2318 DuciS,
2962 2250 3173 2321 quam
3233 2234 3433 2322 patre
3488 2231 3993 2323 necquicquam

900 2350 1314 2441 prohibente
1367 2350 1698 2438 duxerat,
1757 2351 1984 2421 fuerat
2037 2347 2477 2421 infoecunda.
3890 2344 3897 2349 ’

897 2714 1196 2785 Albertus
1239 2710 1756 2800 lastrzantmz
1787 2710 2310 2800 archiepiscopus
2338 2710 2735 2784 manentia
2766 2710 3034 2801 speciali
3079 2712 3486 2785 authoritate
3528 2712 3737 2803 rapae
3768 2730 3991 2786 omncs

1382 2849 1537 2904 suaa
1581 2831 1878 2904 dioceses
1921 2832 2228 2918 visitans,
2274 2848 2313 2903 a
2358 2832 3001 2904 wratislaviensibus
3046 2834 3503 2906 conto-nitur.

1106 3069 1532 3143 Gnesuensis
1569 3069 2133 3161 archiepiscopus
2171 3070 2507 3143 Albertus
2535 3070 3121 3163 Iastrzambyecz,
3162 3070 3450 3143 Martini
3486 3072 3717 3163 Papae
3754 3071 3985 3164 quinti

900 3188 1224 3263 mandato
1280 3191 1510 3277 actuS,
1568 3189 1641 3262 in
1699 3190 2089 3263 Gnesnensi
2143 3190 2535 3283 provincia,
2594 3190 2797 3263 iuxta
2850 3190 3183 3263 directam
3238 3190 3349 3262 illi
3404 3212 3446 3263 a
3484 3188 3767 3263 Summo
3803 3193 3981 3263 Pou-

898 3308 1086 3381 tifice
1139 3310 1460 3397 formam,
1529 3328 1608 3381 eo
1673 3330 1852 3382 anno
1917 3309 2350 3383 visitationis
2415 3310 2720 3383 officium
2786 3310 3132 3399 exercuit,
3200 3310 3605 3403 corrigendo
3660 3311 3979 3385 ecclesia-

898 3428 1230 3502 sticarum
1285 3448 1738 3520 personarum
1793 3449 2148 3519 excessuS,
2207 3430 2386 3502 vitia
2440 3433 2511 3503 et
2564 3430 2849 3503 abusus,
2907 3432 3001 3502 Et
3052 3430 3223 3503 licet
3278 3430 3597 3523 singulae
3652 3430 3979 3516 dioceses„

895 3548 1352 3642 singulaeque
1405 3546 1784 3621 Gathedrae
1821 3548 2193 3622 Polonicae
2248 3548 2583 3622 ccclesiae
2636 3546 2701 3623 ei
2738 3550 3173 3641 paruissent,
3232 3555 3301 3623 et
3354 3570 3509 3623 cum
3564 3551 3754 3623 omui
3790 3571 3975 3623 man·

895 3668 1265 3741 suetudine
1329 3668 1816 3759 permisissent
1879 3690 1954 3742 se
2015 3669 2269 3761 c'orrigi
2335 3674 2407 3741 et
2469 3668 2779 3741 visitari:
2848 3669 3457 3743 wratislaviensis
3528 3674 3764 3743 tamen
3836 3672 3981 3743 sola

894 3786 1226 3875 diocesi8‚
1286 3786 1435 3860 sive
1492 3810 1774 3861 suorum
1830 3788 2110 3861 conscia
2161 3794 2517 3875 reatuum,
2586 3789 2735 3863 sive
2788 3790 3285 3863 correctionem
3350 3795 3420 3863 et
3472 3790 3975 3864 restrictionem

894 3905 1238 3980 abusuum
1293 3910 1366 3980 et
1416 3908 1972 3999 procurationem
2029 3909 2139 3980 sui
2194 3908 2715 4000 metropolitani
2770 3909 3135 3983 molestius
3190 3911 3453 3996 latura,
3510 3910 3839 4001 allegatis
3874 3910 3975 3981 iu·

898 4025 1097 4098 festis
1154 4027 1616 4099 Bohemorum
1671 4028 2181 4101 haereticorum
2236 4028 2481 4115 bellis,
2548 4028 2803 4119 quibus
2868 4028 2940 4101 in
2996 4050 3137 4101 uua
3190 4030 3671 4101 tantummodo
3726 4030 3978 4122 exigua

892 4149 1090 4237 parte
1143 4147 1606 4237 premebatur,
1673 4147 1746 4219 ni
1803 4147 2237 4235 visitaretur,
2302 4147 2602 4236 restitit,
2670 4153 2740 4221 et
2804 4148 3061 4221 salutis
3126 4170 3291 4222 suae
3355 4152 3567 4241 atque
3617 4148 3977 4242 religionis

894 4265 1290 4353 authorem,
1346 4265 1668 4356 pluribus
1733 4264 2175 4357 interpositis
2240 4265 2593 4338 simulatis
2658 4266 3231 4355 difficultatibus,
3298 4267 3693 4359 ingressum
3756 4270 3843 4341 ad
3906 4288 3977 4340 se

896 4383 1272 4456 subtrahit.
1330 4385 1496 4475 Ipse
1549 4384 1838 4476 iusuper
1889 4386 2231 4459 Albertus
2285 4386 2841 4478 Iastrzambyecz
2904 4386 3331 4460 Gnesnensis
3392 4388 3974 4479 archiepiscopus,

893 4503 1026 4576 etsi
1085 4524 1160 4575 se
1213 4524 1256 4575 a
1291 4502 1864 4577 Wratislaviensi
1918 4504 2243 4597 episcopo
2299 4510 2369 4578 et
2405 4506 2591 4578 clero
2639 4510 2948 4596 spretum
3004 4512 3074 4579 et
3109 4508 3491 4579 refutatum
3546 4504 3633 4579 iri
3690 4509 3975 4580 moleste

895 4624 1132 4710 ferret,
1191 4626 1266 4695 et
1301 4623 1720 4695 sententiam
1759 4624 2119 4697 interdicti
2174 4630 2412 4716 posset
2464 4624 2538 4696 in
2576 4625 2973 4698 universam
3022 4624 3355 4699 diocesim
3408 4627 3743 4700 rebellem
3780 4627 3973 4700 Wra-

891 4740 1376 4815 tislaviensem
1431 4744 1904 4835 promulgare,
1963 4743 2168 4816 iuxta
2222 4744 2405 4836 quod
2460 4744 2574 4816 illi
2628 4766 2669 4817 a
2704 4744 3139 4837 sapientibus
3196 4750 3267 4818 et
3313 4746 3540 4819 doctis
3594 4746 3769 4820 viris
3824 4768 3971 4819 sua-

893 4862 1218 4951 debatur,
1287 4867 1480 4936 metu
1543 4866 1774 4935 tamen
1839 4864 2087 4935 mortis
2151 4864 2503 4936 continuit
2568 4884 2643 4937 se
2706 4886 2749 4937 a
2810 4886 3259 4939 censurarum
3330 4866 3591 4957 rigore:
3666 4868 3971 4941 avisatus

892 5002 933 5053 a
987 4980 1259 5070 sciolis,
1317 4981 1382 5054 si
1437 4982 1510 5054 in
1563 4982 1920 5075 proposito
1984 4982 2323 5056 visitandi
2378 5004 2861 5075 perseverans,
2928 4984 3003 5057 in
3056 4984 3385 5058 diocesim
3442 4986 3967 5058 Wratislavien·

892 5120 1036 5173 sem
1090 5102 1406 5175 censuris
1471 5103 1558 5173 ad
1620 5104 2002 5194 parendum
2066 5102 2443 5177 coercitum
2508 5104 2938 5194 advenisset,
3003 5106 3214 5178 certis
3277 5110 3347 5178 et
3409 5106 3629 5179 variis
3694 5104 3967 5178 venenis

891 5221 1134 5311 procul
1188 5220 1398 5293 dubio
1455 5220 1707 5293 fuisset
1763 5221 2145 5313 appetitus

1108 5473 1154 5559 ¹)
1199 5476 1560 5537 Dobcslaum
1608 5472 1760 5539 Cod.
1797 5474 1986 5555 Rom,
