4342 6384
357 572 494 674 (Α.
531 573 624 648 D.
663 571 895 671 1416.)
1514 595 1740 648 mnan
1791 593 2247 647 mmmmm.
3296 571 3439 642 197

355 780 649 852 tandum
702 779 900 851 illam
955 779 1040 852 de
1093 778 1560 852 contrahendo
1615 776 2091 866 matrimonio,
2158 776 2601 850 transmittit.
2676 777 2871 869 Quae
2930 776 3285 849 solicitata
3337 797 3443 848 re-

359 899 676 992 spondit,
743 919 816 972 se
880 900 1070 972 nolle
1132 897 1425 987 nubere,
1491 903 1562 970 et
1622 897 1708 970 de
1769 901 2038 972 caetero
2102 896 2605 989 experientiam
2672 894 2965 970 alterius
3020 894 3449 968 matrimonii

359 1018 702 1092 fastidire.
761 1018 957 1110 Quod
1011 1018 1288 1110 quidem
1343 1039 1547 1090 suum
1601 1017 2010 1090 institutum
2061 1039 2201 1090 non
2256 1019 2461 1109 longe
2514 1022 2675 1109 post
2726 1014 3234 1108 praevaricata,
3292 1010 3445 1114 {ele-

359 1142 552 1211 ctum
607 1137 1154 1227 Traiectensem,
1211 1138 1418 1210 charo
1473 1136 1778 1230 diligens
1815 1135 2099 1225 affectu,
2157 1135 2428 1229 accepit
2464 1136 2537 1210 in
2574 1135 2899 1208 maritum
2941 1136 3027 1224 ¹);
3084 1134 3237 1225 ipse
3273 1155 3441 1226 quo-

361 1279 500 1348 que
552 1257 721 1330 licet
776 1259 952 1330 foret
1005 1257 1503 1345 subdiaconus,
1561 1255 1966 1348 episcopatu
2019 1257 2375 1352 resignato
2420 1261 2491 1330 et
2544 1255 2785 1328 ordine
2846 1253 3251 1327 subdiaconi
3288 1274 3445 1344 pes-

361 1375 695 1465 sundato,
753 1397 904 1450 eam
958 1376 1398 1449 matrimonio
1423 1375 1486 1465 ²)
1539 1376 1810 1449 habuit.

1109 1729 1625 1800 Rathiborionsis
1667 1729 2016 1818 0011οῄ010
2060 1729 2337 1800 00010010
2380 1728 2708 1802 tundatur.

567 1969 776 2044 Feria
829 1977 1078 2065 quarta
1129 1973 1450 2064 proxima
1501 1977 1662 2065 post
1715 1974 1966 2047 festum
2032 1973 2331 2046 Sanctae
2392 1973 2839 2061 Catharinae,
2906 1974 3255 2045 Iohannes
3310 1973 3448 2044 Ra-

357 2091 814 2165 thiboriensis
852 2097 922 2164 et
959 2091 1313 2184 Oppaviae
1365 2095 1560 2180 Dux,
1619 2093 1702 2166 de
1737 2113 2082 2166 consensu
2115 2093 2520 2168 Wenceslai
2557 2092 2866 2184 episcopi
2904 2091 3445 2165 Wratislavien-

363 2210 499 2297 sis,
555 2209 630 2282 in
684 2209 979 2283 ecclesia
1015 2211 1312 2284 Sanctae
1357 2212 1615 2284 Mariae
1645 2209 1706 2301 ³)
1763 2211 1836 2284 in
1875 2212 2218 2286 Rathibor
2247 2214 2310 2302 ⁴)
2365 2210 2809 2304 collegiatam
2864 2209 3233 2284 ecclesiam
3289 2211 3451 2282 fun·
3510 2285 3521 2292 ,

362 2330 516 2416 dat,
575 2329 660 2402 de
713 2329 983 2403 duobus
1037 2330 1414 2418 PraelatiS,
1475 2331 1805 2404 videlicet
1866 2331 2277 2422 Praeposito
2332 2337 2402 2405 et
2454 2331 2747 2418 decano,
2816 2335 2889 2402 et
2950 2329 3037 2402 de
3090 2327 3449 2402 duodecim

365 2447 732 2520 Canonicis
771 2451 840 2522 et
877 2449 1168 2522 totidem
1224 2448 1536 2537 vicariis,
1596 2450 2094 2542 incorporando
2155 2451 2229 2523 10
2265 2449 2667 2523 huiusmodi
2712 2449 3075 2522 duodecim
3112 2447 3453 2521 canonias

367 2571 440 2639 et
491 2567 1028 2658 praebendarios
1058 2567 1120 2656 5)
1177 2574 1476 2661 quatuor
1529 2568 1870 2640 00000100
1936 2589 2057 2642 000
2103 2568 2563 2660 praebendae,
2630 2589 2803 2659 quas
2856 2569 2933 2642 10
2986 2567 3259 2659 capella
3312 2567 3449 2638 Ra·

367 2684 822 2759 thiboriensis
877 2686 1124 2775 castri,
1181 2687 1311 2760 sub
1367 2685 1578 2758 titulo
1618 2687 1858 2760 Sancti
1907 2688 2209 2761 Thomae
2254 2686 2778 2760 cantuariensis
2831 2687 3095 2775 dicata,
3154 2687 3453 2758 Thomas

367 2804 716 2876 secundus
769 2804 1137 2897 episcopus
1193 2805 1800 2879 Wratislaviensis
1838 2804 1922 2879 de
1958 2806 2247 2879 decimis
2284 2827 2562 2880 mensae
2598 2805 3051 2898 0111000110110,
3108 2825 3451 2877 00000000

367 2921 746 3014 capitulari
799 2924 1198 3013 accedente,
1264 2925 1338 2998 in
1391 2925 1791 2998 memoriam
1847 2946 2014 2998 suae
2069 2947 2156 2999 ex
2212 2925 2624 3018 captivitate
2678 2931 2750 2999 et
2802 2924 3213 2998 exiliatione
3242 2923 3308 3013 θ)
3363 2922 3449 2995 11-

365 3041 784 3130 berationis,
839 3064 1020 3115 0000
1074 3044 1450 3117 Millesimo
1503 3044 1978 3118 ducentesimo
2035 3045 2501 3138 octuagesimo
2566 3044 2864 3137 septimo
2920 3043 3334 3116 fundaverat
3387 3049 3457 3115 et

369 3158 756 3232 dotaverat.
829 3161 1170 3236 Processu
1232 3185 1394 3236 vero
1459 3164 1792 3256 temporis
1853 3164 2192 3239 Nicolaus
2256 3164 2577 3238 advocati
2637 3165 2722 3238 de
2792 3163 3117 3236 Freistad
3182 3164 3451 3237 schola·

369 3278 649 3367 striam,
707 3279 1092 3371 Cyprianus
1145 3283 1484 3373 plebanus
1539 3283 1623 3356 de
1677 3285 1948 3356 Kaczor
1977 3285 2038 3373 7)
2093 3283 2505 3372 cantoriam,
2563 3284 2909 3356 Iohannes
2960 3283 3150 3355 Roth
3188 3283 3273 3354 de
3308 3281 3453 3354 Ka·

369 3417 530 3470 ozor
564 3398 982 3487 custodiam,
1023 3400 1370 3474 Iohannes
1411 3402 1746 3474 Schefflar
1775 3402 1838 3492 ε1)
1894 3402 2388 3493 praebendam,
2445 3403 2699 3475 Petrus
2748 3400 3111 3474 Dudkonis
3140 3399 3204 3489 ί1)
3244 3399 3454 3472 aliam

367 3517 834 3607 praebendam
887 3519 971 3591 de
1023 3520 1326 3611 propriis
1389 3520 1738 3612 pecuniis,
1805 3521 2142 3611 coemptis
2208 3521 2530 3594 censibus
2603 3522 2790 3612 apud
2842 3521 3071 3593 Duces
3126 3524 3199 3592 et
3250 3521 3449 3594 bar0·‘

367 3655 492 3707 nes
521 3635 1133 3728 Βο11110011011000,
1175 3640 1658 3712 fundaverant.
1701 3640 1953 3732 Sicqne
1981 3642 2293 3731 praefata
2322 3641 2618 3714 ecclesia
2646 3637 3209 3712 Rathiboriensis
3246 3638 3457 3710 habet

367 3753 679 3846 quinque
733 3755 1094 3830 Praelatos
1149 3765 1218 3832 et
1272 3760 1804 3850 quatuordecem
1839 3759 2267 3850 praebendas
2304 3761 2392 3848 ¹⁰)
2450 3763 2521 3832 et
2572 3759 2861 3832 totidem
2908 3757 3230 3830 11001100.
3289 3756 3449 3829 001-

370 3871 565 3944 nium
630 3879 864 3948 autem
928 3877 1493 3950 Praelaturarum
1539 3881 1610 3949 et
1645 3877 2192 3968 praebendarum
2248 3879 2412 3950 Dux
2468 3876 3034 3974 Rathiboriensis
3102 3897 3227 3968 pro
3282 3881 3455 3948 tem-

371 4013 536 4082 pore
591 3993 844 4066 unicus
899 4000 1008 4068 est
1044 4001 1380 4088 patronus
1417 4003 1488 4069 et
1521 3998 1846 4084 collator;
1903 3997 2202 4070 vicarias
2258 4018 2418 4070 vero
2474 3997 2781 4070 Praelati
2820 4000 2890 4069 et
2926 3994 3255 4069 Canonici
3292 4016 3451 4066 000-

373 4114 642 4200 ferunt,
699 4113 1002 4203 quilibet
1053 4117 1401 4208 propriam
1457 4116 1824 4204 vicariam,
1883 4116 2034 4189 eius
2088 4116 2451 4190 vacatione
2506 4122 2929 4189 occurrente.

1167 4464 1460 4538 ’1110110ῐί
1505 4465 1824 4555 Kyovim
1865 4468 2141 4538 vastant
2187 4468 2258 4536 01
2298 4465 2678 4538 incendunt.

580 4708 1078 4779 Thartarorum
1132 4708 1470 4799 Princeps
1524 4709 1778 4800 Ediga,
1838 4708 1909 4780 10
1965 4707 2164 4781 00100
2221 4713 2568 4800 potestate
2602 4713 2673 4782 et
2712 4710 3001 4782 arbitrio
3055 4710 3457 4782 universum

373 4827 872 4898 Thartarorum
926 4826 1309 4916 Imperium
1366 4828 1798 4916 vertebatur,
1859 4827 1944 4898 ad
1999 4827 2203 4900 cuius
2259 4832 2509 4912 nutum
2563 4830 3029 4920 Imperatores
3082 4849 3207 4919 per
3260 4848 3456 4902 exer-

589 5131 638 5211 ¹)
684 5133 744 5191 10
789 5133 1218 5193 matrimonium
1263 5128 1390 5193 Ed.
1436 5129 1618 5214 Lips.
1667 5130 1714 5210 ⁹)
1759 5133 1820 5192 in
1863 5134 2231 5194 matrimonio
2276 5131 2402 5194 Ed.
2441 5131 2623 5216 Lips.
2673 5133 2725 5213 3)
2758 5136 2982 5195 Mariae
3010 5133 3275 5210 Virginis
3309 5130 3465 5198 Cod.

377 5231 566 5296 Rozr.
616 5230 674 5310 ⁴)
717 5233 1036 5295 Rathiborz
1080 5232 1206 5295 Ed.
1254 5232 1434 5317 Lips.
1484 5231 1540 5316 ⁵)
1587 5251 1692 5295 seu
1735 5235 2104 5309 praebendas
2138 5231 2292 5296 Cod.
2323 5233 2515 5298 Rozr.
2550 5234 2603 5314 ⁰)
2636 5236 2812 5298 exilio
2846 5231 2997 5299 Cod.
3032 5233 3221 5298 Rozr.
3258 5233 3312 5314 ⁷)
3342 5239 3462 5298 Ka-

382 5355 551 5500 cgyor
577 5331 770 5497 RCod.
836 5331 1012 5400 Calv.
1075 5335 1128 5412 ⁸)
1190 5337 1404 5400 Zefflar
1465 5331 1616 5400 Cod.
1679 5333 1852 5398 Kost.
1917 5335 1972 5414 ⁹)
2031 5338 2370 5402 Duthkonis
2428 5333 2579 5402 Cod.
2628 5333 2803 5403 Calv.
2876 5333 2955 5425 ¹⁰)
3002 5339 3462 5422 praebendarios

431 5435 532 5499 od.
644 5456 776 5499 σιν.
