4342 6384
822 569 923 641 40
2019 589 2246 642 ΗΒΕ-Β
2297 589 2754 642 υΝῡΕοηωε.
3385 565 3520 666 (Α.
3558 565 3650 640 D.
3690 563 3916 663 1410.)

819 775 979 848 bam
1035 775 1109 847 in
1164 795 1407 866 campo
1468 775 1683 847 rubeo
1746 775 2011 847 habens
2075 795 2202 865 pro
2257 774 2543 867 insigni.
2609 773 3067 846 Tricesimum
3123 771 3362 846 Iacobi
3415 774 3502 845 de
3556 773 3914 865 Konyecz·
3957 815 3966 824 ·

818 896 1023 987 polyc
1077 895 1378 987 palatini
1435 895 1889 982 SiradiensiS,
1950 896 2283 968 babatum
2338 895 2610 983 album,
2679 894 2864 966 infra
2926 899 3125 986 parte
3177 893 3436 984 potiori
3490 893 3798 966 demissa
3849 898 3920 966 et

818 1035 1021 1088 cruce
1086 1014 1473 1108 signatum,
1542 1015 1615 1088 in
1670 1035 1913 1107 campo
1976 1015 2190 1088 rubeo
2253 1016 2518 1088 habens
2573 1036 2698 1106 pro
2755 1014 3042 1107 insigni.
3101 1012 3562 1086 Tricesimum
3617 1013 3917 1105 primum

819 1135 1155 1208 Iohannis
1192 1135 1370 1208 alias
1408 1135 1671 1227 Gywan
1708 1137 1763 1225 ¹)
1818 1137 1903 1210 (16
1958 1135 2286 1209 Obichow
2339 1135 2710 1209 castellani
2756 1134 3220 1222 Srzemensi8‚
3279 1139 3490 1226 caput
3562 1134 3914 1221 zubronis,

820 1277 863 1327 a
917 1255 1119 1329 cuius
1174 1255 1463 1328 naribus
1518 1256 1825 1329 circulus
1879 1257 2224 1328 rotundus
2279 1256 2708 1347 dependenS,
2765 1255 2840 1328 in
2895 1275 3138 1346 campo
3193 1275 3429 1328 croceo
3475 1255 3741 1328 habens
3795 1275 3916 1345 pro

819 1375 1113 1469 insigni.
1170 1375 1625 1448 Tricesimum
1684 1376 2064 1448 secundum
2120 1376 2460 1449 Iohannis
2502 1376 2814 1468 Liganza
2841 1374 2906 1464 2)
2961 1376 3047 1448 (16
3083 1376 3358 1448 Bobrek
3394 1375 3695 1466 palatini
3731 1375 3914 1446 Lan-

820 1495 1179 1584 ciciensiS,
1250 1494 1452 1568 cuius
1507 1501 1721 1586 caput
1782 1495 2135 1568 asininum
2191 1496 2266 1568 in
2321 1515 2564 1588 campo
2619 1497 2834 1569 rubeo
2891 1499 3041 1568 erat
3095 1494 3396 1587 insigne.
3462 1494 3918 1568 Tricesimum

816 1615 1107 1689 tertium
1163 1615 1485 1688 Andreae
1541 1616 1625 1687 de
1678 1616 2033 1689 Thanczin
2088 1616 2459 1689 castellani
2513 1616 3006 1708 VoynicensiS,
3063 1614 3266 1688 cuius
3313 1617 3388 1688 in
3427 1635 3668 1706 campo
3705 1616 3916 1688 rubeo

816 1757 957 1808 una
1008 1735 1336 1828 bipennis
1392 1739 1543 1808 erat
1596 1735 1896 1827 insigne.
1955 1734 2413 1809 Tricesimum
2467 1741 2796 1827 quartum
2851 1735 3139 1828 Sbignei
3193 1735 3280 1808 (16
3335 1737 3632 1808 Brzesze
3662 1733 3723 1825 ³)
3779 1737 3914 1808 Re-

816 1856 940 1949 gni
993 1856 1329 1929 Poloniae
1382 1855 1743 1943 marsalci,
1812 1856 2013 1928 cuius
2066 1861 2282 1948 caput
2334 1855 2692 1929 leoninum
2757 1877 3084 1929 evomens
3140 1856 3491 1928 flammam
3545 1856 3620 1928 in
3675 1875 3916 1946 campo

816 1975 1194 2049 coelestino
1245 1979 1395 2049 erat
1431 1975 1731 2068 insigne.
1790 1974 2250 2048 Tricesimum
2305 1975 2631 2067 quintum
2687 1976 2882 2049 Petri
2921 1975 3450 2068 Schaffranyecz
3488 1976 3574 2048 de
3609 1977 3912 2067 Pyesko-

819 2096 1123 2168 waskala
1152 2096 1215 2185 4)
1288 2095 1779 2169 succamerarii
1844 2095 2355 2186 cracoviensis,
2423 2095 2626 2168 cuius
2689 2117 2912 2188 equus
2967 2097 3172 2169 albus
3226 2096 3426 2189 nigro
3481 2095 3789 2188 tegmine
3843 2098 3916 2170 in

820 2215 1043 2288 medio
1096 2215 1571 2307 praecinctuS,
1640 2215 1712 2287 in
1768 2236 2009 2307 campo
2072 2217 2288 2289 rubeo
2353 2221 2502 2288 erat
2557 2215 2856 2308 insigne.
2913 2215 3372 2289 Tricesimum
3429 2227 3708 2289 sextum
3763 2216 3914 2289 Cle-

819 2335 1075 2409 mentis
1112 2337 1197 2408 de
1234 2336 1655 2407 Moskorzow
1692 2336 2063 2409 castellani
2100 2335 2578 2426 VisliciensiS,
2637 2336 2838 2408 cuius
2893 2337 3071 2409 duae
3125 2358 3281 2409 cum
3321 2336 3612 2408 dimidia
3641 2336 3702 2426 ⁵)
3757 2357 3912 2409 cru-

818 2477 931 2530 ces
986 2456 1345 2529 caeruleae
1397 2455 1473 2527 in
1528 2477 1769 2547 campo
1824 2455 2044 2527 flaveo
2100 2460 2250 2527 erat
2287 2455 2587 2548 insigne.
2645 2454 3104 2528 Tricesimum
3141 2456 3520 2547 septimum
3558 2455 3918 2530 Vincentii

816 2578 901 2650 (16
956 2577 1249 2650 Granow
1302 2576 1673 2649 castellani
1730 2576 2161 2648 Srzemensis
2216 2580 2286 2648 et
2342 2574 2628 2648 Maioris
2681 2574 3014 2649 Poloniae
3069 2576 3452 2667 capitanei,
3511 2577 3712 2649 cuius
3751 2577 3922 2648 luna

815 2702 1099 2770 arcuata
1154 2697 1435 2770 stellam
1492 2695 1855 2768 continens
1910 2695 1985 2768 in
2040 2694 2299 2780 medio,
2357 2695 2432 2767 in
2487 2717 2727 2787 campo
2783 2694 3162 2769 coelestino
3213 2700 3362 2768 erat
3397 2695 3696 2788 insigne.
3756 2696 3908 2768 Tri-

814 2817 1149 2890 cesimum
1204 2821 1527 2889 octavum
1582 2815 1915 2890 Dobeslai
1970 2815 2055 2888 (16
2110 2814 2595 2904 Oleschnicza,
2653 2837 2926 2888 crucem
2981 2815 3244 2904 albam,
3303 2816 3433 2888 sub
3471 2822 3720 2908 quarto
3761 2837 3916 2890 cru·

815 2937 917 3010 cis
972 2937 1231 3030 angulo
1295 2936 1648 3028 triplicem
1710 2935 1977 3008 habens
2042 2935 2117 3008 in
2183 2937 2462 3008 modum
2518 2935 2825 3027 duplicis
2880 2935 3008 3008 VV
3061 2939 3475 3023 tracturam,
3545 2937 3620 3008 in
3677 2957 3920 3030 campo

815 3058 1031 3131 rubeo
1086 3079 1211 3148 pro
1266 3055 1534 3148 insigni
1588 3056 1877 3128 habens.
1943 3055 2401 3129 Tricesimum
2459 3077 2714 3128 nonum
2772 3056 3189 3148 Spithkonis
3243 3056 3328 3129 de
3383 3057 3740 3146 Iaroslaw,
3800 3079 3917 3130 cu-

814 3178 925 3251 ius
982 3179 1151 3250 luna
1204 3180 1489 3249 arcuata
1553 3177 1834 3249 stellam
1888 3175 2254 3248 continens
2311 3176 2385 3248 in
2439 3177 2698 3264 medio,
2756 3177 2832 3248 in
2887 3197 3128 3267 campo
3193 3177 3510 3249 lazurino
3549 3181 3698 3250 erat
3736 3178 3911 3250 insi-

810 3319 969 3392 gne.
1029 3295 1647 3390 Quadragesimum
1704 3296 1991 3368 Martini
2046 3297 2133 3370 (16
2187 3297 2535 3386 Slawsk0,
2595 3296 3018 3388 superiorem
3055 3303 3325 3388 partem
3363 3297 3588 3370 leonis
3625 3303 3698 3370 et
3735 3319 3907 3390 qua-

813 3425 973 3492 tuor
1026 3417 1298 3510 lapides
1353 3417 1430 3490 in
1481 3422 1680 3508 parte
1734 3415 2050 3490 inferiori
2105 3417 2371 3490 habens
2425 3438 2550 3508 pro
2603 3417 2893 3509 insigni.
2951 3417 3574 3510 quadragesimum
3611 3418 3920 3510 primum

812 3537 1261 3632 Dobrogostii
1316 3539 1401 3611 (16
1455 3537 1927 3626 Schamotuli,
1998 3537 2287 3610 fasciam
2352 3542 2708 3610 arcuatam
2763 3542 2833 3611 et
2888 3537 2962 3609 in
3015 3538 3242 3610 medio
3299 3536 3787 3627 constrictam,
3847 3538 3920 3612 in

811 3681 1051 3751 campo
1105 3660 1319 3733 rubeo
1375 3657 1639 3730 habens
1696 3678 1819 3750 pro
1874 3657 2163 3749 insigni.
2224 3656 2847 3750 Quadragesimum
2899 3658 3280 3729 secundum
3321 3657 3612 3730 Cristini
3649 3658 3733 3730 (16
3773 3660 3921 3731 Κο-

812 3781 1163 3872 zyeglowy
1194 3777 1565 3852 castellani
1595 3777 2057 3851 Sandccensis
2076 3835 2093 3867 ,
2135 3777 2466 3870 sagittam
2494 3777 2914 3869 geminatam
2955 3798 3154 3850 cruce
3185 3783 3534 3866 ornatam,
3568 3778 3642 3850 in
3673 3798 3922 3871 campo

821 3900 1040 3974 rubeo
1096 3899 1361 3972 habens
1417 3919 1541 3990 pro
1598 3898 1884 3991 insigni.
1954 3895 2574 3994 Quad-ragesimum
2637 3897 2924 3970 tertium
2981 3897 3318 3970 Iohannis
3373 3898 3692 3970 Manszik
3719 3899 3784 3989 θ)
3841 3900 3928 3972 (16

812 4019 1253 4106 Dambrowa,
1308 4019 1483 4090 duos
1540 4018 1804 4110 pisceS,
1864 4015 1984 4110 qui
2039 4022 2273 4092 trutae
2329 4018 2806 4109 appellantur,
2863 4039 3080 4090 unum
3135 4017 3210 4090 in
3267 4040 3510 4110 campo
3565 4020 3758 4105 albe,
3819 4021 3924 4092 al-

816 4145 1039 4212 terum
1094 4139 1168 4210 in
1222 4159 1465 4230 campo
1518 4139 1731 4212 rubeo
1786 4138 2053 4211 habens
2107 4157 2232 4229 pro
2289 4137 2576 4230 insigni.
2645 4137 3264 4230 quadragesimum
3321 4145 3650 4230 quartum
3704 4141 3923 4212 Nico-

813 4258 914 4331 lai
968 4258 1198 4350 Regni
1272 4259 1605 4332 Poloniae
1676 4257 2270 4346 vicecancellarii,
2352 4263 2498 4330 tres
2561 4257 2768 4329 tubas
2830 4257 2906 4330 in
2962 4279 3203 4350 campo
3259 4259 3420 4332 albo
3473 4260 3740 4332 habens
3795 4281 3928 4352 pro

813 4379 1104 4472 insigni.
1180 4377 1803 4471 Quadragesimum
1876 4378 2201 4470 quintum
2274 4376 2554 4451 Nicolai
2626 4377 2962 4450 Kmithae
3018 4379 3104 4452 de
3155 4378 3586 4468 Wisznicze,
3662 4380 3930 4453 flumen

812 4500 1103 4572 rubeum
1160 4519 1361 4571 cruce
1416 4503 1738 4572 ornatum
1790 4499 2057 4573 habens
2111 4520 2236 4590 pro
2292 4497 2582 4591 insigni.
2643 4498 3262 4591 quadragesimum
3302 4505 3585 4573 sextum
3626 4501 3931 4573 fratrum

812 4625 883 4692 et
920 4620 1230 4692 militum
1269 4619 1757 4710 Gryphonum,
1796 4620 2033 4692 album
2061 4620 2490 4712 gryphonem
2521 4620 2596 4691 in
2625 4639 2866 4711 campo
2895 4619 3107 4692 rubeo
3146 4620 3410 4692 habens
3448 4643 3572 4714 pro
3614 4621 3927 4713 insigni,

812 4741 1013 4813 cuius
1076 4741 1326 4812 ductor
1390 4743 1539 4810 erat
1603 4739 2101 4831 Sigismundus
2166 4739 2251 4811 (16
2317 4739 2617 4811 Bobowa
2679 4739 2918 4826 miles,
2987 4739 3337 4812 subindex
3411 4739 3928 4816 cracoviensis,

814 4860 1436 4958 Quadragesimum
1476 4857 1851 4949 septimum
1880 4857 2133 4930 militis
2171 4859 2536 4932 Zakliczae
2574 4859 3100 4933 Korzekwiczki
3131 4861 3215 4950 ⁷),
3258 4866 3641 4936 tracturam
3681 4863 3932 4935 albam

812 4981 885 5052 in
940 4981 1219 5053 modum
1264 4977 1574 5071 duplicis
1631 4978 1781 5067 VV,
1838 4999 2039 5052 cruce
2078 4977 2460 5071 signatam,
2519 4979 2590 5051 in
2629 4999 2870 5072 campo
2909 4981 3122 5054 rubeo
3160 4981 3424 5054 habens
3461 5001 3586 5073 pro
3625 4980 3925 5074 insigni.

1030 5267 1077 5350 ¹)
1122 5271 1285 5330 Iwan
1329 5265 1485 5332 Cod.
1547 5267 1738 5333 Rozr.
1788 5265 1839 5348 ἵ)
1889 5271 2113 5346 Ligeza
2162 5265 2314 5331 Cod.
2361 5267 2537 5331 Kost.
2587 5267 2642 5350 ³)
2686 5271 2928 5332 Brzezie
2977 5265 3132 5334 Cod.
3179 5269 3372 5332 Rozr.
3423 5269 3476 5351 ⁴)
3507 5271 3940 5336 Pieschkowa‘

816 5374 987 5434 skala
1046 5367 1170 5432 Ed.
1232 5369 1413 5452 Lips.
1478 5369 1529 5452 ⁵)
1576 5373 1773 5448 media
1821 5369 1946 5432 Ed.
1996 5369 2177 5452 Lips.
2241 5369 2294 5449 ⁶)
2341 5373 2556 5449 Mezyk
2605 5369 2756 5434 Cod.
2810 5371 2986 5434 Kost.
3035 5375 3232 5450 Mazik
3279 5371 3406 5436 Ed.
3455 5371 3637 5456 Lips.
3707 5373 3758 5456 ⁷)
3809 5379 3938 5438 Ko-

814 5474 1171 5536 trzetwiczki
1221 5469 1373 5536 Cod.
1420 5472 1595 5534 Kost.
