4342 6384
840 579 991 656 246
2016 601 2245 658 mnan
2295 605 2756 658 annuemus.
3382 578 3516 680 (Α.
3556 577 3649 654 D.
3693 577 3940 678 1420.)

841 789 1265 864 contendens
1285 847 1302 879 ,
1358 785 1829 864 wladislaum
1882 789 2218 864 Poloniae
2271 791 2534 882 Regem
2589 789 2663 862 in
2719 789 2970 883 Dolgy‚
3027 810 3165 880 qao
3219 793 3382 880 post
3435 787 3695 860 fest-am
3737 785 3937 858 Nati-

817 909 1091 983 ·vitatis
1146 910 1409 983 Christi
1462 930 1551 983 ex
1604 910 1871 983 Merecz
1926 929 2283 1003 egressus,
2341 910 2414 981 ia
2469 911 2746 1001 Trokky
2801 909 3218 996 diverterat,
3295 912 3365 980 et
3405 908 3459 996 ¹)
3513 906 3719 979 festis
3789 905 3934 978 Gir·

844 1028 1316 1102 cumcisionis-
1347 1020 1418 1102 et
1471 1029 1909 1120 Epiphaniae
1965 1029 2117 1101 illic
2170 1030 2511 1119 peractiS,
2569 1049 2657 1102 ex
2713 1029 3096 1101 Lithuania
3132 1029 3208 1099 in
3245 1028 3570 1119 Regnum
3605 1023 3936 1098 Polouiae

843 1169 1332 1241 processurae,
1404 1149 1805 1222 Alexandro
1869 1147 2268 1220 Withawdo
2325 1170 2480 1222 eum
2537 1149 2948 1236 comitante,
3016 1147 3451 1233 discedebat,
3517 1145 3692 1218 feria
3747 1149 3943 1218 sexta

843 1268 1029 1342 infra
1064 1272 1347 1341 octavas
1398 1268 1865 1360 Epiphaniae,
1924 1268 2590 1359 longinquissimam
2619 1265 2682 1356 2)
2737 1268 2873 1340 iter
2935 1268 3391 1340 ducentorum
3455 1265 3634 1337 citra
3663 1262 3728 1354 ³)
3783 1265 3938 1338 mil-

844 1387 1162 1476 liarium,
1218 1387 1401 1460 infra
1438 1388 1603 1462 dies
1633 1389 1697 1476 ⁴)
1754 1391 2017 1479 septem
2074 1407 2429 1476 emensae,
2488 1386 2807 1474 offendit,
2865 1407 2946 1458 ac
3001 1386 3397 1458 Wladislao
3451 1383 3633 1477 Regi
3667 1389 3744 1458 et
3780 1384 3941 1456 Ale-

844 1506 1111 1580 xandro
1167 1507 1595 1594 Withawdo,
1652 1507 1880 1580 noctis
1917 1508 2118 1596 hora,
2161 1529 2298 1598 qua
2335 1507 2742 1592 advenerat,
2783 1505 3012 1578 literis
3051 1505 3597 1578 ambasiatoram
3628 1503 3691 1591 5)
3745 1523 3939 1596 prae-

846 1626 1179 1713 sentatis,
1236 1627 1462 1698 multa
1500 1626 1709 1699 etiam
1750 1626 1993 1714 verbo,
2036 1648 2214 1718 quae
2251 1629 2448 1719 gesta
2487 1631 2557 1698 et
2598 1625 2790 1717 quali
2829 1626 3068 1698 ordine
3117 1626 3430 1712 fuerant,
3487 1622 3940 1726 deprompsit.

846 1745 999 1836 Qua
1050 1744 1367 1819 novitate
1422 1745 1860 1820 Wladislaas
1915 1745 2071 1818 Rex
2128 1750 2200 1818 et
2253 1745 2656 1819 Alexander
2719 1747 2882 1817 Dux
2947 1745 3219 1833 audita,
3287 1766 3426 1816 non
3479 1763 3682 1816 secus
3737 1763 3942 1834 qaam

844 1885 975 1956 par
1036 1871 1217 1953 erat,
1266 1866 1601 1940 maxima
1664 1864 2069 1939 turbatione
2139 1865 2480 1956 perculsi,
2553 1865 2629 1937 in
2695 1864 3000 1956 suspiria
3075 1862 3514 1936 amarissima
3577 1866 3650 1935 et
3711 1862 3942 1949 fletus,

847 1983 1295 2075 eiulatusque
1346 1988 1661 2072 ruenteS‚
1728 1989 1882 2057 tam
1946 1985 2248 2076 primam
2313 1986 2510 2057 dolos
2564 1989 2634 2058 et
2687 1984 3038 2057 versutias
3105 1982 3543 2077 Sigismundi
3597 1982 3944 2055 Romano-

847 2124 1005 2175 rum
1057 2102 1277 2196 Regis
1332 2103 1592 2177 sentire
1646 2112 2041 2195 coeperant.
2099 2104 2546 2177 Withawdus
2593 2124 2872 2196 quoque
2906 2105 3070 2176 Dux
3109 2103 3286 2191 irae,
3343 2123 3552 2193 quam
3606 2101 3806 2174 dolor
3840 2099 3944 2174 in·

845 2243 1017 2316 gens
1070 2222 1155 2296 de
1208 2227 1547 2296 terrarum
1586 2223 2043 2317 Samagittiae
2080 2230 2153 2297 et
2191 2224 2537 2297 Sadoram
2577 2222 3094 2296 abiudicatione
3135 2220 3758 2308 subministrabat,
3815 2219 3942 2292 im·

848 2340 1157 2433 patiens,
1213 2341 1288 2414 in
1343 2341 1873 2434 Sigismnndam
1927 2344 2398 2417 Romanorum
2453 2345 2714 2435 Regem
2769 2342 3097 2434 plurimis
3151 2340 3547 2414 maledictis
3595 2339 3941 2426 invectus,

848 2459 1311 2534 calliditatem
1364 2461 1567 2534 illius
1622 2463 2105 2553 frequentibus
2170 2463 2614 2554 improperiis
2679 2462 3167 2554 exprobrabat.
3226 2461 3421 2533 Adeo
3476 2465 3710 2533 autem
3767 2457 3947 2552 Regi

848 2583 921 2653 et
973 2579 1151 2653 Daci
1207 2584 1357 2654 erat
1412 2581 1803 2654 sententiae
1864 2583 2262 2673 praedictae
2323 2581 2806 2673 pronuntiatio
2869 2582 3172 2654 molesta
3227 2584 3297 2653 et
3350 2580 3626 2667 acerba,
3691 2583 3776 2650 ut
3833 2599 3944 2652 eo-

844 2721 1002 2772 ram
1056 2700 1263 2773 fletus
1320 2705 1390 2773 et
1440 2701 1754 2795 rugituS,
1810 2721 1950 2772 non
2006 2722 2208 2774 secus
2246 2722 2454 2792 quam
2493 2702 2788 2774 duorum
2824 2701 3105 2773 leonum
3143 2698 3622 2786 frementium,
3662 2719 3702 2770 a
3739 2699 3950 2791 longe

847 2819 1374 2893 exaudirentur.
1441 2820 1667 2895 Nocte
1730 2824 1963 2892 autem
2027 2821 2158 2893 illa
2220 2822 2294 2895 in
2360 2841 2667 2894 moerore
2731 2825 2800 2893 et
2855 2819 3110 2893 mentis
3175 2818 3506 2912 angustia
3564 2821 3944 2907 transacta,

847 2938 1293 3011 Withawdus
1345 2938 1421 3011 in
1474 2939 1875 3013 cubiculum
1928 2939 2202 3034 regium
2257 2940 2332 3014 in
2385 2941 2695 3014 dilaculo
2751 2939 3124 3027 introiens,
3184 2942 3420 3011 monet
3471 2937 3751 3010 blandis
3789 2957 3944 3010 ver-

847 3056 960 3130 bis
1015 3058 1313 3150 Regem:
1380 3062 1461 3131 at
1514 3058 1745 3130 animo
1808 3060 2133 3150 aequiore
2199 3061 2324 3150 sit,
2392 3065 2462 3134 et
2525 3053 2850 3151 passione
2913 3057 3405 3131 amaritudinis
3476 3057 3802 3148 depulsa,
3861 3055 3949 3132 ad

849 3174 1152 3249 remedia
1203 3177 1475 3269 potius,
1542 3199 1749 3269 qaam
1814 3179 1902 3252 ad
1954 3181 2296 3269 dolorem,
2364 3184 2587 3252 vacet.
2657 3179 2905 3271 Neque
2959 3179 3147 3252 enim
3201 3197 3538 3265 moerore,
3597 3177 3719 3250 sed
3775 3197 3946 3248 sano

848 3293 1177 3384 consilio,
1236 3297 1541 3389 fortique
1594 3318 1802 3372 mana
1822 3353 1839 3386 ,
1906 3299 2165 3371 valnas
2221 3298 2566 3372 inflictam
2629 3297 2933 3371 rescindi
2989 3303 3336 3389 oportere,
3403 3295 3789 3369 astruebat.
3845 3296 3950 3368 Eo

848 3413 1143 3487 consilio
1198 3415 1522 3506 probato,
1580 3436 1669 3489 ex
1724 3419 1952 3510 Dolgy
2008 3418 2312 3491 Sabbato
2367 3419 2442 3490 in
2497 3422 2744 3490 octava
2797 3417 3236 3509 Epiphaniae
3293 3415 3366 3488 in
3421 3415 3616 3508 Gilgi
3645 3415 3711 3503 θ)
3767 3414 3948 3487 itum

849 3538 980 3607 est.
1040 3534 1133 3606 Et
1186 3533 1429 3627 paucis
1484 3535 1771 3609 secretis
1826 3536 2254 3609 consiliariis
2309 3537 2384 3609 in
2439 3537 2814 3610 consiliam
2861 3538 3015 3609 Rex
3055 3541 3128 3610 et
3164 3537 3325 3608 Dux
3361 3534 3734 3622 adhibitis,
3793 3555 3950 3608 eam

849 3652 1420 3728 deliberationem
1458 3654 1678 3746 capit:
1734 3660 1815 3726 ut
1854 3677 2062 3747 qaam
2102 3657 2462 3730 celerrime
2497 3657 2766 3744 nuntii,
2807 3657 3139 3728 mutando
3179 3655 3700 3741 subvectiones,
3739 3653 3948 3727 Wra-

848 3771 1208 3876 tislaviam
1270 3777 1678 3866 properent,
1746 3779 1817 3847 et
1870 3775 2324 3868 Sigismundo
2394 3774 2865 3848 Romanorum
2941 3775 3132 3867 Rege
3201 3775 3356 3847 illic
3425 3779 3732 3865 reperto,
3809 3773 3952 3846 sibi

847 3892 1128 3984 publice
1180 3892 1398 3985 Regis
1454 3897 1525 3966 et
1578 3893 1793 3966 Dacis
1857 3893 2134 3967 nomine
2197 3894 2645 3982 denuntient,
2714 3896 2911 3966 nullo
2975 3901 3180 3985 pacto
3235 3895 3494 3986 Regem
3559 3898 3630 3989 et
3684 3894 3950 3966 Ducem

852 4011 1241 4085 sententiae
1296 4033 1463 4084 suae
1508 4011 1816 4084 iniustae
1854 4018 1923 4085 et
1960 4012 2244 4105 iniquae
2299 4018 2638 4102 staturos,
2699 4015 2818 4086 sed
2875 4015 3054 4086 ferro
3110 4019 3180 4086 et
3215 4013 3428 4086 armis
3483 4033 3682 4084 suam
3737 4011 3950 4084 iusti-

846 4129 1053 4217 tiam,
1092 4130 1397 4223 propitia
1432 4131 1856 4221 Divinitate‚
1896 4138 2410 4223 prosecuturos.
2469 4134 2651 4204 Dum
2691 4137 2924 4206 autem
2961 4133 3049 4205 ad
3085 4132 3505 4225 legationem
3541 4131 3954 4204 huiusmodi

847 4248 1157 4344 graviter
1211 4255 1281 4322 et
1332 4250 1712 4341 prudenter
1765 4252 2242 4342 exponendam
2297 4253 2382 4325 de
2435 4252 2684 4324 nuntio
2740 4256 3224 4343 quaereretur,
3277 4251 3626 4344 Sbigaeus
3662 4251 3746 4322 de
3785 4251 3952 4323 Ole-

852 4368 1176 4440 schnicza
1230 4369 1683 4461 Praepositae
1740 4370 1981 4443 Sancti
2036 4371 2353 4445 Floriani
2407 4378 2608 4444 extra
2661 4391 2896 4443 maros
2951 4371 3478 4455 CracovienseS‚
3533 4369 3768 4462 'regias
3835 4391 3950 4442 se-

852 4488 1227 4578 cretarius,
1283 4488 1663 4580 plurimum
1716 4488 2009 4561 idoneas
2065 4490 2263 4563 visus
2321 4495 2461 4578 est,
2531 4490 2654 4581 qui
2709 4497 2780 4562 et
2833 4491 3021 4581 ipse,
3089 4491 3254 4561 dum
3307 4491 3394 4562 de
3449 4489 3791 4562 mittenda
3844 4490 3954 4561 le-

848 4605 1131 4701 gatione
1195 4607 1595 4680 huiusmodi
1664 4607 2200 4681 wratislaviam
2262 4609 2448 4681 inter
2501 4611 2764 4702 Regem
2803 4615 2874 4682 et
2909 4611 3172 4682 Ducem
3226 4607 3640 4682 deliberatio
3696 4608 3952 4682 volve-

850 4733 1075 4816 retur,
1132 4728 1359 4801 multa
1412 4727 1753 4818 capitula,
1812 4728 2017 4800 iuxta
2069 4749 2248 4819 qaae
2303 4728 2634 4800 ordienda
2687 4733 2898 4820 atque
2952 4728 3370 4819 perficienda
3425 4728 3602 4800 foret
3658 4726 3958 4818 legatio,

850 4849 1163 4921 modesta
1222 4849 1433 4939 atque
1499 4846 1743 4921 solerti
1806 4847 2259 4939 persuasione
2323 4847 2683 4921 disseruit.
2751 4849 2916 4939 Ipse
2970 4848 3208 4938 itaque
3261 4847 3452 4939 regio
3507 4845 3816 4931 nomine,
3877 4853 3960 4919 et

850 4967 1189 5040 Nicolaus
1244 4967 1593 5041 Ozebulka
1624 4967 1685 5056 ⁷)
1738 4966 1957 5040 Dacis
2011 4965 2396 5039 Withawdi
2443 4966 2754 5055 nomine,
2813 4966 3212 5058 sumptibus
3249 4970 3320 5037 et
3357 4964 3672 5037 vestibus
3709 4964 3956 5054 splen-

851 5085 1011 5158 dide
1064 5085 1362 5177 provisi,
1418 5087 1502 5159 de
1557 5085 1751 5178 Grilgi
1807 5085 2103 5177 egressi,
2162 5085 2336 5158 feria
2373 5087 2678 5158 secanda
2713 5091 2875 5160 ante
2913 5087 3169 5159 festam
3206 5083 3728 5157 Purificationis
3767 5082 3957 5155 San-

1070 5354 1117 5436 ¹)
1164 5362 1343 5433 atque
1403 5353 1556 5420 0001.
1600 5355 1794 5419 Rozr.
1850 5356 1903 5435 ²)
1947 5359 2357 5434 longissimum
2401 5353 2556 5420 0011.
2602 5353 2794 5422 Rozr.
2859 5355 2912 5434 ⁸)
2955 5374 3141 5434 prope
3189 5351 3341 5418 Ood.
3381 5352 3574 5416 Rozr.
3637 5349 3690 5428 ⁴)
3735 5351 3965 5415 diebus

862 5455 1014 5522 Coa.
1072 5457 1263 5521 Rozr.
1312 5458 1368 5540 Ι’)
1411 5462 1737 5537 legatorum
1784 5455 1937 5522 God.
1984 5456 2178 5523 Rozr.
2226 5458 2278 5540 ⁸)
2328 5461 2524 5538 Gylgo
2575 5454 2725 5522 cod.
2777 5454 2952 5523 Calv.
3003 5455 3055 5538 ⁷)
3104 5459 3393 5524 Ozibulka
3439 5453 3589 5526 God.
3643 5453 3838 5522 Rozr.
