4342 6384
886 551 1038 626 200
2074 545 2301 630 Lrnnn
2352 575 2806 630 mosomus.
3434 553 3569 659 (Α.
3609 557 3701 634 D.
3744 554 3974 656 une.)

884 759 1279 846 authorem,
1336 761 1505 828 tuuc
1567 755 1640 828 in
1696 756 2005 829 Concilio
2068 763 2540 850 praesentem,
2607 760 2825 853 Regis
2880 766 2949 834 et
3004 762 3233 853 Regni
3288 764 3564 838 nomine
3618 765 3970 838 convenit.

885 877 1128 950 Posito
1182 881 1415 948 autem
1469 876 1712 949 libello
1767 875 2166 950 huiusmodi
2222 879 2311 951 ad
2349 899 2639 952 examen
2695 879 3022 969 concilii,
3080 881 3405 972 Synodns
3446 904 3665 971 sacra,
3728 885 3975 957 multis

888 995 1236 1070 erroribus
1303 997 1723 1087 completum
1788 996 2216 1087 comperiens
2281 1003 2351 1070 et
2414 999 2656 1072 volens
2729 1004 2841 1090 (ut
2905 1002 3312 1091 tenebatur)
3378 1003 3735 1076 honestati
3793 1004 3974 1076 tanti

883 1115 1100 1208 Regis
1155 1120 1225 1188 et
1280 1116 1507 1209 Regni
1562 1115 1894 1189 Polouiae
1948 1116 2343 1208 providere,
2409 1118 2839 1209 praedictum
2905 1119 3230 1193 libellum
3293 1125 3374 1192 ut
3426 1123 3685 1195 falsum
3742 1128 3817 1194 et
3869 1144 3971 1195 er·

882 1255 1201 1323 roneum,
1258 1236 1640 1308 Iohannem
1695 1256 1860 1309 vero
1915 1236 2379 1330 Falkemberg
2433 1238 2584 1310 eius
2622 1241 2982 1313 authorem
3036 1245 3116 1312 ut
3160 1241 3618 1330 haereticum,
3676 1263 3805 1334 per
3839 1243 3971 1315 dif-

883 1354 1230 1428 finitivam
1286 1354 1704 1428 sententiam
1758 1354 2120 1427 damnavit
2174 1361 2244 1429 et
2278 1358 2635 1447 perpetuis
2691 1358 3055 1449 deputavit
3092 1361 3516 1451 carceribus,
3574 1368 3645 1434 et
3700 1362 3775 1434 in
3814 1383 3972 1435 con-

885 1473 1350 1550 demnationis
1422 1475 1775 1566 praefatae
1856 1475 2135 1567 signum
2161 1531 2179 1564 ,
2265 1475 2530 1567 singuli
2602 1477 3003 1550 cardinales
3085 1478 3503 1572 singillatim
3585 1486 3656 1554 et
3736 1503 3974 1554 omnes

885 1593 1205 1666 nationes
1261 1592 1682 1666 sententiam
1737 1592 2164 1685 praedictam
2228 1594 2551 1667 manibus
2605 1596 2905 1687 propriis
2972 1599 3562 1690 subscripserunt.
3638 1599 3815 1672 Fuit
3867 1601 3971 1672 in·

887 1734 1098 1804 super
1149 1714 1507 1804 praefatus
1563 1713 1909 1784 Iohannes
1948 1713 2443 1806 Falkemberg,
2486 1714 2934 1789 solicitudine
2971 1717 3475 1809 archiepiscopi
3513 1718 3971 1806 Gnesnensis,

891 1830 1264 1923 Lyaskarii
1316 1829 1814 1904 Posnaniensis
1853 1831 2089 1919 electi,
2149 1831 2274 1923 qui
2327 1832 2399 1906 in
2438 1834 2676 1906 eodem
2713 1834 3019 1907 Concilio
3058 1836 3647 1911 confirmationem
3705 1843 3779 1910 et
3814 1858 3971 1910 con-

888 1950 1346 2024 secrationem
1402 1948 1700 2040 accepit,
1757 1953 1828 2023 et
1882 1949 2179 2023 aliorum
2234 1952 2777 2024 ambasiatorum
2817 1954 2869 2042 ¹)
2924 1953 3140 2045 Regis
3194 1959 3265 2027 et
3299 1955 3560 2048 Regni,
3616 1960 3864 2028 trusus
3901 1957 3972 2028 in

889 2088 1231 2142 carcerem
1287 2073 1357 2142 et
1410 2067 1483 2141 in
1520 2070 1646 2140 illo
1700 2089 1823 2159 per
1860 2074 2135 2161 tempus
2176 2092 2407 2159 omne,
2465 2093 2599 2163 quo
2655 2072 3040 2145 Consilium
3096 2072 3378 2146 duravit
3414 2074 3970 2162 constantiense,

889 2190 1238 2263 detentus,
1293 2189 1639 2261 Dolebant
1693 2187 2042 2279 siquidem
2095 2194 2167 2262 et
2221 2190 2711 2282 affligebantur
2747 2190 3124 2264 acerbitate
3160 2192 3554 2264 vehementi
3607 2193 3860 2266 Patres
3907 2199 3974 2265 et

889 2308 1254 2400 Principes
1309 2307 1631 2395 Concilii‚
1688 2308 2032 2399 impuram
2088 2314 2159 2380 et
2215 2309 2623 2382 obscoenam
2678 2309 2763 2384 de
2818 2331 2931 2382 ore
2983 2310 3333 2402 petulanti
3385 2310 3597 2383 unius
3653 2311 3972 2383 monachi

891 2432 1122 2501 status
1193 2433 1264 2500 et
1322 2426 1778 2520 professionis
1843 2426 2298 2515 immemoris,
2375 2428 2597 2521 magis
2659 2427 3001 2501 vomicam
3073 2450 3280 2520 quam
3354 2435 3660 2520 satyram
3736 2433 3974 2502 contra

893 2549 1157 2640 Regem
1219 2545 1690 2621 clarissimum
1743 2545 1905 2619 fidei
1967 2551 2038 2617 et
2101 2545 2464 2638 religionis
2530 2546 2953 2621 christianae
3024 2547 3499 2637 dilatatorem,
3558 2571 3771 2640 quam
3825 2555 3971 2620 tur-

887 2666 1176 2759 pissime
1230 2665 1488 2739 editam
1545 2664 1797 2752 fuisse,
1855 2665 2509 2757 adnitebanturque,
2566 2670 2647 2737 ut
2698 2688 2924 2738 novus
2978 2672 3186 2757 atque
3241 2666 3470 2738 olidus
3526 2673 3806 2759 satyrae
3851 2689 3970 2739 au-

890 2792 1040 2859 ctor
1093 2791 1162 2859 et
1215 2786 1550 2857 conflator
1585 2783 1799 2875 digna
1854 2790 1924 2856 et
1960 2805 2098 2855 non
2137 2785 2417 2877 vulgari
2470 2786 2733 2857 mulcta
2768 2784 3155 2876 puniretur.
3213 2786 3410 2858 Inter
3462 2807 3700 2859 omnes
3740 2792 3970 2860 autem

891 2906 1326 2979 sacerdotum
1356 2903 1419 2994 2)
1474 2902 1840 2994 Principes
1895 2909 1965 2976 et
2000 2904 2248 2977 Patres
2304 2903 2765 2995 couscriptoS,
2821 2904 3209 2976 cardinalis
3248 2905 3702 2978 Florentinus
3752 2908 3969 2978 Fran-

891 3025 1119 3097 ciscus
1172 3022 1460 3115 gravius
1515 3022 1587 3093 in
1623 3021 1827 3093 illum
1865 3021 2219 3096 invectus:
2277 3023 2455 3113 Qua,
2514 3023 2775 3114 inquit,
2834 3023 3257 3111 temeritate,
3316 3045 3452 3115 qua
3505 3026 3762 3097 mentis
3799 3027 3968 3098 alie-

891 3143 1206 3230 natione,
1264 3141 1377 3214 vir
1430 3140 1880 3232 spurcissime
1935 3147 2005 3214 et
2059 3140 2546 3228 abominando,
2604 3161 2693 3213 ex
2729 3142 2967 3214 arcula
3020 3140 3302 3232 putrida
3355 3142 3773 3233 depravatae
3810 3165 3970 3217 con-

895 3261 1229 3335 scientiae
1284 3265 1446 3332 tuae
1501 3261 1728 3332 virum
1783 3260 2124 3352 optimum
2182 3265 2251 3334 et
2294 3260 2693 3333 rarissimae
2746 3260 3204 3334 excellentiae
3239 3261 3531 3353 Regem,
3592 3262 3867 3352 probris
3905 3267 3973 3335 et

891 3382 1134 3454 libello
1191 3379 1641 3472 spurcissimo
1697 3380 2190 3453 insectareris?
2254 3379 2738 3470 conarerisque
2768 3377 2829 3468 3)
2893 3379 3167 3452 laedere
3231 3401 3386 3452 eum
3451 3381 3746 3472 Regem,
3816 3403 3969 3452 eum

889 3501 1271 3588 hominem,
1329 3498 1449 3591 qui
1504 3506 1690 3573 esset
1719 3501 1782 3589 ⁴)
1837 3499 2178 3586 omnium,
2237 3520 2410 3589 quos
2447 3499 2703 3571 nedum
2755 3504 3025 3585 nostra,
3083 3499 3200 3570 sed
3250 3503 3320 3572 et
3355 3499 3741 3590 priscorum
3780 3507 3971 3572 aetas

891 3620 1093 3709 tulit,
1159 3620 1622 3708 continentia,
1689 3619 2060 3707 modestia,
2135 3618 2563 3691 liberalitate
2634 3622 2706 3691 et
2757 3617 3217 3690 humanitatis
3283 3617 3538 3689 studiis
3604 3620 3967 3692 ornatissi-

891 3762 1081 3828 mus;
1155 3762 1289 3831 quo
1344 3760 1542 3812 nemo
1606 3743 1767 3830 post
1829 3740 2241 3829 Apostolos,
2315 3737 2641 3829 religioni
2704 3742 2982 3809 nostrae
3044 3737 3498 3826 orthodoxae,
3555 3739 3973 3829 baptisando

893 3859 1438 3932 innumerabiles
1501 3859 1830 3950 populoS‚
1897 3862 2003 3929 tot
2057 3858 2410 3931 commoda
2472 3856 2668 3929 visus
2733 3863 2840 3929 est-
2911 3877 3339 3947 procurasse.
3412 3856 3714 3930 Videsne
3771 3879 3969 3949 spur·

893 3978 1044 4050 cide
1075 3979 1139 4067 ⁵)
1194 3978 1466 4065 author,
1523 3998 1647 4069 pro
1702 3978 1892 4068 Rege
1947 3977 2516 4049 innocentissimo
2578 3997 2715 4047 non
2770 3974 2997 4066 Regni
3050 3975 3528 4047 tantummodo
3594 3977 3703 4047 sui
3762 3977 3967 4048 Prae-

894 4099 1075 4169 latos
1131 4101 1200 4169 et
1252 4097 1508 4169 doctos<
1544 4098 1763 4183 viroS‚
1821 4094 1943 4166 sed
1979 4093 2343 4166 universos
2396 4094 2607 4166 huius
2645 4091 2937 4165 Concilii
2990 4092 3338 4183 generalis
3393 4093 3701 4181 ordineS,
3742 4099 3971 4165 status

895 4220 966 4286 et
1018 4215 1336 4288 nationes
1391 4216 1463 4287 in
1502 4221 1846 4288 certamen
1884 4213 2372 4286 descendisse?
2426 4233 2648 4304 neque
2684 4211 2892 4283 aliter
2945 4233 3147 4283 suum
3185 4212 3396 4284 decus
3432 4213 3725 4304 regium,
3768 4234 3969 4304 quam

893 4334 1248 4424 proprium
1321 4334 1774 4407 aestimasse?
1847 4334 2048 4407 cuius
2112 4353 2334 4405 mores
2399 4330 2829 4424 integerrimi
2894 4331 3184 4403 summis
3246 4330 3573 4404 laudibus
3635 4353 3761 4422 per
3815 4332 3971 4404 uni-

898 4474 1168 4525 versam
1223 4453 1820 4526 christianitatem
1885 4452 2287 4525 efferuntur.
2371 4452 2773 4535 Illustrata,
2841 4449 3041 4522 crede
3094 4450 3299 4538 mihi,
3365 4450 3503 4522 iam
3569 4458 3735 4524 sunt
3792 4452 3970 4524 veri-

895 4576 1043 4643 tate
1096 4577 1218 4643 tua
1271 4572 1656 4659 mendacia,
1712 4572 1901 4644 victa
1936 4571 2328 4657 temeritaS‚
2370 4569 2681 4641 stultitia
2718 4572 3106 4655 confutata,
3162 4569 3236 4640 in
3275 4574 3467 4641 tuam
3520 4570 3970 4661 ignominiam

897 4690 1410 4782 sempiternam.
1469 4690 1778 4777 Scelera,
1837 4695 1917 4762 ut
1970 4711 2146 4777 reor,
2206 4690 2489 4780 impiam
2519 4690 2581 4777 6)
2646 4693 2716 4761 et
2768 4688 3110 4778 impuram
3167 4692 3466 4760 mentem
3523 4674 3714 4759 tuam
3770 4694 3970 4761 tanta

898 4808 1170 4882 insania
1223 4814 1620 4896 versarunt,
1686 4815 1766 4881 ut
1828 4808 2114 4881 licentia
2185 4808 2576 4881 dicacitatis
2649 4809 2910 4895 elatuS,
2977 4806 3291 4897 obloqui,
3360 4806 3778 4894 obtrectare,
3841 4807 3969 4879 cri-

897 4927 1084 5000 mina
1136 4931 1506 5020 configere,
1563 4927 1831 5020 flagitia
1887 4929 2061 5000 falso
2123 4928 2198 4999 in
2253 4929 2512 5019 Regem
2569 4925 2982 5018 impingere,
3050 4946 3206 4997 cum
3270 4925 3510 4997 ordine
3581 4926 3679 4996 sis
3746 4946 3967 4998 sacer·

897 5045 1053 5133 doS,
1108 5047 1536 5137 professione
1600 5048 2007 5136 monachuS,
2073 5069 2210 5117 non
2273 5045 2671 5118 horrueris?
2742 5045 2963 5116 Nemo
3029 5045 3266 5134 itaque
3322 5048 3432 5116 est
3495 5065 3580 5116 ex
3639 5044 3970 5116 Patribus

1113 5316 1157 5391 ¹)
1203 5317 1529 5393 legatorum
1579 5315 1729 5380 God.
1775 5317 1963 5380 Rozr.
2014 5318 2068 5395 2)
2113 5320 2448 5379 sacerdotes
2496 5314 2649 5379 Cocl.
2694 5314 2885 5378 Rozr.
2935 5315 2990 5392 3)
3035 5316 3370 5393 insectaris,
3416 5315 3768 5389 conarisque
3818 5310 3968 5376 God.

901 5414 1090 5479 Rozr.
1140 5416 1192 5495 ⁴)
1239 5426 1329 5478 est
1376 5416 1526 5481 Cod.
1571 5419 1763 5482 Rozr.
1813 5420 1863 5499 ⁵)
1914 5423 2290 5497 spurcissime
2334 5419 2458 5482 Ed.
2509 5418 2688 5502 Lips.
2736 5418 2792 5499 ⁸)
2837 5425 2959 5478 tam
3001 5420 3239 5493 impiam
3284 5414 3410 5478 Ed.
3455 5413 3637 5497 Lips.
