4342 6384
342 576 477 676 (Α.
516 577 605 651 D.
645 574 899 675 1444.)
1476 602 1701 657 mnan
1752 600 2263 658 Duonncnms,
3276 579 3419 654 707

351 783 826 875 „Amurathus
880 806 1019 859 non
1074 786 1285 859 audet
1338 807 1489 875 eos,
1548 786 1671 879 11111
1707 809 1749 859 a
1787 808 1915 859 sua
1966 787 2453 863 iurisdictione
2507 790 2938 877 defecerunt,
2994 787 3290 861 necdum
3323 809 3420 876 re,

349 906 515 996 „sed
569 906 802 979 verbis
840 908 1067 979 solum
1106 908 1162 996 ¹)
1216 908 1754 999 reprehendere,
1811 908 1978 980 licet
2024 908 2464 1000 apertissime
2503 909 2638 981 iam
2678 929 2763 982 ex
2803 907 3108 981 subditis
3144 912 3215 981 et
3250 908 3421 981 ami-

350 1026 495 1115 „cis
547 1026 787 1098 hostes
844 1026 1075 1100 effecti
1130 1032 1317 1100 sunt.
1374 1028 1625 1118 Itaque
1658 1027 2038 1118 plurimum
2078 1027 2502 1101 admirantes
2540 1027 2997 1115 admiramur,
3057 1028 3240 1119 quod
3279 1027 3421 1100 Ex-

350 1144 721 1234 „cellentia
783 1150 1017 1219 vestra
1086 1145 1347 1219 victrix
1402 1150 1473 1219 et
1526 1147 1967 1238 triumphans
2032 1152 2272 1220 contra
2339 1168 2488 1236 666,
2559 1148 2681 1241 11111
2733 1148 3012 1220 nomine
3073 1146 3420 1239 magnitu-

350 1264 579 1353 „dinis
653 1267 927 1337 vestrae
998 1264 1430 1357 liquescunt,
1505 1266 2080 1357 quemadmodum
2142 1267 2271 1339 nix
2335 1268 2511 1357 6616,
2579 1272 2650 1340 61
2713 1268 2968 1340 nebula
3039 1271 3283 1355 vento,
3355 1270 3426 1339 et

351 1405 550 1473 „cera
602 1384 763 1479 igne
791 1382 877 1475 2),
935 1384 1113 1457 velit
1167 1405 1369 1457 aures
1424 1385 1844 1458 factionibus
1898 1386 2258 1477 praebere,
2313 1388 2728 1477 praesertim
2781 1407 2936 1460 cum
2991 1387 3076 1458 de
3114 1386 3418 1459 adventu

350 1510 626 1593 „vestro
671 1507 781 1576 tot
824 1503 1214 1578 Maiestatis
1264 1508 1539 1577 vestrae
1586 1505 1847 1596 scripta
1884 1510 2400 1579 emanaverunt.
2457 1508 2708 1599 Itaque
2746 1506 3264 1579 considerantes
3301 1505 3418 1578 de·
3463 1550 3470 1559 -

350 1623 635 1713 „decus‚
692 1628 1183 1717 cognoscentes
1238 1623 1659 1715 periculum,
1718 1627 1787 1697 et
1840 1625 2320 1717 intelligentes
2373 1627 2624 1701 damna
2677 1647 2946 1715 eorum,
3005 1625 3127 1717 qui
3163 1624 3420 1697 vestris

350 1742 839 1831 „suasionibus
892 1743 1007 1815 his
1059 1742 1269 1815 bellis
1308 1764 1383 1815 se
1419 1744 1988 1834 implicaverunt,
2043 1745 2300 1817 nedum
2345 1746 2855 1820 Excellentiam
2905 1750 3242 1832 vestram,
3299 1743 3423 1815 sed

348 1881 873 1952 „quemcunque
926 1861 1136 1933 etiam
1188 1861 1503 1934 infimum
1556 1864 1939 1951 hominem,
1996 1885 2037 1935 a
2091 1870 2234 1936 tam
2289 1865 2563 1957 egregio
2619 1865 2920 1937 facinore
2973 1868 3042 1935 et
3083 1866 3224 1934 tam
3263 1862 3416 1933 vul-

348 1985 554 2073 „gato
608 1980 895 2053 deficere
956 1981 1153 2053 nefas
1217 2002 1370 2055 esse
1434 1982 1927 2055 indicaremus,
1996 1982 2480 2056 Nihilominus
2533 1988 2616 2055 ut
2669 1982 2998 2056 certiores
3063 1981 3283 2053 simus
3337 1980 3423 2053 de

349 2099 582 2189 „omni
634 2119 865 2173 rerum
920 2104 1209 2188 eventu,
1272 2102 1519 2173 harum
1573 2102 1869 2173 latorem
1931 2102 2306 2174 Dominum
2369 2106 2686 2173 nostrum
2741 2100 3159 2173 mittendum
3213 2099 3419 2171 duxi-

348 2240 579 2309 „mus,
638 2219 759 2310 qui
810 2223 895 2292 111
944 2219 1394 2307 arbitramur,
1452 2220 1887 2293 Maiestatem
1942 2226 2248 2294 vestram
2296 2222 2370 2294 in
2417 2222 2666 2294 itinere
2703 2220 3034 2312 reperiet:
3093 2219 3294 2292 cuius
3331 2219 3418 2291 li-

348 2340 563 2429 „teris
618 2331 1097 2431 intelligemus
1152 2344 1221 2411 et
1275 2359 1729 2431 exequemur,
1788 2339 2128 2432 quidquid
2164 2340 2549 2432 poterimus
2587 2339 2660 2412 in
2698 2341 3036 2428 favorem,
3093 2340 3422 2423 honorem

349 2462 463 2547 „et
513 2457 807 2550 gloriam
862 2457 1315 2532 celsitudinis
1370 2463 1665 2532 vestrae.
1724 2459 1802 2532 Si
1856 2463 2086 2531 tamen
2136 2459 2352 2551 (quod
2397 2460 2470 2532 in
2511 2464 2809 2533 mentem
2847 2459 3091 2531 cadere
3126 2480 3264 2531 non
3300 2479 3421 2550 116-

348 2580 565 2667 ,,1661)
618 2576 825 2649 aliter
878 2583 1091 2651 esset:
1148 2578 1661 2651 Excellentiam
1707 2584 2011 2652 vestram
2054 2580 2418 2651 hortamur
2455 2584 2524 2652 et
2558 2580 3039 2670 deprecamur,
3097 2576 3424 2669 dignetur

347 2696 779 2785 „clarissime
834 2696 985 2769 sine
1039 2696 1278 2788 aliqua
1329 2696 1686 2771 dubietate
1740 2704 1811 2771 61
1864 2699 2289 2772 obscuritate
2341 2719 2468 2771 nos
2505 2699 2590 2771 de
2625 2696 3202 2791 cogitationibus,
3261 2716 3420 2769 con-

348 2816 575 2905 „siliis
628 2820 699 2889 et
752 2815 1371 2888 deliberationibus
1427 2816 1681 2889 vestris
1736 2818 2064 2891 clariores
2096 2816 2157 2906 ³)
2217 2819 2470 2906 facere,
2529 2822 2610 2890 ut
2665 2817 3018 2909 possimus
3053 2815 3262 2888 rebus
3297 2836 3420 2887 no-

349 2934 563 3023 „stris
614 2933 1009 3025 providere,
1074 2955 1163 3007 ne
1217 2940 1525 3007 errantes
1580 2936 1654 3007 in
1711 2936 2039 3008 damnosa
2109 2942 2180 3008 et
2249 2937 2574 3009 mortalia
2635 2938 2888 3027 laquea
2957 2934 3418 3024 incurramus,

348 3056 665 3146 „praeter
720 3056 1021 3125 mentem
1075 3058 1147 3124 et
1200 3054 1595 3144 opinionem
1652 3054 2069 3129 Serenitatis
2124 3060 2432 3143 vestrae,
2492 3076 2702 3147 quam
2753 3053 3008 3127 iterum
3057 3057 3268 3144 atque
3311 3073 3418 3125 re-

348 3176 706 3264 „petentes
773 3172 1241 3261 obsecramuS,
1305 3177 1388 3244 ut
1451 3173 1814 3246 nobiscum
1878 3174 2109 3246 omnia
2170 3175 2356 3247 clare
2424 3174 2888 3247 communicet·
2935 3178 3006 3247 et
3057 3171 3422 3246 verissime

348 3291 682 3383 „aperiat
744 3291 1117 3382 Speramus
1174 3312 1478 3383 quoque,
1536 3292 1719 3384 quod
1772 3294 1919 3366 Deo
1976 3293 2218 3382 dante,
2284 3294 2454 3367 haec
2507 3294 2949 3386 magnanima
3003 3292 3421 3366 Serenitatis

346 3413 663 3502 „vestrae
716 3430 921 3502 opera
976 3412 1209 3483 favore
1235 3412 1300 3499 ⁴)
1357 3410 1839 3484 sanctissimae
1891 3412 2053 3486 fidei
2108 3417 2314 3486 erunt
2343 3412 2404 3501 ⁵)
2459 3417 2531 3486 et
2563 3413 2829 3505 gloriae
2886 3412 3325 3485 Sublimitati
3354 3413 3420 3501 θ)

348 3536 700 3620 „vestrae‚
758 3530 961 3603 cuius
1008 3550 1290 3619 nomen,
1346 3530 1597 3619 1161166,
1654 3532 2033 3622 laudesque
2078 3532 2265 3622 apud
2301 3553 2426 3604 nos
2467 3538 2538 3605 et
2571 3536 2889 3623 posteros
2926 3536 3202 3603 nostros
3241 3550 3416 3603 sem-

346 3670 513 3741 „per
564 3650 637 3720 in
690 3649 949 3723 honore
1003 3654 1241 3737 erunt,
1307 3650 1717 3741 cogentibus
1752 3648 1811 3739 ⁷)
1867 3654 1937 3721 et
1989 3651 2198 3723 rebus
2263 3652 2522 3742 optime
2583 3650 2802 3743 gestis
2855 3648 3292 3741 praeteritis,
3349 3654 3420 3723 et

346 3767 801 3859 „clarissimis
854 3767 1083 3840 literis
1140 3768 1395 3840 vestris
1434 3769 1950 3842 declarantibus
1977 3769 2041 3859 ⁸)
2098 3770 2333 3857 nobis,
2391 3770 2559 3861 quid
2605 3769 2832 3842 acturi
2879 3768 3132 3857 simus,
3187 3768 3420 3860 parati

346 3908 634 3977 „sumus
708 3886 794 3959 ad
867 3886 1098 3958 omnia
1158 3888 1597 3979 beneplacita
1633 3888 1694 3976 ⁹)
1760 3888 2149 3961 Maiestatis
2225 3893 2499 3962 vestrae
2571 3888 2831 3979 optimo
2903 3888 3135 3976 corde,
3213 3909 3420 3978 quam

344 4009 577 4097 „Deus
629 4027 753 4097 per
804 4006 1215 4098 longissima
1266 4012 1579 4097 tempora
1634 4007 2037 4079 felicissime
2090 4008 2462 4081 custodiat.
2522 4010 2778 4080 Datum
2831 4008 2908 4079 in
2953 4007 3124 4080 urbe
3177 4011 3420 4079 nostra

340 4126 769 4216 „Misistrae,
809 4125 921 4199 die
957 4126 1193 4199 XXX.
1249 4126 1453 4211 Iulii,
1494 4125 1889 4198 Indictione
1926 4128 2256 4218 septima,
2314 4128 2518 4199 Anno
2556 4124 3417 4199 Domini'MCCCCXLIV.

1230 4244 1544 4333 „Nomen
1597 4245 1933 4317 Iohannis
1985 4246 2389 4338 Palaeologi
2441 4247 2910 4319 Romanorum
2963 4245 3418 4336 Imperatoris

1230 4383 1351 4452 „ac
1397 4364 1851 4437 Moderatoris
1890 4366 1963 4437 in
2000 4366 2276 4438 Christo
2331 4366 2739 4457 Theophaeo
2778 4366 2866 4454 ¹⁰)
2924 4364 3409 4438 Graecorum.“

551 4481 1052 4571 „Serenissimo
1107 4486 1177 4553 61
1230 4482 1822 4556 excellentissimo
1875 4484 2192 4576 Principi
2246 4490 2314 4557 et
2371 4484 2699 4570 Domino,
2758 4481 3050 4555 Domino
3107 4482 3414 4555 Wladis-

345 4604 501 4691 „lae
565 4600 695 4673 Dei
746 4600 977 4692 gratia
1030 4598 1207 4692 Regi
1261 4602 1699 4694 Hungarias,
1755 4603 2119 4691 Poloniae,
2179 4604 2602 4691 Dalmatiae,
2659 4602 2975 4675 croatiae
3031 4606 3163 4673 etc.
3213 4601 3415 4693 Regi,

344 4722 724 4811 „Supremo
780 4718 1095 4810 Principi
1146 4720 1567 4793 Lithuaniae
1622 4742 1701 4793 ac
1752 4722 2032 4794 haeredi
2087 4722 2420 4809 Russiae,
2479 4726 2894 4812 scutumque
2950 4720 3170 4792 totius
3217 4718 3412 4791 Chri-

344 4838 781 4928 „stianitatis
832 4838 1283 4930 gubernanti,
1342 4839 1634 4911 Domino
1692 4844 1764 4911 61
1809 4840 2009 4912 fratri
2045 4845 2283 4913 nostro
2322 4841 2397 4913 in
2433 4841 2708 4915 Christo
2745 4841 2890 4912 Deo
2928 4838 3407 4931 dignissimo.“

548 5144 599 5224 ¹)
644 5144 1007 5222 defecerunt,
1052 5145 1358 5222 infestare,
1404 5163 1513 5205 nec
1556 5145 1754 5206 verbis
1800 5146 1922 5205 suis
1951 5142 2077 5206 Ed.
2110 5140 2291 5226 Lips.
2341 5142 2395 5223 ²)
2425 5144 2529 5204 nix
2557 5164 2595 5204 a
2624 5145 2776 5221 sole,
2823 5149 2883 5205 61
2909 5146 3127 5205 nebula
3155 5164 3191 5203 a
3221 5148 3416 5222 vento,

328 5254 391 5310 61
436 5266 571 5308 ccra
613 5248 689 5307 ab
737 5247 875 5322 igne
918 5244 1044 5307 Ed.
1090 5242 1271 5327 Lips.
1337 5246 1385 5324 θ)
1432 5248 1709 5307 certiores
1768 5244 1893 5307 Ed.
1950 5244 2127 5328 Lips.
2187 5244 2239 5324 ⁴)
2285 5247 2474 5306 favori
2519 5244 2644 5307 Ed.
2691 5242 2870 5327 Lips.
2936 5243 2988 5323 ⁶)
3036 5246 3245 5306 cedent
3287 5243 3416 5307 Ed.

326 5348 513 5431 Dips-
561 5346 614 5425 ⁶)
658 5348 1047 5409 sublimitatis
1090 5345 1218 5409 Ed.
1264 5330 1445 5430 Βίῳ-6.
1512 5346 1562 5427 ⁷)
1609 5349 2005 5424 cogitantibus
2052 5343 2204 5412 Cod.
2250 5344 2468 5409 Przez.
2533 5344 2584 5425 ⁸)
2631 5350 3018 5409 Declarantes
3059 5344 3188 5410 Ed.
3235 5344 3416 5430 Lips.

331 5450 387 5532 ¹¹)
431 5451 649 5527 placito
692 5442 819 5512 Ed.
867 5446 1047 5532 Lips.
1104 5449 1183 5529 ¹⁰)
1227 5451 1540 5528 Trophaeo
1583 5448 1710 5512 Ed.
1757 5448 1939 5533 Lips.
