4342 6384
857 483 1007 561 354
2026 502 2253 561 mer-21³
2310 502 2767 561 annuemus.
3399 480 3533 587 (Α.
3572 482 3664 560 D.
3704 479 3985 583 1428.)

857 692 1153 784 invasit,
1210 697 1379 768 tunc
1430 714 1670 785 pacem
1726 697 2032 785 spretam
2089 714 2245 767 sera
2296 694 2731 786 poenitentia
2784 693 2977 767 ducti
3032 694 3399 786 optabant,
3458 698 3629 766 tuuc
3682 715 3835 765 non
3902 693 3981 765 in

856 815 930 888 in
984 836 1375 903 commune,
1436 814 1556 887 sed
1609 835 1733 906 pro
1789 836 1863 887 se
1919 814 2215 906 quisque
2270 814 2673 901 consulens,
2732 814 3001 885 debiles
3058 814 3483 886 munitiones
3549 820 3619 885 et
3676 814 3977 905 oppida,

855 956 941 1007 ne
994 934 1221 1007 hostis
1278 934 1426 1006 illis
1481 934 1860 1025 potiretur,
1929 933 2519 1021 demoliebantur,
2590 934 2887 1005 fortibus
2954 953 3115 1005 vero
3170 933 3519 1006 addebant
3572 934 3979 1005 munimen.

856 1054 1194 1145 Ceperant
1249 1058 1482 1126 autem
1541 1052 1836 1125 Bohemi
1891 1074 2014 1143 per
2069 1054 2657 1145 expugnationem
2716 1052 3049 1143 oppidum
3100 1052 3169 1123 N
3173 1072 3529 1143 yempcze,
3586 1054 3775 1145 quod
3832 1054 3979 1125 Pe-

856 1178 1010 1246 trus
1066 1174 1336 1264 Polyak
1389 1174 1464 1245 in
1522 1179 1835 1246 tenutam
1874 1172 1960 1244 ab
1999 1171 2102 1243 eis
2141 1172 2524 1262 accipienS,
2584 1172 3044 1244 multitudine
3089 1172 3403 1264 gentium
3442 1172 3731 1246 civitate
3774 1194 3977 1245 com-

857 1294 1162 1381 munita,
1220 1298 1440 1365 totam
1496 1292 1828 1365 viciniam
1885 1291 2022 1364 sibi
2077 1292 2243 1364 fecit
2298 1293 2505 1383 longo
2562 1296 2872 1384 tempore
2920 1291 3401 1379 tributariam,
3460 1292 3579 1364 sed
3618 1300 3690 1365 et
3726 1293 3981 1364 omnia

856 1413 1172 1486 civitatis
1230 1412 1842 1486 wratislaviensis
1901 1412 2301 1484 suburbana
2355 1412 2581 1503 coegit
2637 1412 2711 1483 in
2750 1412 3117 1484 tributum.
3176 1412 3267 1484 Et
3302 1412 3473 1483 licet
3509 1412 3789 1484 vicibus
3830 1412 3975 1482 ali-

858 1540 1028 1625 quot
1083 1532 1352 1606 Slesiae
1407 1534 1636 1605 Duces
1693 1536 1762 1605 et
1815 1531 2007 1604 cives
2056 1531 2681 1604 Wratislavienses
2718 1532 3155 1623 praedictum
3192 1532 3527 1623 oppidum
3563 1530 3977 1621 Nyempcze

859 1653 1223 1725 obsidione
1287 1653 1711 1741 cinxissent,
1779 1656 1851 1725 et
1905 1650 2337 1724 obsidionem
2402 1654 2765 1744 aliquanto
2832 1657 3142 1743 tempore
3198 1652 3763 1738 continuassent,
3826 1672 3977 1720 uon

856 1777 1134 1864 poterat
1187 1777 1419 1844 tamen
1465 1772 1666 1844 illius
1703 1772 2162 1863 conquisitio,
2222 1772 2705 1845 defensoribus
2743 1773 2954 1863 probe
2990 1772 3526 1859 resistentibuS,
3564 1770 3971 1863 provenire.

860 1894 1074 1984 Capto
1131 1892 1380 1964 deinde
1436 1893 1644 1964 Petro
1700 1893 1970 1983 Polyak
2006 1892 2081 1963 in
2119 1912 2497 1983 congressu
2536 1892 2881 1985 singulari
2936 1913 3061 1983 per
3121 1891 3783 1980 wratislavienses,
3844 1892 3971 1962 de-

859 2013 1037 2085 ditio
1093 2011 1331 2103 oppidi
1389 2012 1455 2083 N
1460 2033 1784 2103 yempcze
1839 2012 2274 2103 sperabatur.
2334 2010 2523 2102 Quae
2570 2033 2727 2085 cum
2765 2033 2903 2083 non
2939 2012 3419 2103 responderet,
3458 2011 3791 2104 gentibus
3831 2012 3971 2083 Pe·

860 2132 955 2205 tri
1012 2132 1280 2223 Polyak
1344 2132 1416 2202 in
1482 2131 2106 2204 Wratislavieuses
2170 2132 2660 2223 grassantibus
2725 2132 3112 2223 pertinacia
3166 2131 3524 2223 ampliori,
3584 2131 3968 2203 wratisla-

862 2252 1138 2325 vienses
1195 2250 1461 2323 salubri
1517 2251 1630 2323 usi
1687 2252 2013 2340 consilio,
2083 2252 2295 2323 Petro
2352 2251 2619 2342 Polyak
2674 2252 2941 2337 soluto,
3008 2256 3079 2323 et
3132 2252 3403 2343 aliquot
3458 2251 3746 2342 insuper
3800 2250 3966 2322 mil-

861 2372 1050 2445 libus
1115 2372 1530 2444 florenorum
1597 2372 1818 2445 eidem
1885 2372 2172 2460 soluti8‚
2244 2371 2573 2463 oppidum
2641 2372 3037 2464 Nyempcze
3101 2376 3544 2462 recuperant,
3612 2375 3682 2443 et
3738 2391 3823 2443 ue
3880 2372 3969 2443 de

863 2498 1131 2565 caetero
1187 2494 1383 2564 fieret
1435 2492 1759 2564 hostibus
1815 2494 1888 2564 in
1941 2490 2405 2584 praesidium,
2474 2514 2707 2565 muros
2771 2492 2973 2565 illius
3038 2499 3405 2583 turresque
3459 2490 3965 2565 demoliuntur.

863 2613 977 2686 Ita
1033 2612 1293 2701 Slesia,
1353 2632 1529 2703 quae
1583 2611 1954 2705 benignam
2011 2612 2491 2684 visitationem
2548 2613 2658 2683 sui
2698 2612 3219 2703 metropolitani
3267 2610 3697 2685 Gnesnensis
3732 2611 3963 2682 archi-

865 2732 1175 2824 episcopi
1228 2733 1598 2819 abnuerat,
1668 2732 2132 2805 Bohemorum
2200 2731 2423 2823 magis
2479 2732 2776 2823 rigidam
2833 2736 2905 2804 et
2958 2732 3309 2805 crudelem
3361 2733 3667 2822 perferre
3722 2736 3965 2803 coacta

865 2857 1002 2940 est,
1061 2852 1368 2924 evasisse
1405 2852 1824 2925 haereticam
1864 2851 2160 2939 credita,
2222 2852 2283 2923 si
2328 2850 2743 2923 catholicam
2792 2872 2929 2922 non
2967 2851 3340 2924 renuisset.
3400 2852 3738 2923 Vastatae
3792 2856 3963 2921 sunt

867 2976 1100 3044 autem
1157 2992 1236 3043 eo
1291 2971 1509 3060 belle,
1569 2972 1892 3044 incensae
1948 2976 2158 3063 atque
2233 2971 2545 3061 direptae
2600 2970 3022 3063 insigniores
3096 2971 3365 3043 Slesiae
3428 2970 3788 3055 civitateS‚
3856 2970 3961 3041 vi-

868 3092 1151 3164 delicet:
1209 3091 1429 3163 Maior
1483 3090 1857 3183 Glogovia,
1915 3091 2379 3182 Falkemberg
2418 3092 2495 3179 ¹),
2554 3091 3019 3182 Czegenhalsz
3050 3088 3135 3180 ²),
3196 3091 3545 3181 weydna,
3603 3092 3963 3174 Paczkow,

869 3212 1266 3303 Kamyencz
1291 3209 1376 3299 3),
1417 3211 1854 3297 Henrichow,
1895 3211 2381 3283 Frankensten
2414 3212 2499 3299 4),
2559 3212 2816 3301 Brega‚
2858 3209 3068 3300 Opol,
3108 3211 3380 3281 Kanthi
3410 3210 3496 3298 5),
3536 3209 3963 3296 Newmarkt,

869 3332 1210 3421 Heynow;
1265 3330 1688 3403 monasteria
1741 3330 2029 3421 insuper
2083 3333 2153 3402 et
2208 3331 2361 3401 loca
2416 3350 2642 3417 sacra,
2705 3332 2921 3402 fracta
2959 3334 3030 3403 et
3066 3329 3321 3401 diruta.
3380 3332 3566 3401 Ante
3602 3329 3965 3401 civitatem

869 3470 1142 3541 quoque
1197 3449 1852 3523 wratislaviensem
1908 3449 2413 3521 haereticorum
2474 3450 2823 3522 exercitus
2880 3448 3234 3537 constitit,
3292 3454 3363 3521 et
3418 3449 3665 3520 multis
3705 3449 3961 3521 incom-

870 3570 1093 3642 modis
1150 3570 1511 3644 civitatem
1567 3570 1921 3662 affligens,
1981 3570 2132 3641 eius
2190 3590 2465 3661 quoque
2522 3569 2859 3641 suburbia
2914 3568 3211 3641 exussit.

872 3927 1164 3999 cestrum
1225 3912 1584 4017 Golub'yecz
1631 3941 1672 3999 a
1717 3922 2121 4017 Sigismunde
2182 3922 2603 4013 Romanorum
2650 3926 2719 3998 et
2764 3922 3126 4017 nungariae
3183 3922 3357 4015 Rege
3412 3922 3533 3997 emi
3577 3925 3966 4011 recusatum,

874 4065 911 4117 a
957 4048 1174 4118 'furcis
1233 4047 1564 4119 duodecim
1621 4048 1903 4119 millibus
1961 4048 2345 4119 florenorum
2404 4034 2831 4137 eomparatur.
2893 4047 3070 4123 duod
3130 4064 3270 4117 curn
3332 4046 3777 4135 Sigismundus
3828 4046 3965 4116 Rex

873 4168 1306 4256 oppugnaret,
1366 4166 1582 4237 'furcis
1629 4185 1770 4238 curu
1816 4168 2108 4238 exercitu
2169 4168 2417 4238 auxilie
2469 4168 2608 4238 suis
2652 4167 3100 4253 venientibus,
3164 4167 3521 4238 exereitum
3561 4168 3633 4237 in
3677 4165 3966 4253 rtansyl-

873 4286 1132 4359 veniam
1177 4286 1455 4372 reducit,
1501 4286 1761 4357 emissis
1805 4287 2164 4372 nonnullis,
2210 4287 2385 4358 inter
2430 4304 2591 4375 quos
2624 4290 2694 4358 et
2724 4286 3077 4357 zavisaius
3120 4288 3303 4378 niger
3346 4288 3428 4359 de
3470 4286 3743 4357 Garbev
3782 4286 3967 4357 miles

2145 4406 2445 4495 egregius
2489 4407 2704 4496 periit.

1081 4653 1578 4749 sigismundus
1634 4654 2106 4729 Romanorum
2162 4661 2234 4730 et
2288 4654 2697 4751 Hungariae
2760 4656 2915 4733 Rex
2972 4654 3232 4733 crebris
3288 4654 3611 4751 epistolis
3668 4662 3740 4732 et·
3792 4666 3965 4731 ‘nun-

876 4775 998 4849 tiis
1054 4777 1342 4849 Martini
1395 4778 1626 4868 Papae
1683 4775 1914 4867 quinti
1951 4775 2386 4865 solicitatuS,
2442 4783 2525 4850 ut
2562 4780 2758 4852 velut
2795 4780 3175 4853 advocatus
3214 4779 3580 4867 ecclesiae,
3630 4778 3705 4850 in
3746 4778 3965 4851 Bohe-

875 4916 1024 4969 mos
1079 4898 1497 4985 haercticoS,
1557 4896 1921 4969 ecclesiam
1981 4897 2109 4969 Dei
2164 4898 2501 4988 pestifero
2540 4900 2860 4991 dogmate
2896 4906 2968 4972 et
3005 4899 3245 4972 fideles
3282 4897 3721 4971 Christianos
3760 4893 3965 4970 armis

878 5017 1324 5105 infestanteS,
1385 5020 1866 5108 consurgeret,
1927 5022 1997 5088 ot
2051 5017 2336 5089 illorum
2392 5020 2507 5091 vel
2560 5017 2949 5091 reductioni
2996 5020 3110 5091 vel
3146 5017 3567 5091 exterminio
3624 5016 3967 5091 solicitam

1097 5286 1140 5367 ¹)
1189 5288 1629 5364 Falkernbargk
1677 5284 1828 5350 Cocl.
1875 5286 2051 5349 Kost.
2099 5286 2152 5367 ²)
2200 5290 2603 5351 Ozehenholcz
2648 5284 2801 5351 Cod.
2832 5284 3008 5351 Kost.
3074 5288 3125 5367 ³)
3170 5290 3571 5367 Kamienyecz
3615 5286 3743 5351 Ed.
3791 5284 3971 5371 Lips.

882 5390 934 5477 ⁴)
981 5390 1416 5451 Frankenstein
1466 5385 1616 5452 Cod.
1662 5388 1839 5453 Kost.
1890 5389 1944 5469 ⁵)
1988 5392 2193 5468 Kenty
2241 5387 2393 5454 Cod.
2438 5390 2616 5455 Kost.
2662 5394 2807 5471 thi
2852 5390 2977 5454 Ed.
3026 5390 3206 5476 Lips.
