4342 6384
387 585 521 684 (Α.
563 583 653 660 D.
696 581 954 682 1422.)
1554 606 1781 658 mmm
1833 603 2291 658 annuemus,
3228 563 3232 566 ’
3331 579 3480 651 309

386 792 479 864 ad
531 790 732 864 illam
786 794 1162 863 venturum
1217 789 1569 882 obligant,
1636 810 1719 861 ea
1772 787 1983 861 etiam
2023 789 2075 877 ι)
2130 786 2526 860 conditione
2590 785 2947 879 apposita,
3013 787 3093 856 ut
3147 783 3484 876 Magister

390 915 461 984 et
515 911 697 984 Ordo
744 909 1076 983 Prussiae
1114 931 1279 982 suos
1325 909 1414 982 ad
1464 909 1766 981 diaetam
1821 907 2226 980 huiusmodi
2279 907 2596 995 nuntios,
2651 909 2927 998 plenam
2985 903 3484 978 authoritatem

387 1031 755 1118 habentes,
814 1029 1283 1117 transmittat,
1338 1050 1579 1120 pacem
1632 1032 2042 1121 perpetuam
2098 1027 2283 1120 apud
2337 1027 2566 1102 Melno
2623 1025 3009 1099 ordinatam
3057 1045 3238 1097 nova
3271 1023 3480 1116 polli-

274 1132 283 1137 ’
389 1150 727 1224 citatione
780 1152 1181 1222 firmaturos
1212 1147 1298 1240 2).

1068 1453 1073 1458 .
1122 1449 1419 1577 nicolaus
1466 1505 1986 1595 archiepiscopus
2030 1505 2429 1577 (lucanensis
2471 1505 2760 1576 moritur.

597 1752 935 1824 Nicolans
992 1751 1422 1824 Gnesnensis
1479 1751 2079 1842 archiepiscopus,
2139 1751 2426 1824 assidua
2479 1751 2918 1856 aegritudine
2972 1749 3231 1824 sensim
3270 1771 3480 1822 vexa-

392 1877 543 1960 tus,
602 1892 739 1963 qua
793 1893 932 1943 non
988 1872 1342 1958 obstante,
1403 1871 1743 1943 instantia
1798 1871 2016 1962 Regis
2066 1875 2137 1944 et
2185 1871 2745 1944 consiliariorum
2800 1871 3153 1958 devictus,
3210 1869 3286 1941 in
3321 1890 3480 1942 con·

390 1992 791 2064 ventionem
846 2012 1003 2063 cum
1058 1990 1418 2090 Hungaris
1472 2012 1595 2083 pro
1653 1990 1765 2063 die
1820 1991 2064 2064 Sancti
2101 1991 2426 2064 Andreae
2473 1992 2841 2065 tenendam
2879 1991 2980 2064 ire
3015 1991 3482 2075 consenserat,

392 2133 643 2203 parum
696 2130 1170 2202 expavescens
1235 2112 1543 2183 futuram
1607 2115 1931 2198 mortem,
2001 2132 2208 2201 quam
2264 2131 2352 2183 ex
2407 2111 2812 2184 valetudine
2863 2109 3064 2202 gravi
3118 2131 3273 2182 eum
3327 2127 3481 2200 pre-

392 2235 655 2318 mente,
728 2229 1135 2322 priusquam
1208 2250 1296 2303 ex
1367 2230 1903 2322 Nyepolomicze
1976 2230 2524 2322 disgrederetur,
2589 2230 2774 2322 apud
2840 2231 3102 2322 Regem
3156 2233 3226 2302 et
3279 2228 3480 2301 baro-

394 2372 518 2423 nes
572 2350 1109 2422 denuntiaverat
1162 2349 1299 2422 sibi
1352 2349 1704 2440 portendi,
1763 2349 1837 2421 in
1877 2349 2053 2422 villa
2088 2348 2384 2438 Lubicz,
2444 2350 2912 2423 Sacramentis
2967 2347 3289 2422 omnibus
3325 2369 3482 2440 pro-

392 2475 713 2556 curatus,
781 2469 1111 2562 religiose
1176 2473 1247 2542 et
1308 2470 1585 2556 devote,
1652 2468 1827 2542 feria
1889 2468 2137 2559 quinta
2201 2468 2273 2540 in
2329 2468 2441 2540 die
2497 2469 2793 2541 Sancta-e
2857 2469 3238 2555 Barbarae,
3305 2468 3485 2540 alias

395 2594 647 2682 quarta
700 2588 1137 2677 DecembriS,
1194 2592 1415 2661 morte
1450 2588 1863 2679 absumptus
1902 2592 2031 2661 est.
2090 2588 2218 2659 Vir
2253 2587 2716 2680 plurimarum
2761 2587 3104 2661 virtutum
3141 2609 3391 2680 genere
3422 2586 3484 2677 ³)

392 2711 775 2801 perfectus,
833 2713 1101 2781 amator
1151 2709 1455 2800 patriae,
1513 2707 1715 2780 cuius
1744 2708 1809 2796 ⁴)
1863 2728 2114 2780 nomen
2168 2712 2239 2780 et
2289 2707 2584 2800 gloriam
2631 2707 2706 2779 in
2743 2706 3039 2781 Parisiis
3095 2708 3279 2798 apud
3317 2707 3482 2780 Gal·

392 2832 621 2902 lorum
675 2832 955 2922 gentem
1010 2832 1079 2901 et
1132 2827 1209 2900 in
1261 2827 1780 2901 constantiensi
1834 2827 2145 2901 Concilio
2211 2829 2396 2919 apud
2459 2828 2694 2900 orbem
2745 2826 3156 2899 universum
3209 2828 3482 2900 extule-

392 2954 537 3038 rat,
594 2952 995 3036 ornaverat,
1051 2949 1655 3042 magnificaverat,
1722 2947 1884 3038 pius
1939 2947 2014 3020 in
2070 2969 2338 3035 omneS,
2394 2946 2710 3020 liberalis
2766 2951 2836 3019 et
2889 2947 3261 3019 munificus
3293 2946 3355 3036 5)
3407 2947 3482 3018 in

398 3092 687 3164 egenm,
754 3073 1007 3142 natura
1070 3075 1475 3143 mansuetus
1532 3073 1601 3141 et
1655 3068 1997 3159 benignus
2027 3067 2115 3155 ⁶).
2189 3069 2299 3140 Ex
2355 3066 2616 3140 Lubicz
2682 3085 2932 3156 corpus
2999 3065 3148 3138 eius
3203 3087 3326 3157 per
3380 3068 3480 3137 fa-

396 3191 709 3264 miliares
774 3211 937 3262 suos
955 3245 971 3278 ,
1038 3189 1161 3281 qui
1224 3187 1631 3261 charissimo
1686 3187 1893 3260 illum
1926 3188 1985 3276 7)
2040 3187 2554 3260 venerabantur
2613 3185 2896 3274 affectu,
2965 3185 3314 3258 Gnesnam
3369 3186 3482 3258 de-

396 3312 685 3385 ductum
740 3313 847 3382 est
902 3313 971 3383 et
1023 3309 1099 3380 in
1152 3307 1401 3380 maiori
1455 3307 1845 3380 Gnesnensi
1910 3306 2206 3381 ecclesia
2269 3309 2430 3378 ante
2495 3306 2942 3397 sepulchrum
3005 3304 3212 3377 Beati
3266 3305 3481 3378 Adal-

396 3431 579 3505 berti
638 3431 825 3502 iusto
890 3430 1146 3501 honore
1208 3428 1612 3499 mandatum
1678 3427 2106 3518 sepulturae.
2193 3425 2391 3498 Sedit
2453 3447 2670 3498 annos
2735 3425 3143 3513 duodecem,
3211 3446 3482 3498 menses

396 3555 686 3642 septem.
742 3547 1095 3622 Ecclesiae
1149 3547 1558 3639 collegiatae
1612 3545 1910 3619 Sanctae
1964 3545 2225 3618 Mariae
2278 3547 2364 3618 de
2402 3545 2640 3632 Ruda,
2696 3544 2772 3616 in
2827 3543 3190 3618 ecclesiam
3246 3543 3487 3618 Sancti

396 3668 761 3742 Michaelis
813 3667 889 3739 111
943 3667 1250 3758 Wyelun
1277 3665 1364 3755 ε1),
1422 3666 1621 3737 velut
1673 3663 1749 3736 in
1802 3666 2033 3738 locum
2088 3664 2314 3757 magis
2367 3665 2736 3737 honestum
2793 3667 2862 3737 et
2898 3664 3200 3752 cultum,
3257 3667 3483 3734 trans-

395 3790 610 3876 lator3
664 3787 925 3859 nobilis
976 3806 1257 3879 genere,
1314 3785 1401 3858 de
1454 3785 1653 3857 domo
1710 3788 1781 3857 et
1834 3783 2105 3856 familia
2158 3785 2543 3871 Tubarum,
2601 3788 2744 3857 tres
2800 3783 3004 3855 tubas
3059 3803 3182 3874 pro
3221 3781 3484 3874 insigni

397 3909 754 3980 deferente
784 3904 871 3994 ⁹),
929 3925 1016 3978 ex
1070 3909 1269 3996 patre
1323 3903 1705 3978 Wilhelmo
1762 3909 1832 3978 et
1886 3907 2105 3976 matre
2161 3903 2563 3990 Elisabeth,
2620 3903 2732 3976 vir
2785 3907 3098 3976 staturae
3151 3903 3379 3975 iustae
3416 3905 3487 3974 et

396 4047 719 4119 procerae
756 4025 868 4114 ¹⁰),
926 4025 1182 4117 capillo
1238 4031 1308 4098 et
1362 4025 1588 4098 colore
1641 4023 1873 4117 nigre,
1931 4045 2008 4096 eo
2064 4023 2276 4096 etiam
2331 4023 2633 4097 facinore
2673 4023 2760 4112 ¹¹)
2815 4022 3000 4114 apud
3047 4025 3482 4113 praesentem

399 4151 471 4220 et
522 4149 942 4238 postremam
1004 4147 1301 4218 aetatem
1368 4144 1851 4232 celebrandus,
1928 4143 2114 4235 quod
2177 4142 2552 4235 collegium
2615 4141 3240 4215 mansionariorum
3297 4142 3484 4234 apud

399 4267 873 4339 Gnesnensem
928 4263 1293 4337 ecclesiam
1344 4261 1615 4354 primus
1669 4261 1986 4334 instituit
2022 4267 2094 4335 et
2130 4262 2214 4334 de
2250 4260 2538 4335 decimis
2595 4282 2871 4334 mensae
2925 4260 3478 4353 archiepiscopa-

406 4385 499 4457 lis
553 4383 847 4457 dotavit.
905 4383 1116 4456 Cuius
1171 4382 1402 4455 virtus
1455 4382 1529 4454 in
1584 4382 1889 4456 Concilio
1946 4381 2466 4456 constantiensi
2512 4382 2680 4454 adeo
2718 4381 3008 4473 vulgata
3044 4386 3223 4469 erat,
3281 4388 3362 4453 ut
3398 4382 3486 4454 ad

400 4507 765 4578 Summum
818 4502 1267 4576 Pontificium
1314 4523 1357 4573 a
1391 4501 1747 4593 plerisque
1791 4502 2767 4592 electoribusdeposceretur.
2827 4500 2959 4591 Qui
2998 4501 3209 4574 etiam
3245 4501 3332 4574 ab
3372 4522 3484 4574 eo-

396 4626 553 4698 dem
609 4623 915 4697 Concilio
971 4621 1489 4695 Constantiensi
1541 4622 1913 4715 privilegio
1969 4621 2430 4694 Primatiatus
2487 4622 2801 4708 obtent0,
2870 4621 3234 4694 ecclesiam
3289 4643 3487 4694 suam

398 4745 872 4818 Gnesnensem
925 4740 1378 4834 insigniorem
1432 4742 1765 4828 reddidit,
1821 4741 2230 4833 primusque
2286 4761 2360 4814 se
2415 4740 2598 4813 inter
2651 4741 3092 4814 Gn'esnenses
3142 4739 3483 4831 archiepi-

614 5049 661 5130 ¹)
708 5051 921 5112 etenim
966 5047 1093 5110 Ed.
1139 5047 1320 5132 Lips.
1369 5045 1422 5129 ²)
1466 5049 1743 5109 facturos.
1800 5046 1952 5111 C'ocl.
1999 5045 2191 5110 Rozr.
2241 5045 2293 5126 ³)
2337 5067 2515 5124 opere
2557 5043 2685 5108 Ed.
2730 5044 2911 5128 Lips.
2960 5042 3014 5122 ⁴)
3059 5050 3126 5105 ut
3153 5050 3291 5122 pote
3321 5046 3489 5106 euius

401 5149 554 5217 Cod.
599 5150 794 5215 Rozr.
860 5149 911 5231 ⁵)
958 5153 1265 5214 munificus
1327 5157 1387 5212 et
1444 5152 1735 5228 benignus
1793 5149 1921 5213 Ed.
1970 5148 2151 5232 Lips.
2216 5148 2268 5224 ⁶)
2313 5151 2586 5210 affabilis.
2631 5146 2759 5210 Ed.
2805 5146 2987 5231 Lips.
3052 5143 3102 5226 ⁷)
3153 5166 3286 5208 eum
3334 5143 3487 5209 cod.

395 5253 591 5321 Rozr.
640 5255 699 5336 Β)
724 5257 983 5317 Wieliun
1012 5253 1142 5318 Ed.
1171 5253 1354 5338 Lips.
1412 5253 1466 5334 ⁹)
1497 5254 1883 5315 deferentium
1918 5249 2070 5316 Cod.
2108 5249 2284 5315 Calv.
2327 5250 2407 5332 ¹⁰)
2438 5253 2789 5332 procerioris
2818 5249 2944 5314 Ed.
2976 5248 3159 5336 Lips.
3203 5249 3280 5331 ¹¹)
3312 5268 3491 5330 opere

402 5354 555 5422 Cod.
598 5355 792 5420 Rozr.
