<?xml version="1.0" encoding="UTF-8"?>
<!DOCTYPE html PUBLIC "-//W3C//DTD XHTML 1.0 Transitional//EN"
    "http://www.w3.org/TR/xhtml1/DTD/xhtml1-transitional.dtd">
<html xmlns="http://www.w3.org/1999/xhtml" xml:lang="en" lang="en">
 <head>
  <title>
</title>
<meta http-equiv="Content-Type" content="text/html;charset=utf-8" />
  <meta name='ocr-system' content='tesseract 3.04.00' />
  <meta name='ocr-capabilities' content='ocr_page ocr_carea ocr_par ocr_line ocrx_word'/>
</head>
<body>
  <div class='ocr_page' id='page_1' title='image "./dzieawszystkie00unkngoog_0275.png"; bbox 0 0 4342 6384; ppageno 0'>
   <div class='ocr_carea' id='block_1_1' title="bbox 865 559 3975 665">
    <p class='ocr_par' dir='ltr' id='par_1_1' title="bbox 865 559 3975 665">
     <span class='ocr_line' id='line_1_1' title="bbox 865 559 3975 665; baseline 0 -25"><span class='ocrx_word' id='word_1_1' title='bbox 865 563 1014 641; x_wconf 81' lang='lat'>264</span> <span class='ocrx_word' id='word_1_2' title='bbox 2049 583 2277 642; x_wconf 72' lang='lat' dir='ltr'>menn</span> <span class='ocrx_word' id='word_1_3' title='bbox 2329 575 2789 642; x_wconf 71' lang='lat' dir='ltr'>unnsc&#39;mus.</span> <span class='ocrx_word' id='word_1_4' title='bbox 3398 560 3529 665; x_wconf 87' lang='grc' dir='ltr'>(Α.</span> <span class='ocrx_word' id='word_1_5' title='bbox 3568 564 3663 640; x_wconf 83' lang='lat' dir='ltr'>D.</span> <span class='ocrx_word' id='word_1_6' title='bbox 3703 559 3975 663; x_wconf 74' lang='lat'><strong>1420.)</strong></span> 
     </span>
    </p>
   </div>
   <div class='ocr_carea' id='block_1_2' title="bbox 847 772 3975 1226">
    <p class='ocr_par' dir='ltr' id='par_1_2' title="bbox 847 772 3975 1226">
     <span class='ocr_line' id='line_1_2' title="bbox 847 772 3975 867; baseline -0.001 -20"><span class='ocrx_word' id='word_1_7' title='bbox 847 779 1082 862; x_wconf 86' lang='lat' dir='ltr'>·tect0‚</span> <span class='ocrx_word' id='word_1_8' title='bbox 1139 773 1215 846; x_wconf 91' lang='lat' dir='ltr'>in</span> <span class='ocrx_word' id='word_1_9' title='bbox 1267 794 1391 866; x_wconf 88' lang='lat' dir='ltr'>spe</span> <span class='ocrx_word' id='word_1_10' title='bbox 1445 773 1643 862; x_wconf 89' lang='lat' dir='ltr'>illos,</span> <span class='ocrx_word' id='word_1_11' title='bbox 1701 773 1928 866; x_wconf 86' lang='lat' dir='ltr'>quoad</span> <span class='ocrx_word' id='word_1_12' title='bbox 1981 777 2247 866; x_wconf 89' lang='lat' dir='ltr'>potest,</span> <span class='ocrx_word' id='word_1_13' title='bbox 2306 773 2674 860; x_wconf 79' lang='lat' dir='ltr'>distineat,</span> <span class='ocrx_word' id='word_1_14' title='bbox 2721 778 2804 846; x_wconf 88' lang='lat' dir='ltr'>ut</span> <span class='ocrx_word' id='word_1_15' title='bbox 2842 772 3337 867; x_wconf 71' lang='lat' dir='ltr'>sigismundus</span> <span class='ocrx_word' id='word_1_16' title='bbox 3376 775 3853 846; x_wconf 85' lang='lat' dir='ltr'>Romanorum</span> <span class='ocrx_word' id='word_1_17' title='bbox 3894 777 3975 845; x_wconf 89' lang='lat' dir='ltr'>et</span> 
     </span>
     <span class='ocr_line' id='line_1_3' title="bbox 865 889 3973 988; baseline -0 -22"><span class='ocrx_word' id='word_1_18' title='bbox 865 889 1270 988; x_wconf 87' lang='lat' dir='ltr'>Hungariae</span> <span class='ocrx_word' id='word_1_19' title='bbox 1323 894 1514 984; x_wconf 81' lang='lat' dir='ltr'>Rex,</span> <span class='ocrx_word' id='word_1_20' title='bbox 1569 894 1798 966; x_wconf 88' lang='lat' dir='ltr'>hostis</span> <span class='ocrx_word' id='word_1_21' title='bbox 1851 913 1976 986; x_wconf 87' lang='lat' dir='ltr'>pro</span> <span class='ocrx_word' id='word_1_22' title='bbox 2031 915 2114 968; x_wconf 88' lang='lat' dir='ltr'>ea</span> <span class='ocrx_word' id='word_1_23' title='bbox 2165 898 2585 986; x_wconf 86' lang='lat' dir='ltr'>tempestate</span> <span class='ocrx_word' id='word_1_24' title='bbox 2630 893 2931 968; x_wconf 86' lang='lat' dir='ltr'>infestus</span> <span class='ocrx_word' id='word_1_25' title='bbox 2967 893 3303 967; x_wconf 89' lang='lat' dir='ltr'>Poloniae</span> <span class='ocrx_word' id='word_1_26' title='bbox 3339 899 3587 986; x_wconf 81' lang='lat' dir='ltr'>Regno</span> <span class='ocrx_word' id='word_1_27' title='bbox 3622 894 3973 980; x_wconf 85' lang='lat' dir='ltr'>creditus,</span> 
     </span>
     <span class='ocr_line' id='line_1_4' title="bbox 862 1012 3975 1108; baseline -0 -22"><span class='ocrx_word' id='word_1_28' title='bbox 862 1036 952 1087; x_wconf 91' lang='lat' dir='ltr'>eo.</span> <span class='ocrx_word' id='word_1_29' title='bbox 997 1014 1408 1088; x_wconf 86' lang='lat' dir='ltr'>stimulatus</span> <span class='ocrx_word' id='word_1_30' title='bbox 1461 1034 1808 1102; x_wconf 86' lang='lat' dir='ltr'>remorsu,</span> <span class='ocrx_word' id='word_1_31' title='bbox 1863 1013 2218 1089; x_wconf 76' lang='lat' dir='ltr'>desineret</span> <span class='ocrx_word' id='word_1_32' title='bbox 2272 1019 2417 1090; x_wconf 88' lang='lat' dir='ltr'>tam</span> <span class='ocrx_word' id='word_1_33' title='bbox 2472 1013 2768 1088; x_wconf 78' lang='lat' dir='ltr'><strong>licenter</strong></span> <span class='ocrx_word' id='word_1_34' title='bbox 2820 1015 2895 1087; x_wconf 91' lang='lat' dir='ltr'>in</span> <span class='ocrx_word' id='word_1_35' title='bbox 2948 1014 3179 1108; x_wconf 85' lang='lat' dir='ltr'>Regni</span> <span class='ocrx_word' id='word_1_36' title='bbox 3231 1012 3570 1087; x_wconf 88' lang='lat' dir='ltr'>Poloniae</span> <span class='ocrx_word' id='word_1_37' title='bbox 3626 1013 3975 1088; x_wconf 80' lang='lat' dir='ltr'>offensam</span> 
     </span>
     <span class='ocr_line' id='line_1_5' title="bbox 863 1155 1194 1226; baseline 0.012 -22"><span class='ocrx_word' id='word_1_38' title='bbox 863 1155 1194 1226; x_wconf 85' lang='lat' dir='ltr'>grassan.</span> 
     </span>
    </p>
   </div>
   <div class='ocr_carea' id='block_1_3' title="bbox 949 1484 3882 1579">
    <p class='ocr_par' dir='ltr' id='par_1_3' title="bbox 949 1484 3882 1579">
     <span class='ocr_line' id='line_1_6' title="bbox 949 1484 3882 1579; baseline -0 -19"><span class='ocrx_word' id='word_1_39' title='bbox 949 1487 1387 1562; x_wconf 62' lang='lat' dir='ltr'>limitatum</span> <span class='ocrx_word' id='word_1_40' title='bbox 1431 1487 1722 1560; x_wconf 73' lang='lat' dir='ltr'>haeresis</span> <span class='ocrx_word' id='word_1_41' title='bbox 1767 1488 1939 1578; x_wconf 70' lang='lat' dir='ltr'>apud</span> <span class='ocrx_word' id='word_1_42' title='bbox 1980 1484 2295 1562; x_wconf 66' lang='lat' dir='ltr'>Dokonos</span> <span class='ocrx_word' id='word_1_43' title='bbox 2336 1491 2499 1562; x_wconf 71' lang='lat' dir='ltr'>nata</span> <span class='ocrx_word' id='word_1_44' title='bbox 2514 1543 2533 1576; x_wconf 87' lang='lat'>,</span> <span class='ocrx_word' id='word_1_45' title='bbox 2576 1505 2691 1578; x_wconf 78' lang='lat' dir='ltr'>por</span> <span class='ocrx_word' id='word_1_46' title='bbox 2727 1488 3075 1562; x_wconf 73' lang='lat' dir='ltr'>iohannem</span> <span class='ocrx_word' id='word_1_47' title='bbox 3118 1489 3397 1562; x_wconf 75' lang='lat' dir='ltr'>zisohka</span> <span class='ocrx_word' id='word_1_48' title='bbox 3438 1488 3882 1579; x_wconf 69' lang='lat' dir='ltr'>appu-im.</span> 
     </span>
    </p>
   </div>
   <div class='ocr_carea' id='block_1_4' title="bbox 864 1733 3991 3026">
    <p class='ocr_par' dir='ltr' id='par_1_4' title="bbox 864 1733 3991 3026">
     <span class='ocr_line' id='line_1_7' title="bbox 1070 1733 3975 1828; baseline -0 -23"><span class='ocrx_word' id='word_1_49' title='bbox 1070 1735 1186 1806; x_wconf 88' lang='lat' dir='ltr'>Ad</span> <span class='ocrx_word' id='word_1_50' title='bbox 1236 1733 1504 1826; x_wconf 86' lang='lat' dir='ltr'>priscas</span> <span class='ocrx_word' id='word_1_51' title='bbox 1561 1735 2022 1808; x_wconf 88' lang='lat' dir='ltr'>Bohemorum</span> <span class='ocrx_word' id='word_1_52' title='bbox 2077 1737 2404 1809; x_wconf 87' lang='lat' dir='ltr'>haereses</span> <span class='ocrx_word' id='word_1_53' title='bbox 2422 1791 2439 1825; x_wconf 90' lang='lat'>,</span> <span class='ocrx_word' id='word_1_54' title='bbox 2497 1735 2639 1808; x_wconf 91' lang='lat' dir='ltr'>alia</span> <span class='ocrx_word' id='word_1_55' title='bbox 2692 1736 2888 1828; x_wconf 89' lang='lat' dir='ltr'>prius</span> <span class='ocrx_word' id='word_1_56' title='bbox 2944 1735 3295 1822; x_wconf 88' lang='lat' dir='ltr'>inaudita,</span> <span class='ocrx_word' id='word_1_57' title='bbox 3362 1735 3493 1807; x_wconf 86' lang='lat' dir='ltr'>sub</span> <span class='ocrx_word' id='word_1_58' title='bbox 3546 1733 3661 1806; x_wconf 86' lang='lat' dir='ltr'>his</span> <span class='ocrx_word' id='word_1_59' title='bbox 3714 1733 3975 1806; x_wconf 88' lang='lat' dir='ltr'>diebus</span> 
     </span>
     <span class='ocr_line' id='line_1_8' title="bbox 864 1853 3975 1949; baseline -0.001 -21"><span class='ocrx_word' id='word_1_60' title='bbox 864 1853 1172 1928; x_wconf 80' lang='lat' dir='ltr'><strong>emersit.</strong></span> <span class='ocrx_word' id='word_1_61' title='bbox 1227 1854 1567 1928; x_wconf 87' lang='lat' dir='ltr'>Picardus</span> <span class='ocrx_word' id='word_1_62' title='bbox 1607 1855 1660 1944; x_wconf 86' lang='lat'>¹)</span> <span class='ocrx_word' id='word_1_63' title='bbox 1719 1855 2002 1947; x_wconf 87' lang='lat' dir='ltr'>quidam</span> <span class='ocrx_word' id='word_1_64' title='bbox 2061 1875 2150 1930; x_wconf 84' lang='lat' dir='ltr'>ex</span> <span class='ocrx_word' id='word_1_65' title='bbox 2190 1856 2429 1930; x_wconf 78' lang='lat' dir='ltr'>Gallia</span> <span class='ocrx_word' id='word_1_66' title='bbox 2464 1856 2755 1949; x_wconf 75' lang='lat' dir='ltr'>Belgica</span> <span class='ocrx_word' id='word_1_67' title='bbox 2788 1857 2863 1928; x_wconf 91' lang='lat' dir='ltr'>in</span> <span class='ocrx_word' id='word_1_68' title='bbox 2903 1855 3311 1928; x_wconf 90' lang='lat' dir='ltr'>Bohemiam</span> <span class='ocrx_word' id='word_1_69' title='bbox 3349 1853 3781 1946; x_wconf 81' lang='lat' dir='ltr'>penetravit,</span> <span class='ocrx_word' id='word_1_70' title='bbox 3842 1853 3975 1944; x_wconf 87' lang='lat' dir='ltr'>qui</span> 
     </span>
     <span class='ocr_line' id='line_1_9' title="bbox 865 1972 3974 2067; baseline -0.001 -21"><span class='ocrx_word' id='word_1_71' title='bbox 865 1972 1272 2066; x_wconf 78' lang='lat' dir='ltr'>praestigiis</span> <span class='ocrx_word' id='word_1_72' title='bbox 1327 1973 1748 2067; x_wconf 84' lang='lat' dir='ltr'>quibusdam</span> <span class='ocrx_word' id='word_1_73' title='bbox 1803 1974 2114 2048; x_wconf 82' lang='lat' dir='ltr'>virorum</span> <span class='ocrx_word' id='word_1_74' title='bbox 2167 1980 2241 2048; x_wconf 91' lang='lat' dir='ltr'>et</span> <span class='ocrx_word' id='word_1_75' title='bbox 2294 1975 2667 2048; x_wconf 75' lang='lat' dir='ltr'>mulierum</span> <span class='ocrx_word' id='word_1_76' title='bbox 2722 1974 2861 2048; x_wconf 90' lang='lat' dir='ltr'>sibi</span> <span class='ocrx_word' id='word_1_77' title='bbox 2913 1973 3189 2067; x_wconf 89' lang='lat' dir='ltr'>plebem</span> <span class='ocrx_word' id='word_1_78' title='bbox 3242 1972 3663 2062; x_wconf 88' lang='lat' dir='ltr'>concilians,</span> <span class='ocrx_word' id='word_1_79' title='bbox 3725 1975 3799 2045; x_wconf 93' lang='lat' dir='ltr'>et</span> <span class='ocrx_word' id='word_1_80' title='bbox 3832 1995 3974 2044; x_wconf 92' lang='lat' dir='ltr'>nu·</span> 
     </span>
     <span class='ocr_line' id='line_1_10' title="bbox 867 2093 3969 2187; baseline -0.001 -21"><span class='ocrx_word' id='word_1_81' title='bbox 867 2095 992 2167; x_wconf 90' lang='lat' dir='ltr'>dos</span> <span class='ocrx_word' id='word_1_82' title='bbox 1047 2100 1384 2187; x_wconf 89' lang='lat' dir='ltr'>utrosque</span> <span class='ocrx_word' id='word_1_83' title='bbox 1439 2094 1758 2169; x_wconf 78' lang='lat' dir='ltr'>incedere</span> <span class='ocrx_word' id='word_1_84' title='bbox 1814 2095 2096 2185; x_wconf 91' lang='lat' dir='ltr'>iubens,</span> <span class='ocrx_word' id='word_1_85' title='bbox 2153 2095 2523 2169; x_wconf 87' lang='lat' dir='ltr'>Adamitas</span> <span class='ocrx_word' id='word_1_86' title='bbox 2578 2095 2893 2183; x_wconf 83' lang='lat' dir='ltr'>vocavit,</span> <span class='ocrx_word' id='word_1_87' title='bbox 2950 2099 3022 2167; x_wconf 89' lang='lat' dir='ltr'>et</span> <span class='ocrx_word' id='word_1_88' title='bbox 3068 2115 3143 2167; x_wconf 90' lang='lat' dir='ltr'>se</span> <span class='ocrx_word' id='word_1_89' title='bbox 3180 2093 3407 2166; x_wconf 89' lang='lat' dir='ltr'>filium</span> <span class='ocrx_word' id='word_1_90' title='bbox 3445 2093 3579 2167; x_wconf 90' lang='lat' dir='ltr'>Dei</span> <span class='ocrx_word' id='word_1_91' title='bbox 3614 2113 3969 2180; x_wconf 86' lang='lat' dir='ltr'>asserens,</span> 
     </span>
     <span class='ocr_line' id='line_1_11' title="bbox 869 2213 3973 2308; baseline -0.001 -20"><span class='ocrx_word' id='word_1_92' title='bbox 869 2215 1096 2290; x_wconf 88' lang='lat' dir='ltr'>Adam</span> <span class='ocrx_word' id='word_1_93' title='bbox 1150 2215 1383 2289; x_wconf 84' lang='lat' dir='ltr'>vocari</span> <span class='ocrx_word' id='word_1_94' title='bbox 1435 2215 1672 2288; x_wconf 88' lang='lat' dir='ltr'>iussit.</span> <span class='ocrx_word' id='word_1_95' title='bbox 1730 2214 2225 2308; x_wconf 79' lang='lat' dir='ltr'>Gonnubiaque</span> <span class='ocrx_word' id='word_1_96' title='bbox 2278 2215 2381 2288; x_wconf 88' lang='lat' dir='ltr'>eis</span> <span class='ocrx_word' id='word_1_97' title='bbox 2434 2214 2863 2307; x_wconf 86' lang='lat' dir='ltr'>promiscua,</span> <span class='ocrx_word' id='word_1_98' title='bbox 2932 2234 3007 2287; x_wconf 91' lang='lat' dir='ltr'>se</span> <span class='ocrx_word' id='word_1_99' title='bbox 3071 2219 3305 2287; x_wconf 88' lang='lat' dir='ltr'>tamen</span> <span class='ocrx_word' id='word_1_100' title='bbox 3360 2213 3559 2306; x_wconf 90' lang='lat' dir='ltr'>prius</span> <span class='ocrx_word' id='word_1_101' title='bbox 3612 2214 3973 2300; x_wconf 86' lang='lat' dir='ltr'>consulto,</span> 
     </span>
     <span class='ocr_line' id='line_1_12' title="bbox 867 2332 3969 2428; baseline -0.001 -20"><span class='ocrx_word' id='word_1_102' title='bbox 867 2333 1223 2428; x_wconf 82' lang='lat' dir='ltr'>permisit:</span> <span class='ocrx_word' id='word_1_103' title='bbox 1277 2340 1488 2428; x_wconf 85' lang='lat' dir='ltr'>atque</span> <span class='ocrx_word' id='word_1_104' title='bbox 1533 2356 1693 2409; x_wconf 90' lang='lat' dir='ltr'>cum</span> <span class='ocrx_word' id='word_1_105' title='bbox 1746 2334 1860 2408; x_wconf 86' lang='lat' dir='ltr'>his</span> <span class='ocrx_word' id='word_1_106' title='bbox 1913 2334 2219 2408; x_wconf 87' lang='lat' dir='ltr'>insulam</span> <span class='ocrx_word' id='word_1_107' title='bbox 2274 2355 2476 2408; x_wconf 89' lang='lat' dir='ltr'>amne</span> <span class='ocrx_word' id='word_1_108' title='bbox 2532 2333 2955 2406; x_wconf 89' lang='lat' dir='ltr'>Luschnicio</span> <span class='ocrx_word' id='word_1_109' title='bbox 2986 2332 3049 2424; x_wconf 72' lang='grc'>2)</span> <span class='ocrx_word' id='word_1_110' title='bbox 3105 2333 3407 2407; x_wconf 89' lang='lat' dir='ltr'>cinctam</span> <span class='ocrx_word' id='word_1_111' title='bbox 3452 2334 3800 2421; x_wconf 90' lang='lat' dir='ltr'>incolens,</span> <span class='ocrx_word' id='word_1_112' title='bbox 3858 2333 3969 2405; x_wconf 81' lang='lat' dir='ltr'>vi-</span> 
     </span>
     <span class='ocr_line' id='line_1_13' title="bbox 869 2451 3991 2547; baseline 0 -20"><span class='ocrx_word' id='word_1_113' title='bbox 869 2454 1062 2528; x_wconf 87' lang='lat' dir='ltr'>cinos</span> <span class='ocrx_word' id='word_1_114' title='bbox 1115 2458 1429 2547; x_wconf 75' lang='lat' dir='ltr'>agrestes</span> <span class='ocrx_word' id='word_1_115' title='bbox 1483 2453 1814 2529; x_wconf 85' lang='lat' dir='ltr'>caedibus</span> <span class='ocrx_word' id='word_1_116' title='bbox 1849 2459 1920 2528; x_wconf 90' lang='lat' dir='ltr'>et</span> <span class='ocrx_word' id='word_1_117' title='bbox 1957 2453 2209 2547; x_wconf 90' lang='lat' dir='ltr'>spoliis</span> <span class='ocrx_word' id='word_1_118' title='bbox 2246 2453 2581 2528; x_wconf 72' lang='lat' dir='ltr'>lacessiit.</span> <span class='ocrx_word' id='word_1_119' title='bbox 2640 2455 2727 2526; x_wconf 90' lang='lat' dir='ltr'>In</span> <span class='ocrx_word' id='word_1_120' title='bbox 2764 2474 2939 2547; x_wconf 89' lang='lat' dir='ltr'>quos</span> <span class='ocrx_word' id='word_1_121' title='bbox 2978 2453 3276 2527; x_wconf 85' lang='lat' dir='ltr'>Zischka</span> <span class='ocrx_word' id='word_1_122' title='bbox 3306 2451 3391 2543; x_wconf 77' lang='lat'>³),</span> <span class='ocrx_word' id='word_1_123' title='bbox 3449 2453 3773 2546; x_wconf 79' lang='lat' dir='ltr'>quamvis</span> <span class='ocrx_word' id='word_1_124' title='bbox 3812 2473 3991 2540; x_wconf 79' lang='lat' dir='ltr'>sce-‚</span> 
     </span>
     <span class='ocr_line' id='line_1_14' title="bbox 865 2572 3976 2666; baseline 0 -20"><span class='ocrx_word' id='word_1_125' title='bbox 865 2575 1165 2664; x_wconf 75' lang='lat' dir='ltr'>leratuS,</span> <span class='ocrx_word' id='word_1_126' title='bbox 1223 2575 1454 2648; x_wconf 91' lang='lat' dir='ltr'>scelus</span> <span class='ocrx_word' id='word_1_127' title='bbox 1509 2579 1744 2647; x_wconf 87' lang='lat' dir='ltr'>tamen</span> <span class='ocrx_word' id='word_1_128' title='bbox 1797 2572 2334 2665; x_wconf 89' lang='lat' dir='ltr'>spurcissimum</span> <span class='ocrx_word' id='word_1_129' title='bbox 2380 2575 2801 2661; x_wconf 72' lang='lat' dir='ltr'>.exhorrenS‚</span> <span class='ocrx_word' id='word_1_130' title='bbox 2858 2573 3242 2648; x_wconf 86' lang='lat' dir='ltr'>exercitum</span> <span class='ocrx_word' id='word_1_131' title='bbox 3292 2573 3530 2646; x_wconf 83' lang='lat' dir='ltr'>duxit:</span> <span class='ocrx_word' id='word_1_132' title='bbox 3589 2574 3976 2666; x_wconf 75' lang='lat' dir='ltr'>insulaque</span> 
     </span>
     <span class='ocr_line' id='line_1_15' title="bbox 868 2692 3969 2787; baseline -0 -19"><span class='ocrx_word' id='word_1_133' title='bbox 868 2698 1300 2787; x_wconf 83' lang='lat' dir='ltr'>expugnata,</span> <span class='ocrx_word' id='word_1_134' title='bbox 1367 2693 1736 2766; x_wconf 87' lang='lat' dir='ltr'>Adamitas</span> <span class='ocrx_word' id='word_1_135' title='bbox 1803 2715 2040 2767; x_wconf 87' lang='lat' dir='ltr'>omnes</span> <span class='ocrx_word' id='word_1_136' title='bbox 2104 2692 2339 2787; x_wconf 87' lang='lat' dir='ltr'>gladio</span> <span class='ocrx_word' id='word_1_137' title='bbox 2394 2698 2465 2767; x_wconf 91' lang='lat' dir='ltr'>et</span> <span class='ocrx_word' id='word_1_138' title='bbox 2518 2693 2679 2786; x_wconf 86' lang='lat' dir='ltr'>igne</span> <span class='ocrx_word' id='word_1_139' title='bbox 2732 2693 3029 2782; x_wconf 86' lang='lat' dir='ltr'>delevit,</span> <span class='ocrx_word' id='word_1_140' title='bbox 3087 2694 3357 2766; x_wconf 89' lang='lat' dir='ltr'>duobus</span> <span class='ocrx_word' id='word_1_141' title='bbox 3410 2698 3687 2767; x_wconf 88' lang='lat' dir='ltr'>tautum</span> <span class='ocrx_word' id='word_1_142' title='bbox 3740 2715 3969 2767; x_wconf 88' lang='lat' dir='ltr'>reser-</span> 
     </span>
     <span class='ocr_line' id='line_1_16' title="bbox 867 2813 3963 2907; baseline 0 -21"><span class='ocrx_word' id='word_1_143' title='bbox 867 2815 1085 2904; x_wconf 81' lang='lat' dir='ltr'>vatis,</span> <span class='ocrx_word' id='word_1_144' title='bbox 1133 2835 1222 2888; x_wconf 83' lang='lat' dir='ltr'>ex</span> <span class='ocrx_word' id='word_1_145' title='bbox 1261 2815 1518 2906; x_wconf 90' lang='lat' dir='ltr'>quibus</span> <span class='ocrx_word' id='word_1_146' title='bbox 1552 2813 1786 2906; x_wconf 88' lang='lat' dir='ltr'>gentis</span> <span class='ocrx_word' id='word_1_147' title='bbox 1825 2813 2399 2905; x_wconf 83' lang='lat' dir='ltr'>superstitionem</span> <span class='ocrx_word' id='word_1_148' title='bbox 2434 2818 2912 2907; x_wconf 82' lang='lat' dir='ltr'>cognosceret3</span> <span class='ocrx_word' id='word_1_149' title='bbox 2966 2813 3278 2886; x_wconf 89' lang='lat' dir='ltr'>rideutos</span> <span class='ocrx_word' id='word_1_150' title='bbox 3307 2816 3370 2903; x_wconf 79' lang='lat'>⁴)</span> <span class='ocrx_word' id='word_1_151' title='bbox 3426 2818 3963 2904; x_wconf 66' lang='lat' dir='ltr'>mutantesque,</span> 
     </span>
     <span class='ocr_line' id='line_1_17' title="bbox 867 2933 3704 3026; baseline 0 -20"><span class='ocrx_word' id='word_1_152' title='bbox 867 2934 1032 3006; x_wconf 90' lang='lat' dir='ltr'>dum</span> <span class='ocrx_word' id='word_1_153' title='bbox 1087 2939 1562 3008; x_wconf 79' lang='lat' dir='ltr'>mactarentur</span> <span class='ocrx_word' id='word_1_154' title='bbox 1612 2939 1684 3007; x_wconf 89' lang='lat' dir='ltr'>et</span> <span class='ocrx_word' id='word_1_155' title='bbox 1737 2933 2302 3023; x_wconf 81' lang='lat' dir='ltr'>incenderentur,</span> <span class='ocrx_word' id='word_1_156' title='bbox 2362 2933 2775 3007; x_wconf 89' lang='lat' dir='ltr'>occisionem</span> <span class='ocrx_word' id='word_1_157' title='bbox 2830 2939 2902 3007; x_wconf 91' lang='lat' dir='ltr'>et</span> <span class='ocrx_word' id='word_1_158' title='bbox 2954 2933 3275 3008; x_wconf 88' lang='lat' dir='ltr'>incendia</span> <span class='ocrx_word' id='word_1_159' title='bbox 3326 2933 3704 3026; x_wconf 89' lang='lat' dir='ltr'>pertulere.</span> 
     </span>
    </p>
   </div>
   <div class='ocr_carea' id='block_1_5' title="bbox 919 3285 3912 3500">
    <p class='ocr_par' dir='ltr' id='par_1_5' title="bbox 919 3285 3912 3500">
     <span class='ocr_line' id='line_1_18' title="bbox 919 3285 3912 3393; baseline -0 -34"><span class='ocrx_word' id='word_1_160' title='bbox 919 3285 1366 3393; x_wconf 62' lang='lat' dir='ltr'>sigismundus</span> <span class='ocrx_word' id='word_1_161' title='bbox 1409 3287 1832 3360; x_wconf 70' lang='lat' dir='ltr'>munorum</span> <span class='ocrx_word' id='word_1_162' title='bbox 1877 3290 1949 3361; x_wconf 82' lang='lat' dir='ltr'>ot</span> <span class='ocrx_word' id='word_1_163' title='bbox 1989 3287 2352 3379; x_wconf 69' lang='lat' dir='ltr'>nugariae</span> <span class='ocrx_word' id='word_1_164' title='bbox 2396 3287 2565 3374; x_wconf 73' lang='lat' dir='ltr'>Rex,</span> <span class='ocrx_word' id='word_1_165' title='bbox 2612 3287 2816 3378; x_wconf 67' lang='lat' dir='ltr'>ruga</span> <span class='ocrx_word' id='word_1_166' title='bbox 2861 3288 3192 3360; x_wconf 75' lang='lat' dir='ltr'>obsidione</span> <span class='ocrx_word' id='word_1_167' title='bbox 3236 3287 3317 3360; x_wconf 74' lang='lat' dir='ltr'>ob</span> <span class='ocrx_word' id='word_1_168' title='bbox 3357 3287 3538 3359; x_wconf 76' lang='lat' dir='ltr'>illius</span> <span class='ocrx_word' id='word_1_169' title='bbox 3583 3286 3912 3378; x_wconf 58' lang='lat' dir='ltr'>cangia-</span> 
     </span>
     <span class='ocr_line' id='line_1_19' title="bbox 1303 3407 3531 3500; baseline 0 -19"><span class='ocrx_word' id='word_1_170' title='bbox 1303 3425 1346 3481; x_wconf 72' lang='grc' dir='ltr'><strong><em>ι</em></strong></span> <span class='ocrx_word' id='word_1_171' title='bbox 1389 3409 1667 3482; x_wconf 74' lang='lat' dir='ltr'>zisohka</span> <span class='ocrx_word' id='word_1_172' title='bbox 1708 3409 2058 3482; x_wconf 73' lang='lat' dir='ltr'>tuitionem</span> <span class='ocrx_word' id='word_1_173' title='bbox 2100 3409 2353 3496; x_wconf 77' lang='lat' dir='ltr'>soluta,</span> <span class='ocrx_word' id='word_1_174' title='bbox 2395 3409 2465 3480; x_wconf 85' lang='lat' dir='ltr'>in</span> <span class='ocrx_word' id='word_1_175' title='bbox 2509 3408 2745 3499; x_wconf 70' lang='lat' dir='ltr'>negem</span> <span class='ocrx_word' id='word_1_176' title='bbox 2788 3407 3128 3481; x_wconf 71' lang='lat' dir='ltr'>Bononiae</span> <span class='ocrx_word' id='word_1_177' title='bbox 3170 3409 3531 3500; x_wconf 69' lang='lat' dir='ltr'>iungitur.</span> 
     </span>
    </p>
   </div>
   <div class='ocr_carea' id='block_1_6' title="bbox 866 3652 3969 5082">
    <p class='ocr_par' dir='ltr' id='par_1_6' title="bbox 866 3652 3969 5082">
     <span class='ocr_line' id='line_1_20' title="bbox 1075 3652 3966 3750; baseline -0 -20"><span class='ocrx_word' id='word_1_178' title='bbox 1075 3655 1508 3750; x_wconf 85' lang='lat' dir='ltr'>Congregato</span> <span class='ocrx_word' id='word_1_179' title='bbox 1562 3655 1730 3730; x_wconf 87' lang='lat' dir='ltr'>forti</span> <span class='ocrx_word' id='word_1_180' title='bbox 1783 3660 1852 3730; x_wconf 92' lang='lat' dir='ltr'>et</span> <span class='ocrx_word' id='word_1_181' title='bbox 1907 3676 2275 3730; x_wconf 89' lang='lat' dir='ltr'>numeroso</span> <span class='ocrx_word' id='word_1_182' title='bbox 2340 3654 2654 3729; x_wconf 85' lang='lat' dir='ltr'>exercitu</span> <span class='ocrx_word' id='word_1_183' title='bbox 2708 3676 2797 3728; x_wconf 84' lang='lat' dir='ltr'>ex</span> <span class='ocrx_word' id='word_1_184' title='bbox 2854 3654 3071 3728; x_wconf 78' lang='lat' dir='ltr'>variis</span> <span class='ocrx_word' id='word_1_185' title='bbox 3134 3654 3465 3748; x_wconf 86' lang='lat' dir='ltr'>gentibus</span> <span class='ocrx_word' id='word_1_186' title='bbox 3519 3652 3966 3744; x_wconf 72' lang='lat' dir='ltr'>Almanniae‚</span> 
     </span>
     <span class='ocr_line' id='line_1_21' title="bbox 866 3775 3967 3871; baseline -0.001 -20"><span class='ocrx_word' id='word_1_187' title='bbox 866 3777 1274 3871; x_wconf 86' lang='lat' dir='ltr'>Hungariae</span> <span class='ocrx_word' id='word_1_188' title='bbox 1311 3781 1382 3850; x_wconf 90' lang='lat' dir='ltr'>et</span> <span class='ocrx_word' id='word_1_189' title='bbox 1419 3777 1720 3866; x_wconf 86' lang='lat' dir='ltr'>Slesiae,</span> <span class='ocrx_word' id='word_1_190' title='bbox 1781 3776 2276 3871; x_wconf 77' lang='lat' dir='ltr'>sigismundus</span> <span class='ocrx_word' id='word_1_191' title='bbox 2322 3777 2795 3850; x_wconf 87' lang='lat' dir='ltr'>Romanorum</span> <span class='ocrx_word' id='word_1_192' title='bbox 2834 3783 2905 3851; x_wconf 91' lang='lat' dir='ltr'>et</span> <span class='ocrx_word' id='word_1_193' title='bbox 2941 3777 3344 3870; x_wconf 85' lang='lat' dir='ltr'>Hungariae</span> <span class='ocrx_word' id='word_1_194' title='bbox 3382 3777 3538 3849; x_wconf 82' lang='lat' dir='ltr'>Rex</span> <span class='ocrx_word' id='word_1_195' title='bbox 3602 3796 3691 3849; x_wconf 83' lang='lat' dir='ltr'>ex</span> <span class='ocrx_word' id='word_1_196' title='bbox 3758 3775 3967 3850; x_wconf 85' lang='lat' dir='ltr'>Wra-</span> 
     </span>
     <span class='ocr_line' id='line_1_22' title="bbox 867 3895 3969 3991; baseline -0 -22"><span class='ocrx_word' id='word_1_197' title='bbox 867 3898 1158 3970; x_wconf 83' lang='lat' dir='ltr'>tislavia</span> <span class='ocrx_word' id='word_1_198' title='bbox 1221 3897 1406 3971; x_wconf 89' lang='lat' dir='ltr'>circa</span> <span class='ocrx_word' id='word_1_199' title='bbox 1469 3899 1726 3972; x_wconf 86' lang='lat' dir='ltr'>festum</span> <span class='ocrx_word' id='word_1_200' title='bbox 1789 3897 2032 3971; x_wconf 87' lang='lat' dir='ltr'>Sancti</span> <span class='ocrx_word' id='word_1_201' title='bbox 2086 3897 2425 3971; x_wconf 85' lang='lat' dir='ltr'>Iohannis</span> <span class='ocrx_word' id='word_1_202' title='bbox 2480 3897 2847 3989; x_wconf 84' lang='lat' dir='ltr'>Baptistae</span> <span class='ocrx_word' id='word_1_203' title='bbox 2914 3917 3271 3991; x_wconf 89' lang='lat' dir='ltr'>egressus,</span> <span class='ocrx_word' id='word_1_204' title='bbox 3328 3917 3453 3988; x_wconf 87' lang='lat' dir='ltr'>per</span> <span class='ocrx_word' id='word_1_205' title='bbox 3507 3895 3969 3970; x_wconf 76' lang='lat' dir='ltr'>Swidniczam</span> 
     </span>
     <span class='ocr_line' id='line_1_23' title="bbox 869 4016 3967 4111; baseline 0 -21"><span class='ocrx_word' id='word_1_206' title='bbox 869 4027 940 4090; x_wconf 92' lang='lat' dir='ltr'>et</span> <span class='ocrx_word' id='word_1_207' title='bbox 993 4018 1306 4090; x_wconf 79' lang='lat' dir='ltr'>Kloczko</span> <span class='ocrx_word' id='word_1_208' title='bbox 1361 4017 1596 4108; x_wconf 85' lang='lat' dir='ltr'>copias</span> <span class='ocrx_word' id='word_1_209' title='bbox 1651 4019 1944 4108; x_wconf 90' lang='lat' dir='ltr'>ducens,</span> <span class='ocrx_word' id='word_1_210' title='bbox 2003 4018 2076 4091; x_wconf 93' lang='lat' dir='ltr'>in</span> <span class='ocrx_word' id='word_1_211' title='bbox 2133 4017 2539 4092; x_wconf 90' lang='lat' dir='ltr'>Bohemiam</span> <span class='ocrx_word' id='word_1_212' title='bbox 2598 4017 3111 4111; x_wconf 85' lang='lat' dir='ltr'>expeditionem</span> <span class='ocrx_word' id='word_1_213' title='bbox 3168 4037 3383 4110; x_wconf 87' lang='lat' dir='ltr'>agens</span> <span class='ocrx_word' id='word_1_214' title='bbox 3404 4073 3421 4105; x_wconf 87' lang='lat'>,</span> <span class='ocrx_word' id='word_1_215' title='bbox 3488 4016 3791 4110; x_wconf 86' lang='lat' dir='ltr'>Pragam</span> <span class='ocrx_word' id='word_1_216' title='bbox 3846 4018 3967 4091; x_wconf 91' lang='lat' dir='ltr'>ob-</span> 
     </span>
     <span class='ocr_line' id='line_1_24' title="bbox 871 4121 3968 4230; baseline -0.001 -19"><span class='ocrx_word' id='word_1_217' title='bbox 871 4139 1129 4227; x_wconf 88' lang='lat' dir='ltr'>sidere,</span> <span class='ocrx_word' id='word_1_218' title='bbox 1205 4137 1452 4210; x_wconf 89' lang='lat' dir='ltr'>solerti</span> <span class='ocrx_word' id='word_1_219' title='bbox 1525 4121 1808 4230; x_wconf 86' lang='lat' dir='ltr'>quidem</span> <span class='ocrx_word' id='word_1_220' title='bbox 1831 4195 1848 4228; x_wconf 89' lang='lat'>‚</span> <span class='ocrx_word' id='word_1_221' title='bbox 1927 4140 2049 4214; x_wconf 91' lang='lat' dir='ltr'>sed</span> <span class='ocrx_word' id='word_1_222' title='bbox 2119 4159 2367 4230; x_wconf 85' lang='lat' dir='ltr'>parum</span> <span class='ocrx_word' id='word_1_223' title='bbox 2440 4158 2769 4230; x_wconf 88' lang='lat' dir='ltr'>prospero</span> <span class='ocrx_word' id='word_1_224' title='bbox 2842 4138 3169 4224; x_wconf 87' lang='lat' dir='ltr'>consilio,</span> <span class='ocrx_word' id='word_1_225' title='bbox 3248 4137 3477 4230; x_wconf 85' lang='lat' dir='ltr'>Praga</span> <span class='ocrx_word' id='word_1_226' title='bbox 3516 4136 3578 4226; x_wconf 80' lang='grc'>5)</span> <span class='ocrx_word' id='word_1_227' title='bbox 3654 4137 3968 4224; x_wconf 84' lang='lat' dir='ltr'>obtenta,</span> 
     </span>
     <span class='ocr_line' id='line_1_25' title="bbox 870 4256 3969 4351; baseline -0.001 -21"><span class='ocrx_word' id='word_1_228' title='bbox 870 4258 1077 4330; x_wconf 83' lang='lat' dir='ltr'>facile</span> <span class='ocrx_word' id='word_1_229' title='bbox 1131 4262 1438 4332; x_wconf 87' lang='lat' dir='ltr'>caeteras</span> <span class='ocrx_word' id='word_1_230' title='bbox 1493 4258 1820 4332; x_wconf 84' lang='lat' dir='ltr'>civitates</span> <span class='ocrx_word' id='word_1_231' title='bbox 1872 4279 1998 4351; x_wconf 90' lang='lat' dir='ltr'>per</span> <span class='ocrx_word' id='word_1_232' title='bbox 2051 4257 2479 4332; x_wconf 86' lang='lat' dir='ltr'>deditionem</span> <span class='ocrx_word' id='word_1_233' title='bbox 2516 4262 2929 4351; x_wconf 85' lang='lat' dir='ltr'>accepturus</span> <span class='ocrx_word' id='word_1_234' title='bbox 2959 4257 3048 4346; x_wconf 70' lang='grc' dir='ltr'>θ),</span> <span class='ocrx_word' id='word_1_235' title='bbox 3106 4257 3373 4348; x_wconf 88' lang='lat' dir='ltr'>coepi-t,</span> <span class='ocrx_word' id='word_1_236' title='bbox 3432 4257 3727 4347; x_wconf 86' lang='lat' dir='ltr'>eiusque</span> <span class='ocrx_word' id='word_1_237' title='bbox 3781 4256 3969 4329; x_wconf 89' lang='lat' dir='ltr'>obsi-</span> 
     </span>
     <span class='ocr_line' id='line_1_26' title="bbox 870 4376 3967 4470; baseline -0.001 -21"><span class='ocrx_word' id='word_1_238' title='bbox 870 4376 1148 4450; x_wconf 89' lang='lat' dir='ltr'>dionem</span> <span class='ocrx_word' id='word_1_239' title='bbox 1201 4397 1323 4452; x_wconf 84' lang='lat' dir='ltr'>sex</span> <span class='ocrx_word' id='word_1_240' title='bbox 1381 4377 1863 4467; x_wconf 88' lang='lat' dir='ltr'>hebdomadis,</span> <span class='ocrx_word' id='word_1_241' title='bbox 1917 4377 2392 4470; x_wconf 86' lang='lat' dir='ltr'>Pragensibus</span> <span class='ocrx_word' id='word_1_242' title='bbox 2445 4381 2687 4469; x_wconf 87' lang='lat' dir='ltr'>portas</span> <span class='ocrx_word' id='word_1_243' title='bbox 2742 4381 2946 4452; x_wconf 89' lang='lat' dir='ltr'>nocte</span> <span class='ocrx_word' id='word_1_244' title='bbox 3000 4381 3071 4450; x_wconf 89' lang='lat' dir='ltr'>et</span> <span class='ocrx_word' id='word_1_245' title='bbox 3114 4376 3423 4450; x_wconf 87' lang='lat' dir='ltr'>interdiu</span> <span class='ocrx_word' id='word_1_246' title='bbox 3460 4397 3599 4448; x_wconf 90' lang='lat' dir='ltr'>non</span> <span class='ocrx_word' id='word_1_247' title='bbox 3636 4376 3967 4448; x_wconf 82' lang='lat' dir='ltr'>clauden-</span> 
     </span>
     <span class='ocr_line' id='line_1_27' title="bbox 867 4493 3967 4590; baseline -0.001 -20"><span class='ocrx_word' id='word_1_248' title='bbox 867 4497 1094 4587; x_wconf 83' lang='lat' dir='ltr'>tibus,</span> <span class='ocrx_word' id='word_1_249' title='bbox 1154 4493 1690 4590; x_wconf 85' lang='lat' dir='ltr'>obsidentesque</span> <span class='ocrx_word' id='word_1_250' title='bbox 1753 4497 2108 4570; x_wconf 90' lang='lat' dir='ltr'>continuis</span> <span class='ocrx_word' id='word_1_251' title='bbox 2163 4502 2235 4571; x_wconf 91' lang='lat' dir='ltr'>et</span> <span class='ocrx_word' id='word_1_252' title='bbox 2288 4497 2613 4572; x_wconf 89' lang='lat' dir='ltr'>secundis</span> <span class='ocrx_word' id='word_1_253' title='bbox 2678 4495 3165 4590; x_wconf 88' lang='lat' dir='ltr'>eruptionibus</span> <span class='ocrx_word' id='word_1_254' title='bbox 3218 4495 3682 4583; x_wconf 82' lang='lat' dir='ltr'>vexantibus,</span> <span class='ocrx_word' id='word_1_255' title='bbox 3740 4495 3967 4570; x_wconf 87' lang='lat' dir='ltr'>conti-</span> 
     </span>
     <span class='ocr_line' id='line_1_28' title="bbox 868 4612 3969 4709; baseline -0.001 -19"><span class='ocrx_word' id='word_1_256' title='bbox 868 4618 1141 4692; x_wconf 82' lang='lat' dir='ltr'>nuavit.</span> <span class='ocrx_word' id='word_1_257' title='bbox 1179 4617 1249 4690; x_wconf 86' lang='lat' dir='ltr'>N</span> <span class='ocrx_word' id='word_1_258' title='bbox 1251 4635 1330 4690; x_wconf 84' lang='lat' dir='ltr'>ec·</span> <span class='ocrx_word' id='word_1_259' title='bbox 1366 4612 1786 4709; x_wconf 82' lang='lat' dir='ltr'>Prageuses,</span> <span class='ocrx_word' id='word_1_260' title='bbox 1827 4617 2125 4692; x_wconf 85' lang='lat' dir='ltr'>Zischka</span> <span class='ocrx_word' id='word_1_261' title='bbox 2161 4617 2497 4694; x_wconf 87' lang='lat' dir='ltr'>accersito</span> <span class='ocrx_word' id='word_1_262' title='bbox 2536 4621 2607 4690; x_wconf 86' lang='lat' dir='ltr'>et</span> <span class='ocrx_word' id='word_1_263' title='bbox 2644 4617 2707 4690; x_wconf 93' lang='lat' dir='ltr'>ei</span> <span class='ocrx_word' id='word_1_264' title='bbox 2747 4638 3019 4690; x_wconf 88' lang='lat' dir='ltr'>summa</span> <span class='ocrx_word' id='word_1_265' title='bbox 3052 4637 3281 4691; x_wconf 89' lang='lat' dir='ltr'>rerum</span> <span class='ocrx_word' id='word_1_266' title='bbox 3321 4615 3620 4703; x_wconf 85' lang='lat' dir='ltr'>tradita,</span> <span class='ocrx_word' id='word_1_267' title='bbox 3660 4616 3969 4707; x_wconf 86' lang='lat' dir='ltr'>eruptio-</span> 
     </span>
     <span class='ocr_line' id='line_1_29' title="bbox 869 4733 3969 4831; baseline 0 -22"><span class='ocrx_word' id='word_1_268' title='bbox 869 4738 1080 4818; x_wconf 86' lang='lat' dir='ltr'>nibus</span> <span class='ocrx_word' id='word_1_269' title='bbox 1143 4736 1487 4825; x_wconf 88' lang='lat' dir='ltr'>couteuti,</span> <span class='ocrx_word' id='word_1_270' title='bbox 1511 4763 1516 4770; x_wconf 96' lang='lat'>·</span> <span class='ocrx_word' id='word_1_271' title='bbox 1537 4733 1861 4810; x_wconf 71' lang='lat' dir='ltr'>&#39;castrum</span> <span class='ocrx_word' id='word_1_272' title='bbox 1927 4737 2217 4829; x_wconf 88' lang='lat' dir='ltr'>insuper</span> <span class='ocrx_word' id='word_1_273' title='bbox 2278 4738 2770 4831; x_wconf 87' lang='lat' dir='ltr'>Wischegrad,</span> <span class='ocrx_word' id='word_1_274' title='bbox 2846 4737 3030 4829; x_wconf 87' lang='lat' dir='ltr'>quod</span> <span class='ocrx_word' id='word_1_275' title='bbox 3083 4759 3209 4829; x_wconf 91' lang='lat' dir='ltr'>pro</span> <span class='ocrx_word' id='word_1_276' title='bbox 3264 4737 3717 4830; x_wconf 86' lang='lat' dir='ltr'>Sigismundo</span> <span class='ocrx_word' id='word_1_277' title='bbox 3772 4737 3969 4828; x_wconf 85' lang='lat' dir='ltr'>Rege</span> 
     </span>
     <span class='ocr_line' id='line_1_30' title="bbox 869 4856 3967 4950; baseline 0 -21"><span class='ocrx_word' id='word_1_278' title='bbox 869 4858 1239 4931; x_wconf 82' lang='lat' dir='ltr'>tenebatur</span> <span class='ocrx_word' id='word_1_279' title='bbox 1291 4856 1592 4948; x_wconf 81' lang='lat' dir='ltr'>(Ozeuko</span> <span class='ocrx_word' id='word_1_280' title='bbox 1647 4856 1830 4930; x_wconf 89' lang='lat' dir='ltr'>enim</span> <span class='ocrx_word' id='word_1_281' title='bbox 1883 4857 2051 4931; x_wconf 87' lang='lat' dir='ltr'>bina</span> <span class='ocrx_word' id='word_1_282' title='bbox 2102 4857 2497 4950; x_wconf 85' lang='lat' dir='ltr'>proditione</span> <span class='ocrx_word' id='word_1_283' title='bbox 2534 4857 2867 4950; x_wconf 87' lang='lat' dir='ltr'>insignis,</span> <span class='ocrx_word' id='word_1_284' title='bbox 2934 4857 3117 4930; x_wconf 89' lang='lat' dir='ltr'>illud</span> <span class='ocrx_word' id='word_1_285' title='bbox 3170 4856 3310 4930; x_wconf 88' lang='lat' dir='ltr'>sibi</span> <span class='ocrx_word' id='word_1_286' title='bbox 3354 4856 3785 4945; x_wconf 79' lang='lat' dir='ltr'>tradiderat,</span> <span class='ocrx_word' id='word_1_287' title='bbox 3842 4877 3967 4950; x_wconf 89' lang='lat' dir='ltr'>spe</span> 
     </span>
     <span class='ocr_line' id='line_1_31' title="bbox 869 4959 3963 5082; baseline -0.001 -31"><span class='ocrx_word' id='word_1_288' title='bbox 869 4959 1331 5076; x_wconf 85' lang='lat' dir='ltr'>praemiorum</span> <span class='ocrx_word' id='word_1_289' title='bbox 1387 4975 1728 5082; x_wconf 87' lang='lat' dir='ltr'>illectus),</span> <span class='ocrx_word' id='word_1_290' title='bbox 1786 4977 2139 5066; x_wconf 88' lang='lat' dir='ltr'>obsident,</span> <span class='ocrx_word' id='word_1_291' title='bbox 2191 4977 2512 5053; x_wconf 88' lang='lat' dir='ltr'>omnibus</span> <span class='ocrx_word' id='word_1_292' title='bbox 2551 4976 2855 5070; x_wconf 88' lang='lat' dir='ltr'>ingeniis</span> <span class='ocrx_word' id='word_1_293' title='bbox 2891 4981 2963 5080; x_wconf 87' lang='lat' dir='ltr'>et</span> <span class='ocrx_word' id='word_1_294' title='bbox 2999 4977 3365 5082; x_wconf 83' lang='lat' dir='ltr'>conatibus</span> <span class='ocrx_word' id='word_1_295' title='bbox 3396 4996 3527 5080; x_wconf 12' lang='lat' dir='ltr'>‘pro</span> <span class='ocrx_word' id='word_1_296' title='bbox 3561 4977 3765 5075; x_wconf 82' lang='lat' dir='ltr'>illius</span> <span class='ocrx_word' id='word_1_297' title='bbox 3802 4997 3963 5050; x_wconf 90' lang='lat' dir='ltr'>con-</span> 
     </span>
    </p>
   </div>
   <div class='ocr_carea' id='block_1_7' title="bbox 875 5261 3969 5558">
    <p class='ocr_par' dir='ltr' id='par_1_7' title="bbox 875 5261 3969 5558">
     <span class='ocr_line' id='line_1_32' title="bbox 1089 5261 3969 5351; baseline -0 -22"><span class='ocrx_word' id='word_1_298' title='bbox 1089 5269 1134 5348; x_wconf 91' lang='lat'>¹)</span> <span class='ocrx_word' id='word_1_299' title='bbox 1178 5269 1476 5331; x_wconf 83' lang='lat' dir='ltr'>Picardus·</span> <span class='ocrx_word' id='word_1_300' title='bbox 1495 5271 1651 5332; x_wconf 87' lang='lat' dir='ltr'>enim</span> <span class='ocrx_word' id='word_1_301' title='bbox 1673 5266 1807 5330; x_wconf 71' lang='lat' dir='ltr'>Ed.</span> <span class='ocrx_word' id='word_1_302' title='bbox 1842 5265 2022 5350; x_wconf 66' lang='lat' dir='ltr'>Lips.</span> <span class='ocrx_word' id='word_1_303' title='bbox 2073 5267 2124 5346; x_wconf 85' lang='lat'>²)</span> <span class='ocrx_word' id='word_1_304' title='bbox 2169 5268 2453 5330; x_wconf 84' lang='lat' dir='ltr'>Lusnicio</span> <span class='ocrx_word' id='word_1_305' title='bbox 2502 5261 2653 5332; x_wconf 76' lang='lat' dir='ltr'>cod.</span> <span class='ocrx_word' id='word_1_306' title='bbox 2698 5263 2879 5331; x_wconf 56' lang='lat' dir='ltr'>Kos&amp;</span> <span class='ocrx_word' id='word_1_307' title='bbox 2921 5261 3207 5330; x_wconf 71' lang='lat' dir='ltr'>Lisin‘icio</span> <span class='ocrx_word' id='word_1_308' title='bbox 3226 5294 3233 5300; x_wconf 86' lang='lat'><strong>·</strong></span> <span class='ocrx_word' id='word_1_309' title='bbox 3250 5262 3376 5329; x_wconf 75' lang='lat' dir='ltr'>Ed.</span> <span class='ocrx_word' id='word_1_310' title='bbox 3424 5265 3606 5351; x_wconf 61' lang='grc' dir='ltr'><strong><em>Εὗρε.</em></strong></span> <span class='ocrx_word' id='word_1_311' title='bbox 3672 5265 3721 5346; x_wconf 76' lang='lat'>³)</span> <span class='ocrx_word' id='word_1_312' title='bbox 3766 5265 3969 5344; x_wconf 74' lang='lat' dir='ltr'>Zyska</span> 
     </span>
     <span class='ocr_line' id='line_1_33' title="bbox 876 5363 3965 5452; baseline -0.002 -17"><span class='ocrx_word' id='word_1_313' title='bbox 876 5368 1028 5436; x_wconf 79' lang='lat' dir='ltr'>God.</span> <span class='ocrx_word' id='word_1_314' title='bbox 1078 5366 1252 5434; x_wconf 71' lang='lat' dir='ltr'><strong><em>Gzlv.</em></strong></span> <span class='ocrx_word' id='word_1_315' title='bbox 1303 5367 1356 5452; x_wconf 79' lang='lat'>⁴)</span> <span class='ocrx_word' id='word_1_316' title='bbox 1403 5373 1504 5448; x_wconf 84' lang='lat' dir='ltr'>qui</span> <span class='ocrx_word' id='word_1_317' title='bbox 1547 5377 1756 5450; x_wconf 76' lang='lat' dir='ltr'>postea</span> <span class='ocrx_word' id='word_1_318' title='bbox 1809 5371 2068 5446; x_wconf 79' lang='lat' dir='ltr'>ridentes</span> <span class='ocrx_word' id='word_1_319' title='bbox 2127 5365 2280 5433; x_wconf 73' lang='lat' dir='ltr'>cod.</span> <span class='ocrx_word' id='word_1_320' title='bbox 2327 5369 2517 5432; x_wconf 75' lang='lat' dir='ltr'>Rozr.</span> <span class='ocrx_word' id='word_1_321' title='bbox 2568 5370 2621 5452; x_wconf 80' lang='lat'>⁵)</span> <span class='ocrx_word' id='word_1_322' title='bbox 2662 5373 2863 5448; x_wconf 80' lang='lat' dir='ltr'>Praga</span> <span class='ocrx_word' id='word_1_323' title='bbox 2906 5372 3061 5432; x_wconf 81' lang='lat' dir='ltr'>enim</span> <span class='ocrx_word' id='word_1_324' title='bbox 3102 5363 3254 5433; x_wconf 78' lang='lat' dir='ltr'>God.</span> <span class='ocrx_word' id='word_1_325' title='bbox 3285 5367 3479 5432; x_wconf 73' lang='lat' dir='ltr'>Rozr.</span> <span class='ocrx_word' id='word_1_326' title='bbox 3526 5367 3585 5451; x_wconf 76' lang='lat'>⁶)</span> <span class='ocrx_word' id='word_1_327' title='bbox 3613 5377 3965 5446; x_wconf 78' lang='lat' dir='ltr'>accepturus</span> 
     </span>
     <span class='ocr_line' id='line_1_34' title="bbox 875 5471 3959 5558; baseline -0.001 -21"><span class='ocrx_word' id='word_1_328' title='bbox 875 5479 1034 5538; x_wconf 85' lang='lat' dir='ltr'>esset</span> <span class='ocrx_word' id='word_1_329' title='bbox 1075 5471 1202 5536; x_wconf 79' lang='lat' dir='ltr'>Ed.</span> <span class='ocrx_word' id='word_1_330' title='bbox 1249 5471 1431 5558; x_wconf 65' lang='lat' dir='ltr'>[Aps.</span> <span class='ocrx_word' id='word_1_331' title='bbox 1479 5517 1484 5522; x_wconf 90' lang='lat'>-</span> <span class='ocrx_word' id='word_1_332' title='bbox 1523 5503 1536 5540; x_wconf 44' lang='lat'>⁴,</span> <span class='ocrx_word' id='word_1_333' title='bbox 3184 5517 3189 5522; x_wconf 87' lang='lat'>-</span> <span class='ocrx_word' id='word_1_334' title='bbox 3430 5497 3436 5504; x_wconf 91' lang='lat'><strong>·</strong></span> <span class='ocrx_word' id='word_1_335' title='bbox 3642 5517 3647 5522; x_wconf 61' lang='lat'><strong>.</strong></span> <span class='ocrx_word' id='word_1_336' title='bbox 3954 5471 3959 5494; x_wconf 78' lang='lat'>³</span> 
     </span>
    </p>
   </div>
  </div>
 </body>
</html>
