<?xml version="1.0" encoding="UTF-8"?>
<!DOCTYPE html PUBLIC "-//W3C//DTD XHTML 1.0 Transitional//EN"
    "http://www.w3.org/TR/xhtml1/DTD/xhtml1-transitional.dtd">
<html xmlns="http://www.w3.org/1999/xhtml" xml:lang="en" lang="en">
 <head>
  <title>
</title>
<meta http-equiv="Content-Type" content="text/html;charset=utf-8" />
  <meta name='ocr-system' content='tesseract 3.04.00' />
  <meta name='ocr-capabilities' content='ocr_page ocr_carea ocr_par ocr_line ocrx_word'/>
</head>
<body>
  <div class='ocr_page' id='page_1' title='image "./dzieawszystkie00unkngoog_0540.png"; bbox 0 0 4342 6384; ppageno 0'>
   <div class='ocr_carea' id='block_1_1' title="bbox 318 542 3418 646">
    <p class='ocr_par' dir='ltr' id='par_1_1' title="bbox 318 542 3418 646">
     <span class='ocr_line' id='line_1_1' title="bbox 318 542 3418 646; baseline 0.003 -27"><span class='ocrx_word' id='word_1_1' title='bbox 318 542 453 646; x_wconf 88' lang='grc' dir='ltr'><strong>(Α.</strong></span> <span class='ocrx_word' id='word_1_2' title='bbox 491 543 585 621; x_wconf 81' lang='lat' dir='ltr'><strong>D.</strong></span> <span class='ocrx_word' id='word_1_3' title='bbox 628 543 883 643; x_wconf 71' lang='lat'><strong>¹⁴34.)</strong></span> <span class='ocrx_word' id='word_1_4' title='bbox 1477 566 1707 629; x_wconf 62' lang='lat' dir='ltr'><strong>mun</strong></span> <span class='ocrx_word' id='word_1_5' title='bbox 1760 568 2222 627; x_wconf 63' lang='lat' dir='ltr'><strong>annuemus.</strong></span> <span class='ocrx_word' id='word_1_6' title='bbox 3272 552 3418 633; x_wconf 73' lang='lat' dir='ltr'><strong>bae</strong></span> 
     </span>
    </p>
   </div>
   <div class='ocr_carea' id='block_1_2' title="bbox 152 792 3400 962">
    <p class='ocr_par' dir='ltr' id='par_1_2' title="bbox 152 792 3400 962">
     <span class='ocr_line' id='line_1_2' title="bbox 152 792 3400 962; baseline 0.003 -24"><span class='ocrx_word' id='word_1_7' title='bbox 152 792 161 841; x_wconf 52' lang='grc' dir='ltr'>Ι</span> <span class='ocrx_word' id='word_1_8' title='bbox 330 865 678 942; x_wconf 65' lang='lat' dir='ltr'><strong>coronatio</strong></span> <span class='ocrx_word' id='word_1_9' title='bbox 728 864 1095 953; x_wconf 69' lang='lat' dir='ltr'><strong>wladislai,</strong></span> <span class='ocrx_word' id='word_1_10' title='bbox 1140 866 1256 938; x_wconf 73' lang='lat' dir='ltr'><strong>filii</strong></span> <span class='ocrx_word' id='word_1_11' title='bbox 1300 866 1497 957; x_wconf 70' lang='lat' dir='ltr'><strong>nugis</strong></span> <span class='ocrx_word' id='word_1_12' title='bbox 1538 868 1809 954; x_wconf 75' lang='lat' dir='ltr'><strong>nortui.</strong></span> <span class='ocrx_word' id='word_1_13' title='bbox 1854 868 1924 943; x_wconf 81' lang='lat' dir='ltr'><strong>in</strong></span> <span class='ocrx_word' id='word_1_14' title='bbox 1966 866 2137 945; x_wconf 74' lang='lat' dir='ltr'><strong>dion</strong></span> <span class='ocrx_word' id='word_1_15' title='bbox 2180 867 2561 945; x_wconf 71' lang='lat' dir='ltr'><strong>sanctona</strong></span> <span class='ocrx_word' id='word_1_16' title='bbox 2603 868 2776 945; x_wconf 74' lang='lat' dir='ltr'><strong>Petri</strong></span> <span class='ocrx_word' id='word_1_17' title='bbox 2821 872 2894 942; x_wconf 81' lang='lat' dir='ltr'><strong>ot</strong></span> <span class='ocrx_word' id='word_1_18' title='bbox 2935 870 3116 947; x_wconf 70' lang='lat' dir='ltr'><strong>rann</strong></span> <span class='ocrx_word' id='word_1_19' title='bbox 3157 872 3400 962; x_wconf 68' lang='lat' dir='ltr'><strong>flgitur.</strong></span> 
     </span>
    </p>
   </div>
   <div class='ocr_carea' id='block_1_3' title="bbox 152 1038 3420 4539">
    <p class='ocr_par' dir='ltr' id='par_1_3' title="bbox 153 1038 161 1087">
     <span class='ocr_line' id='line_1_3' title="bbox 153 1038 161 1087; baseline 0 0"><span class='ocrx_word' id='word_1_20' title='bbox 153 1038 161 1087; x_wconf 76' lang='grc'><strong>1</strong></span> 
     </span>
    </p>

    <p class='ocr_par' dir='ltr' id='par_1_4' title="bbox 152 1112 3420 1805">
     <span class='ocr_line' id='line_1_4' title="bbox 152 1112 3416 1209; baseline 0.003 -25"><span class='ocrx_word' id='word_1_21' title='bbox 152 1162 159 1205; x_wconf 86' lang='grc'><strong>,</strong></span> <span class='ocrx_word' id='word_1_22' title='bbox 520 1112 811 1204; x_wconf 77' lang='lat' dir='ltr'><strong>Cognita</strong></span> <span class='ocrx_word' id='word_1_23' title='bbox 872 1116 1094 1189; x_wconf 81' lang='lat' dir='ltr'><strong>morte</strong></span> <span class='ocrx_word' id='word_1_24' title='bbox 1156 1113 1383 1205; x_wconf 78' lang='lat' dir='ltr'><strong>regia,</strong></span> <span class='ocrx_word' id='word_1_25' title='bbox 1452 1113 1799 1206; x_wconf 86' lang='lat' dir='ltr'><strong>Sbigneus</strong></span> <span class='ocrx_word' id='word_1_26' title='bbox 1864 1115 2235 1207; x_wconf 87' lang='lat' dir='ltr'><strong>episcopus</strong></span> <span class='ocrx_word' id='word_1_27' title='bbox 2297 1116 2778 1192; x_wconf 74' lang='lat' dir='ltr'><strong>cracoviensis</strong></span> <span class='ocrx_word' id='word_1_28' title='bbox 2795 1174 2814 1205; x_wconf 94' lang='lat'><strong>,</strong></span> <span class='ocrx_word' id='word_1_29' title='bbox 2883 1117 3008 1209; x_wconf 85' lang='lat' dir='ltr'><strong>qui</strong></span> <span class='ocrx_word' id='word_1_30' title='bbox 3061 1123 3231 1195; x_wconf 82' lang='lat' dir='ltr'><strong>tunc</strong></span> <span class='ocrx_word' id='word_1_31' title='bbox 3281 1120 3416 1193; x_wconf 87' lang='lat' dir='ltr'><strong>Po—</strong></span> 
     </span>
     <span class='ocr_line' id='line_1_5' title="bbox 315 1231 3420 1327; baseline 0.003 -24"><span class='ocrx_word' id='word_1_32' title='bbox 315 1231 632 1321; x_wconf 83' lang='lat' dir='ltr'><strong>snaniae,</strong></span> <span class='ocrx_word' id='word_1_33' title='bbox 690 1231 1123 1309; x_wconf 86' lang='lat' dir='ltr'><strong>transiturus</strong></span> <span class='ocrx_word' id='word_1_34' title='bbox 1177 1232 1253 1305; x_wconf 92' lang='lat' dir='ltr'><strong>in</strong></span> <span class='ocrx_word' id='word_1_35' title='bbox 1306 1232 1702 1311; x_wconf 82' lang='lat' dir='ltr'><strong>Basiliense</strong></span> <span class='ocrx_word' id='word_1_36' title='bbox 1756 1233 2178 1324; x_wconf 73' lang='lat' dir='ltr'>Concilium,</span> <span class='ocrx_word' id='word_1_37' title='bbox 2229 1236 2510 1327; x_wconf 79' lang='lat' dir='ltr'><strong>agebat,</strong></span> <span class='ocrx_word' id='word_1_38' title='bbox 2550 1236 2734 1309; x_wconf 80' lang='lat' dir='ltr'>nihil</span> <span class='ocrx_word' id='word_1_39' title='bbox 2771 1236 2912 1311; x_wconf 88' lang='lat' dir='ltr'><strong>sibi</strong></span> <span class='ocrx_word' id='word_1_40' title='bbox 2951 1240 3420 1315; x_wconf 83' lang='lat' dir='ltr'><strong>cunctandum</strong></span> 
     </span>
     <span class='ocr_line' id='line_1_6' title="bbox 313 1350 3414 1443; baseline 0.003 -20"><span class='ocrx_word' id='word_1_41' title='bbox 313 1350 555 1440; x_wconf 75' lang='lat' dir='ltr'><strong>duxit3</strong></span> <span class='ocrx_word' id='word_1_42' title='bbox 609 1352 735 1427; x_wconf 88' lang='lat' dir='ltr'><strong>sed</strong></span> <span class='ocrx_word' id='word_1_43' title='bbox 789 1352 1085 1426; x_wconf 83' lang='lat' dir='ltr'><strong>barones</strong></span> <span class='ocrx_word' id='word_1_44' title='bbox 1138 1351 1481 1443; x_wconf 83' lang='lat' dir='ltr'><strong>primores</strong></span> <span class='ocrx_word' id='word_1_45' title='bbox 1536 1352 1821 1430; x_wconf 81' lang='lat' dir='ltr'><strong>Maioris</strong></span> <span class='ocrx_word' id='word_1_46' title='bbox 1874 1355 2210 1430; x_wconf 81' lang='lat' dir='ltr'><strong>Poloniae</strong></span> <span class='ocrx_word' id='word_1_47' title='bbox 2267 1354 2496 1431; x_wconf 87' lang='lat' dir='ltr'><strong>literis</strong></span> <span class='ocrx_word' id='word_1_48' title='bbox 2535 1361 2624 1431; x_wconf 74' lang='grc'><strong>31</strong></span> <span class='ocrx_word' id='word_1_49' title='bbox 2677 1356 2950 1437; x_wconf 83' lang='grc'><strong>1111111113</strong></span> <span class='ocrx_word' id='word_1_50' title='bbox 3005 1358 3093 1432; x_wconf 82' lang='lat' dir='ltr'><strong>ad</strong></span> <span class='ocrx_word' id='word_1_51' title='bbox 3131 1359 3414 1437; x_wconf 81' lang='lat' dir='ltr'><strong>venien-</strong></span> 
     </span>
     <span class='ocr_line' id='line_1_7' title="bbox 313 1470 3418 1565; baseline 0.004 -22"><span class='ocrx_word' id='word_1_52' title='bbox 313 1470 479 1547; x_wconf 85' lang='lat' dir='ltr'><strong>dum</strong></span> <span class='ocrx_word' id='word_1_53' title='bbox 550 1472 976 1547; x_wconf 80' lang='lat' dir='ltr'><strong>Posnaniam</strong></span> <span class='ocrx_word' id='word_1_54' title='bbox 1049 1471 1331 1547; x_wconf 82' lang='lat' dir='ltr'><strong>invitat.</strong></span> <span class='ocrx_word' id='word_1_55' title='bbox 1410 1472 1559 1563; x_wconf 77' lang='lat' dir='ltr'><strong>Quo</strong></span> <span class='ocrx_word' id='word_1_56' title='bbox 1624 1494 1783 1547; x_wconf 91' lang='lat' dir='ltr'><strong>cum</strong></span> <span class='ocrx_word' id='word_1_57' title='bbox 1857 1474 2182 1565; x_wconf 78' lang='lat' dir='ltr'>frequens</span> <span class='ocrx_word' id='word_1_58' title='bbox 2247 1475 2596 1549; x_wconf 77' lang='lat' dir='ltr'><strong>numerus</strong></span> <span class='ocrx_word' id='word_1_59' title='bbox 2633 1496 2905 1565; x_wconf 86' lang='lat' dir='ltr'><strong>eorum,</strong></span> <span class='ocrx_word' id='word_1_60' title='bbox 2963 1478 3280 1559; x_wconf 76' lang='lat' dir='ltr'><strong>novitate</strong></span> <span class='ocrx_word' id='word_1_61' title='bbox 3331 1479 3418 1556; x_wconf 78' lang='lat' dir='ltr'><strong>de</strong></span> 
     </span>
     <span class='ocr_line' id='line_1_8' title="bbox 310 1591 3414 1689; baseline 0.002 -22"><span class='ocrx_word' id='word_1_62' title='bbox 310 1594 533 1667; x_wconf 83' lang='lat' dir='ltr'><strong>morte</strong></span> <span class='ocrx_word' id='word_1_63' title='bbox 584 1591 803 1683; x_wconf 71' lang='lat' dir='ltr'><strong>Regis</strong></span> <span class='ocrx_word' id='word_1_64' title='bbox 858 1591 1131 1680; x_wconf 86' lang='lat' dir='ltr'><strong>audita,</strong></span> <span class='ocrx_word' id='word_1_65' title='bbox 1189 1592 1663 1667; x_wconf 77' lang='lat' dir='ltr'><strong>convenisset:</strong></span> <span class='ocrx_word' id='word_1_66' title='bbox 1720 1614 1907 1666; x_wconf 86' lang='lat' dir='ltr'><strong>mors</strong></span> <span class='ocrx_word' id='word_1_67' title='bbox 1962 1594 2266 1685; x_wconf 86' lang='lat' dir='ltr'><strong>primum</strong></span> <span class='ocrx_word' id='word_1_68' title='bbox 2319 1594 2518 1687; x_wconf 80' lang='lat' dir='ltr'><strong>regia</strong></span> <span class='ocrx_word' id='word_1_69' title='bbox 2568 1596 2656 1668; x_wconf 74' lang='lat' dir='ltr'><strong>ab</strong></span> <span class='ocrx_word' id='word_1_70' title='bbox 2695 1596 2846 1669; x_wconf 89' lang='lat' dir='ltr'><strong>illis</strong></span> <span class='ocrx_word' id='word_1_71' title='bbox 2882 1598 3246 1689; x_wconf 82' lang='lat' dir='ltr'><strong>deplorata</strong></span> <span class='ocrx_word' id='word_1_72' title='bbox 3282 1604 3414 1673; x_wconf 86' lang='lat' dir='ltr'><strong>est.</strong></span> 
     </span>
     <span class='ocr_line' id='line_1_9' title="bbox 321 1710 3416 1805; baseline 0.003 -20"><span class='ocrx_word' id='word_1_73' title='bbox 321 1710 591 1787; x_wconf 77' lang='lat' dir='ltr'><strong>Deinde</strong></span> <span class='ocrx_word' id='word_1_74' title='bbox 644 1710 997 1804; x_wconf 81' lang='lat' dir='ltr'><strong>Sbigneus</strong></span> <span class='ocrx_word' id='word_1_75' title='bbox 1063 1711 1432 1803; x_wconf 84' lang='lat' dir='ltr'><strong>episcopus</strong></span> <span class='ocrx_word' id='word_1_76' title='bbox 1496 1711 1973 1791; x_wconf 80' lang='lat' dir='ltr'><strong>Cracoviensis</strong></span> <span class='ocrx_word' id='word_1_77' title='bbox 2035 1712 2248 1787; x_wconf 83' lang='lat' dir='ltr'><strong>verba</strong></span> <span class='ocrx_word' id='word_1_78' title='bbox 2307 1715 2496 1805; x_wconf 84' lang='lat' dir='ltr'><strong>apud</strong></span> <span class='ocrx_word' id='word_1_79' title='bbox 2567 1714 2734 1795; x_wconf 86' lang='lat' dir='ltr'><strong>illos</strong></span> <span class='ocrx_word' id='word_1_80' title='bbox 2797 1717 2994 1789; x_wconf 85' lang='lat' dir='ltr'><strong>facit:</strong></span> <span class='ocrx_word' id='word_1_81' title='bbox 3060 1722 3142 1789; x_wconf 92' lang='lat' dir='ltr'><strong>ut</strong></span> <span class='ocrx_word' id='word_1_82' title='bbox 3196 1723 3416 1793; x_wconf 90' lang='lat' dir='ltr'><strong>morte</strong></span> 
     </span>
    </p>

    <p class='ocr_par' dir='ltr' id='par_1_5' title="bbox 153 1814 3416 4539">
     <span class='ocr_line' id='line_1_10' title="bbox 153 1814 3410 1930; baseline 0.002 -26"><span class='ocrx_word' id='word_1_83' title='bbox 153 1814 155 1827; x_wconf 74' lang='lat'>&#39;</span> <span class='ocrx_word' id='word_1_84' title='bbox 302 1830 521 1923; x_wconf 83' lang='lat' dir='ltr'><strong>Regis</strong></span> <span class='ocrx_word' id='word_1_85' title='bbox 574 1834 907 1909; x_wconf 77' lang='lat' dir='ltr'><strong>terrorem</strong></span> <span class='ocrx_word' id='word_1_86' title='bbox 958 1830 1269 1923; x_wconf 77' lang='lat' dir='ltr'><strong>aliquem</strong></span> <span class='ocrx_word' id='word_1_87' title='bbox 1320 1831 1551 1907; x_wconf 87' lang='lat' dir='ltr'><strong>auimo</strong></span> <span class='ocrx_word' id='word_1_88' title='bbox 1586 1852 1727 1905; x_wconf 85' lang='lat' dir='ltr'><strong>non</strong></span> <span class='ocrx_word' id='word_1_89' title='bbox 1762 1832 2192 1925; x_wconf 84' lang='lat' dir='ltr'><strong>concipiant,</strong></span> <span class='ocrx_word' id='word_1_90' title='bbox 2249 1834 2374 1907; x_wconf 86' lang='lat' dir='ltr'><strong>sed</strong></span> <span class='ocrx_word' id='word_1_91' title='bbox 2426 1834 2789 1925; x_wconf 89' lang='lat' dir='ltr'><strong>unionem,</strong></span> <span class='ocrx_word' id='word_1_92' title='bbox 2844 1837 3410 1930; x_wconf 37' lang='lat' dir='ltr'><strong>&gt;charitatemque</strong></span> 
     </span>
     <span class='ocr_line' id='line_1_11' title="bbox 309 1951 3414 2049; baseline 0 -20"><span class='ocrx_word' id='word_1_93' title='bbox 309 1971 590 2029; x_wconf 76' lang='lat' dir='ltr'><strong>servare</strong></span> <span class='ocrx_word' id='word_1_94' title='bbox 640 1954 714 2023; x_wconf 92' lang='lat' dir='ltr'><strong>et</strong></span> <span class='ocrx_word' id='word_1_95' title='bbox 766 1951 1119 2027; x_wconf 87' lang='lat' dir='ltr'><strong>custodire</strong></span> <span class='ocrx_word' id='word_1_96' title='bbox 1171 1952 1525 2027; x_wconf 86' lang='lat' dir='ltr'><strong>studeant.</strong></span> <span class='ocrx_word' id='word_1_97' title='bbox 1580 1952 1961 2043; x_wconf 74' lang='lat' dir='ltr'><strong>Superesse</strong></span> <span class='ocrx_word' id='word_1_98' title='bbox 1994 1953 2172 2027; x_wconf 85' lang='lat' dir='ltr'><strong>duos</strong></span> <span class='ocrx_word' id='word_1_99' title='bbox 2211 1954 2396 2028; x_wconf 87' lang='lat' dir='ltr'><strong>filios</strong></span> <span class='ocrx_word' id='word_1_100' title='bbox 2451 1954 2695 2047; x_wconf 77' lang='lat' dir='ltr'><strong>stirpis</strong></span> <span class='ocrx_word' id='word_1_101' title='bbox 2749 1956 3016 2047; x_wconf 80' lang='lat' dir='ltr'><strong>regiae,</strong></span> <span class='ocrx_word' id='word_1_102' title='bbox 3073 1956 3240 2033; x_wconf 86' lang='lat' dir='ltr'><strong>solii</strong></span> <span class='ocrx_word' id='word_1_103' title='bbox 3291 1978 3414 2049; x_wconf 80' lang='lat' dir='ltr'><strong>pa-</strong></span> 
     </span>
     <span class='ocr_line' id='line_1_12' title="bbox 308 2070 3407 2168; baseline 0.002 -26"><span class='ocrx_word' id='word_1_104' title='bbox 308 2070 495 2144; x_wconf 85' lang='lat' dir='ltr'><strong>terni</strong></span> <span class='ocrx_word' id='word_1_105' title='bbox 544 2090 1018 2160; x_wconf 82' lang='lat' dir='ltr'><strong>successores,</strong></span> <span class='ocrx_word' id='word_1_106' title='bbox 1076 2090 1372 2163; x_wconf 87' lang='lat' dir='ltr'><strong>quorum</strong></span> <span class='ocrx_word' id='word_1_107' title='bbox 1427 2071 1934 2146; x_wconf 80' lang='lat' dir='ltr'><strong>substitutione</strong></span> <span class='ocrx_word' id='word_1_108' title='bbox 1986 2094 2174 2148; x_wconf 86' lang='lat' dir='ltr'><strong>mors</strong></span> <span class='ocrx_word' id='word_1_109' title='bbox 2211 2073 2367 2164; x_wconf 85' lang='lat' dir='ltr'><strong>ipsa</strong></span> <span class='ocrx_word' id='word_1_110' title='bbox 2403 2074 2624 2166; x_wconf 85' lang='lat' dir='ltr'><strong>Regis</strong></span> <span class='ocrx_word' id='word_1_111' title='bbox 2679 2075 2971 2168; x_wconf 84' lang='lat' dir='ltr'><strong>corrigi,</strong></span> <span class='ocrx_word' id='word_1_112' title='bbox 3029 2076 3407 2155; x_wconf 81' lang='lat' dir='ltr'><strong>vindicari·</strong></span> 
     </span>
     <span class='ocr_line' id='line_1_13' title="bbox 308 2190 3412 2287; baseline 0.004 -24"><span class='ocrx_word' id='word_1_113' title='bbox 308 2211 447 2282; x_wconf 84' lang='lat' dir='ltr'><strong>que</strong></span> <span class='ocrx_word' id='word_1_114' title='bbox 496 2190 789 2283; x_wconf 87' lang='lat' dir='ltr'><strong>poterit;</strong></span> <span class='ocrx_word' id='word_1_115' title='bbox 852 2211 1075 2282; x_wconf 85' lang='lat' dir='ltr'><strong>neque</strong></span> <span class='ocrx_word' id='word_1_116' title='bbox 1130 2190 1371 2282; x_wconf 86' lang='lat' dir='ltr'><strong>aliqua</strong></span> <span class='ocrx_word' id='word_1_117' title='bbox 1423 2190 1787 2265; x_wconf 88' lang='lat' dir='ltr'><strong>calamitas</strong></span> <span class='ocrx_word' id='word_1_118' title='bbox 1810 2246 1828 2279; x_wconf 89' lang='lat'><strong>,</strong></span> <span class='ocrx_word' id='word_1_119' title='bbox 1898 2192 2345 2284; x_wconf 85' lang='lat' dir='ltr'><strong>turbatioque</strong></span> <span class='ocrx_word' id='word_1_120' title='bbox 2399 2192 2476 2265; x_wconf 91' lang='lat' dir='ltr'><strong>in</strong></span> <span class='ocrx_word' id='word_1_121' title='bbox 2529 2193 2772 2285; x_wconf 82' lang='lat' dir='ltr'><strong>Regno</strong></span> <span class='ocrx_word' id='word_1_122' title='bbox 2827 2195 3412 2287; x_wconf 72' lang='lat' dir='ltr'><strong>pertimescenda,</strong></span> 
     </span>
     <span class='ocr_line' id='line_1_14' title="bbox 306 2310 3416 2401; baseline 0.003 -18"><span class='ocrx_word' id='word_1_123' title='bbox 306 2328 470 2387; x_wconf 84' lang='lat' dir='ltr'><strong>cum</strong></span> <span class='ocrx_word' id='word_1_124' title='bbox 521 2310 678 2389; x_wconf 80' lang='lat' dir='ltr'><strong>Rex</strong></span> <span class='ocrx_word' id='word_1_125' title='bbox 718 2310 773 2401; x_wconf 80' lang='lat'><strong>¹)</strong></span> <span class='ocrx_word' id='word_1_126' title='bbox 827 2310 1026 2385; x_wconf 78' lang='lat' dir='ltr'><strong>vivat</strong></span> <span class='ocrx_word' id='word_1_127' title='bbox 1079 2310 1155 2385; x_wconf 88' lang='lat' dir='ltr'><strong>in</strong></span> <span class='ocrx_word' id='word_1_128' title='bbox 1205 2310 1399 2385; x_wconf 86' lang='lat' dir='ltr'><strong>filiis.</strong></span> <span class='ocrx_word' id='word_1_129' title='bbox 1460 2310 2009 2385; x_wconf 82' lang='lat' dir='ltr'><strong>Accelerandum</strong></span> <span class='ocrx_word' id='word_1_130' title='bbox 2064 2316 2298 2390; x_wconf 85' lang='lat' dir='ltr'><strong>tamen</strong></span> <span class='ocrx_word' id='word_1_131' title='bbox 2353 2313 2711 2393; x_wconf 87' lang='lat' dir='ltr'><strong>consuluit</strong></span> <span class='ocrx_word' id='word_1_132' title='bbox 2763 2336 2922 2389; x_wconf 93' lang='lat' dir='ltr'><strong>cum</strong></span> <span class='ocrx_word' id='word_1_133' title='bbox 2969 2316 3416 2392; x_wconf 72' lang='lat' dir='ltr'><strong>coronatione</strong></span> 
     </span>
     <span class='ocr_line' id='line_1_15' title="bbox 302 2428 3414 2522; baseline 0.003 -20"><span class='ocrx_word' id='word_1_134' title='bbox 302 2429 445 2505; x_wconf 85' lang='lat' dir='ltr'><strong>filii</strong></span> <span class='ocrx_word' id='word_1_135' title='bbox 504 2428 803 2504; x_wconf 82' lang='lat' dir='ltr'><strong>seniori-s</strong></span> <span class='ocrx_word' id='word_1_136' title='bbox 866 2429 1279 2519; x_wconf 71' lang='lat' dir='ltr'><strong>wladislai,</strong></span> <span class='ocrx_word' id='word_1_137' title='bbox 1356 2452 1443 2505; x_wconf 91' lang='lat' dir='ltr'><strong>ne</strong></span> <span class='ocrx_word' id='word_1_138' title='bbox 1507 2430 1787 2522; x_wconf 80' lang='lat' dir='ltr'><strong>aliquae</strong></span> <span class='ocrx_word' id='word_1_139' title='bbox 1851 2430 2231 2505; x_wconf 76' lang='lat' dir='ltr'><strong>intestinae</strong></span> <span class='ocrx_word' id='word_1_140' title='bbox 2303 2432 2688 2509; x_wconf 82' lang='lat' dir='ltr'><strong>discordiae</strong></span> <span class='ocrx_word' id='word_1_141' title='bbox 2768 2440 3246 2511; x_wconf 86' lang='lat' dir='ltr'><strong>nascerentur.</strong></span> <span class='ocrx_word' id='word_1_142' title='bbox 3323 2436 3414 2510; x_wconf 86' lang='lat' dir='ltr'><strong>In</strong></span> 
     </span>
     <span class='ocr_line' id='line_1_16' title="bbox 304 2549 3404 2647; baseline 0.002 -23"><span class='ocrx_word' id='word_1_143' title='bbox 304 2550 491 2624; x_wconf 76' lang='lat' dir='ltr'><strong>hanc</strong></span> <span class='ocrx_word' id='word_1_144' title='bbox 548 2549 971 2625; x_wconf 84' lang='lat' dir='ltr'><strong>sententiam</strong></span> <span class='ocrx_word' id='word_1_145' title='bbox 1024 2550 1111 2623; x_wconf 88' lang='lat' dir='ltr'><strong>ab</strong></span> <span class='ocrx_word' id='word_1_146' title='bbox 1168 2549 1491 2626; x_wconf 89' lang='lat' dir='ltr'><strong>omnibus</strong></span> <span class='ocrx_word' id='word_1_147' title='bbox 1544 2550 1841 2642; x_wconf 84' lang='lat' dir='ltr'><strong>reliquis</strong></span> <span class='ocrx_word' id='word_1_148' title='bbox 1893 2550 2274 2626; x_wconf 73' lang='lat' dir='ltr'><strong>baronibus</strong></span> <span class='ocrx_word' id='word_1_149' title='bbox 2329 2552 2508 2625; x_wconf 89' lang='lat' dir='ltr'><strong>itum</strong></span> <span class='ocrx_word' id='word_1_150' title='bbox 2564 2557 2705 2639; x_wconf 87' lang='lat' dir='ltr'><strong>ost;</strong></span> <span class='ocrx_word' id='word_1_151' title='bbox 2761 2575 2887 2627; x_wconf 90' lang='lat' dir='ltr'><strong>nec</strong></span> <span class='ocrx_word' id='word_1_152' title='bbox 2941 2555 3077 2627; x_wconf 90' lang='lat' dir='ltr'><strong>fuit</strong></span> <span class='ocrx_word' id='word_1_153' title='bbox 3114 2554 3404 2647; x_wconf 79' lang='lat' dir='ltr'><strong>aliquia,</strong></span> 
     </span>
     <span class='ocr_line' id='line_1_17' title="bbox 306 2668 3412 2766; baseline 0.002 -23"><span class='ocrx_word' id='word_1_154' title='bbox 306 2669 433 2761; x_wconf 87' lang='lat' dir='ltr'><strong>qui</strong></span> <span class='ocrx_word' id='word_1_155' title='bbox 486 2668 686 2745; x_wconf 84' lang='lat' dir='ltr'><strong>illam</strong></span> <span class='ocrx_word' id='word_1_156' title='bbox 704 2726 723 2759; x_wconf 90' lang='lat'><strong>,</strong></span> <span class='ocrx_word' id='word_1_157' title='bbox 782 2670 982 2743; x_wconf 82' lang='lat' dir='ltr'><strong>velut</strong></span> <span class='ocrx_word' id='word_1_158' title='bbox 1037 2668 1261 2742; x_wconf 87' lang='lat' dir='ltr'><strong>statui</strong></span> <span class='ocrx_word' id='word_1_159' title='bbox 1312 2670 1417 2743; x_wconf 89' lang='lat' dir='ltr'><strong>rei</strong></span> <span class='ocrx_word' id='word_1_160' title='bbox 1460 2669 1785 2762; x_wconf 88' lang='lat' dir='ltr'><strong>publicae</strong></span> <span class='ocrx_word' id='word_1_161' title='bbox 1838 2671 2208 2763; x_wconf 82' lang='lat' dir='ltr'><strong>optimam,</strong></span> <span class='ocrx_word' id='word_1_162' title='bbox 2263 2693 2402 2745; x_wconf 91' lang='lat' dir='ltr'><strong>non</strong></span> <span class='ocrx_word' id='word_1_163' title='bbox 2447 2671 2838 2763; x_wconf 76' lang='lat' dir='ltr'><strong>probasset.</strong></span> <span class='ocrx_word' id='word_1_164' title='bbox 2893 2674 3192 2766; x_wconf 83' lang='lat' dir='ltr'><strong>Propter</strong></span> <span class='ocrx_word' id='word_1_165' title='bbox 3225 2676 3412 2765; x_wconf 84' lang='lat' dir='ltr'><strong>quod</strong></span> 
     </span>
     <span class='ocr_line' id='line_1_18' title="bbox 301 2788 3412 2886; baseline 0.002 -25"><span class='ocrx_word' id='word_1_166' title='bbox 301 2808 449 2863; x_wconf 88' lang='grc'><strong>11011</strong></span> <span class='ocrx_word' id='word_1_167' title='bbox 500 2790 733 2863; x_wconf 83' lang='lat' dir='ltr'><strong>solum</strong></span> <span class='ocrx_word' id='word_1_168' title='bbox 788 2788 1303 2863; x_wconf 73' lang='lat' dir='ltr'><strong>coronationem</strong></span> <span class='ocrx_word' id='word_1_169' title='bbox 1357 2789 1811 2883; x_wconf 86' lang='lat' dir='ltr'><strong>primogeniti</strong></span> <span class='ocrx_word' id='word_1_170' title='bbox 1844 2790 2336 2881; x_wconf 82' lang='lat' dir='ltr'><strong>decreverunt,</strong></span> <span class='ocrx_word' id='word_1_171' title='bbox 2387 2793 2508 2867; x_wconf 85' lang='lat' dir='ltr'><strong>scd</strong></span> <span class='ocrx_word' id='word_1_172' title='bbox 2545 2791 2758 2865; x_wconf 91' lang='lat' dir='ltr'><strong>etiam</strong></span> <span class='ocrx_word' id='word_1_173' title='bbox 2797 2794 2884 2867; x_wconf 87' lang='lat' dir='ltr'><strong>ad</strong></span> <span class='ocrx_word' id='word_1_174' title='bbox 2917 2794 3412 2886; x_wconf 85' lang='lat' dir='ltr'><strong>perficiendam</strong></span> 
     </span>
     <span class='ocr_line' id='line_1_19' title="bbox 300 2908 3414 3001; baseline 0.003 -20"><span class='ocrx_word' id='word_1_175' title='bbox 300 2909 541 2996; x_wconf 83' lang='lat' dir='ltr'><strong>illam,</strong></span> <span class='ocrx_word' id='word_1_176' title='bbox 615 2908 801 2983; x_wconf 86' lang='lat' dir='ltr'><strong>diem</strong></span> <span class='ocrx_word' id='word_1_177' title='bbox 878 2908 1293 2981; x_wconf 85' lang='lat' dir='ltr'><strong>Sanctorum</strong></span> <span class='ocrx_word' id='word_1_178' title='bbox 1358 2908 1554 2983; x_wconf 90' lang='lat' dir='ltr'><strong>Petri</strong></span> <span class='ocrx_word' id='word_1_179' title='bbox 1606 2913 1679 2981; x_wconf 92' lang='lat' dir='ltr'><strong>et</strong></span> <span class='ocrx_word' id='word_1_180' title='bbox 1732 2910 1943 2986; x_wconf 83' lang='lat' dir='ltr'><strong>Pauli</strong></span> <span class='ocrx_word' id='word_1_181' title='bbox 1995 2911 2499 3001; x_wconf 88' lang='lat' dir='ltr'><strong>Apostolorum</strong></span> <span class='ocrx_word' id='word_1_182' title='bbox 2563 2913 3026 2988; x_wconf 87' lang='lat' dir='ltr'><strong>constituunt.</strong></span> <span class='ocrx_word' id='word_1_183' title='bbox 3101 2914 3414 2989; x_wconf 83' lang='lat' dir='ltr'><strong>Nuntios</strong></span> 
     </span>
     <span class='ocr_line' id='line_1_20' title="bbox 302 3028 3408 3127; baseline 0.002 -26"><span class='ocrx_word' id='word_1_184' title='bbox 302 3049 584 3121; x_wconf 86' lang='lat' dir='ltr'><strong>qnoque</strong></span> <span class='ocrx_word' id='word_1_185' title='bbox 639 3028 981 3120; x_wconf 77' lang='lat' dir='ltr'><strong>speciales</strong></span> <span class='ocrx_word' id='word_1_186' title='bbox 1035 3032 1205 3104; x_wconf 87' lang='lat' dir='ltr'><strong>tunc</strong></span> <span class='ocrx_word' id='word_1_187' title='bbox 1258 3028 1694 3121; x_wconf 81' lang='lat' dir='ltr'><strong>designatos,</strong></span> <span class='ocrx_word' id='word_1_188' title='bbox 1752 3029 1839 3104; x_wconf 86' lang='lat' dir='ltr'><strong>ad</strong></span> <span class='ocrx_word' id='word_1_189' title='bbox 1878 3029 2408 3123; x_wconf 77' lang='lat' dir='ltr'><strong>sigismundum</strong></span> <span class='ocrx_word' id='word_1_190' title='bbox 2445 3032 2708 3105; x_wconf 82' lang='lat' dir='ltr'><strong>Ducem</strong></span> <span class='ocrx_word' id='word_1_191' title='bbox 2746 3033 3077 3127; x_wconf 74' lang='lat' dir='ltr'><strong>Magnum</strong></span> <span class='ocrx_word' id='word_1_192' title='bbox 3113 3032 3408 3107; x_wconf 82' lang='lat' dir='ltr'><strong>Lithus-</strong></span> 
     </span>
     <span class='ocr_line' id='line_1_21' title="bbox 302 3147 3407 3244; baseline 0.003 -23"><span class='ocrx_word' id='word_1_193' title='bbox 302 3148 469 3221; x_wconf 85' lang='lat' dir='ltr'><strong>niae</strong></span> <span class='ocrx_word' id='word_1_194' title='bbox 522 3147 1049 3237; x_wconf 85' lang='lat' dir='ltr'><strong>transmittunt,</strong></span> <span class='ocrx_word' id='word_1_195' title='bbox 1114 3152 1440 3241; x_wconf 85' lang='lat' dir='ltr'><strong>rogantes</strong></span> <span class='ocrx_word' id='word_1_196' title='bbox 1515 3153 1587 3221; x_wconf 91' lang='lat' dir='ltr'><strong>et</strong></span> <span class='ocrx_word' id='word_1_197' title='bbox 1651 3150 2136 3225; x_wconf 82' lang='lat' dir='ltr'><strong>exhortantes:</strong></span> <span class='ocrx_word' id='word_1_198' title='bbox 2204 3156 2284 3223; x_wconf 89' lang='lat' dir='ltr'><strong>ut</strong></span> <span class='ocrx_word' id='word_1_199' title='bbox 2347 3150 2523 3228; x_wconf 82' lang='lat' dir='ltr'><strong>velit</strong></span> <span class='ocrx_word' id='word_1_200' title='bbox 2593 3153 2710 3225; x_wconf 83' lang='lat' dir='ltr'><strong>vel</strong></span> <span class='ocrx_word' id='word_1_201' title='bbox 2769 3153 3237 3244; x_wconf 64' lang='lat' dir='ltr'><strong>personaliter</strong></span> <span class='ocrx_word' id='word_1_202' title='bbox 3289 3172 3407 3229; x_wconf 80' lang='lat' dir='ltr'><strong>vo-</strong></span> 
     </span>
     <span class='ocr_line' id='line_1_22' title="bbox 300 3268 3412 3364; baseline 0.003 -25"><span class='ocrx_word' id='word_1_203' title='bbox 300 3268 491 3357; x_wconf 88' lang='lat' dir='ltr'><strong>nire,</strong></span> <span class='ocrx_word' id='word_1_204' title='bbox 548 3269 666 3342; x_wconf 82' lang='lat' dir='ltr'><strong>vel</strong></span> <span class='ocrx_word' id='word_1_205' title='bbox 719 3288 883 3341; x_wconf 86' lang='lat' dir='ltr'><strong>suos</strong></span> <span class='ocrx_word' id='word_1_206' title='bbox 920 3268 1213 3343; x_wconf 83' lang='lat' dir='ltr'><strong>barones</strong></span> <span class='ocrx_word' id='word_1_207' title='bbox 1250 3288 1409 3346; x_wconf 85' lang='lat' dir='ltr'><strong>cum</strong></span> <span class='ocrx_word' id='word_1_208' title='bbox 1444 3270 1657 3360; x_wconf 78' lang='lat' dir='ltr'><strong>plena</strong></span> <span class='ocrx_word' id='word_1_209' title='bbox 1692 3268 2158 3344; x_wconf 89' lang='lat' dir='ltr'><strong>instructione</strong></span> <span class='ocrx_word' id='word_1_210' title='bbox 2197 3276 2267 3344; x_wconf 87' lang='grc'><strong>31</strong></span> <span class='ocrx_word' id='word_1_211' title='bbox 2305 3271 2643 3345; x_wconf 74' lang='lat' dir='ltr'><strong>facultate</strong></span> <span class='ocrx_word' id='word_1_212' title='bbox 2679 3272 2988 3361; x_wconf 85' lang='lat' dir='ltr'><strong>mittero,</strong></span> <span class='ocrx_word' id='word_1_213' title='bbox 3039 3272 3162 3364; x_wconf 90' lang='lat' dir='ltr'><strong>qni</strong></span> <span class='ocrx_word' id='word_1_214' title='bbox 3201 3272 3412 3350; x_wconf 81' lang='lat' dir='ltr'><strong>iuxta</strong></span> 
     </span>
     <span class='ocr_line' id='line_1_23' title="bbox 298 3387 3410 3481; baseline 0.001 -20"><span class='ocrx_word' id='word_1_215' title='bbox 298 3387 843 3479; x_wconf 90' lang='lat' dir='ltr'><strong>inscriptionum</strong></span> <span class='ocrx_word' id='word_1_216' title='bbox 908 3387 1447 3478; x_wconf 87' lang='lat' dir='ltr'><strong>continentiam,</strong></span> <span class='ocrx_word' id='word_1_217' title='bbox 1516 3388 1593 3460; x_wconf 91' lang='lat' dir='ltr'><strong>in</strong></span> <span class='ocrx_word' id='word_1_218' title='bbox 1646 3388 1863 3481; x_wconf 83' lang='lat' dir='ltr'><strong>Regis</strong></span> <span class='ocrx_word' id='word_1_219' title='bbox 1932 3390 2153 3466; x_wconf 75' lang='lat' dir='ltr'><strong>futuri</strong></span> <span class='ocrx_word' id='word_1_220' title='bbox 2218 3390 2662 3466; x_wconf 82' lang='lat' dir='ltr'><strong>consentiant</strong></span> <span class='ocrx_word' id='word_1_221' title='bbox 2725 3392 3272 3481; x_wconf 76' lang='lat' dir='ltr'><strong>coronationem,</strong></span> <span class='ocrx_word' id='word_1_222' title='bbox 3333 3396 3410 3465; x_wconf 86' lang='grc'><strong>31</strong></span> 
     </span>
     <span class='ocr_line' id='line_1_24' title="bbox 299 3506 3404 3601; baseline 0.001 -19"><span class='ocrx_word' id='word_1_223' title='bbox 299 3506 703 3601; x_wconf 87' lang='lat' dir='ltr'><strong>praesentia</strong></span> <span class='ocrx_word' id='word_1_224' title='bbox 766 3528 895 3580; x_wconf 89' lang='lat' dir='ltr'><strong>sua</strong></span> <span class='ocrx_word' id='word_1_225' title='bbox 958 3507 1157 3580; x_wconf 91' lang='lat' dir='ltr'><strong>illam</strong></span> <span class='ocrx_word' id='word_1_226' title='bbox 1224 3510 1701 3581; x_wconf 89' lang='lat' dir='ltr'><strong>cohonestent.</strong></span> <span class='ocrx_word' id='word_1_227' title='bbox 1770 3509 2000 3601; x_wconf 86' lang='lat' dir='ltr'><strong>Aegre</strong></span> <span class='ocrx_word' id='word_1_228' title='bbox 2053 3511 2227 3583; x_wconf 89' lang='lat' dir='ltr'><strong>haec</strong></span> <span class='ocrx_word' id='word_1_229' title='bbox 2279 3510 2635 3583; x_wconf 89' lang='lat' dir='ltr'><strong>conclusio</strong></span> <span class='ocrx_word' id='word_1_230' title='bbox 2689 3511 3084 3585; x_wconf 89' lang='lat' dir='ltr'><strong>Posnaniae</strong></span> <span class='ocrx_word' id='word_1_231' title='bbox 3137 3511 3404 3601; x_wconf 87' lang='lat' dir='ltr'><strong>habita,</strong></span> 
     </span>
     <span class='ocr_line' id='line_1_25' title="bbox 301 3626 3402 3721; baseline 0 -20"><span class='ocrx_word' id='word_1_232' title='bbox 301 3650 349 3701; x_wconf 86' lang='lat' dir='ltr'><strong>a</strong></span> <span class='ocrx_word' id='word_1_233' title='bbox 400 3627 780 3701; x_wconf 87' lang='lat' dir='ltr'><strong>baronibus</strong></span> <span class='ocrx_word' id='word_1_234' title='bbox 848 3631 1078 3701; x_wconf 86' lang='lat' dir='ltr'><strong>terrae</strong></span> <span class='ocrx_word' id='word_1_235' title='bbox 1142 3626 1619 3701; x_wconf 74' lang='lat' dir='ltr'><strong>cracoviensis</strong></span> <span class='ocrx_word' id='word_1_236' title='bbox 1683 3627 1831 3700; x_wconf 84' lang='lat' dir='ltr'><strong>lata</strong></span> <span class='ocrx_word' id='word_1_237' title='bbox 1884 3634 2025 3717; x_wconf 90' lang='lat' dir='ltr'><strong>est,</strong></span> <span class='ocrx_word' id='word_1_238' title='bbox 2095 3628 2280 3720; x_wconf 89' lang='lat' dir='ltr'><strong>quod</strong></span> <span class='ocrx_word' id='word_1_239' title='bbox 2334 3629 2484 3702; x_wconf 91' lang='lat' dir='ltr'><strong>illis</strong></span> <span class='ocrx_word' id='word_1_240' title='bbox 2538 3628 2990 3721; x_wconf 86' lang='lat' dir='ltr'><strong>irrequisitis,</strong></span> <span class='ocrx_word' id='word_1_241' title='bbox 3046 3630 3402 3703; x_wconf 91' lang='lat' dir='ltr'><strong>inconsul-</strong></span> 
     </span>
     <span class='ocr_line' id='line_1_26' title="bbox 298 3746 3402 3842; baseline 0.001 -22"><span class='ocrx_word' id='word_1_242' title='bbox 298 3748 573 3839; x_wconf 89' lang='lat' dir='ltr'><strong>tisque,</strong></span> <span class='ocrx_word' id='word_1_243' title='bbox 628 3748 1073 3840; x_wconf 87' lang='lat' dir='ltr'><strong>promulgata</strong></span> <span class='ocrx_word' id='word_1_244' title='bbox 1124 3746 1412 3835; x_wconf 89' lang='lat' dir='ltr'><strong>fuisset;</strong></span> <span class='ocrx_word' id='word_1_245' title='bbox 1470 3746 1592 3825; x_wconf 84' lang='lat' dir='ltr'><strong>sed</strong></span> <span class='ocrx_word' id='word_1_246' title='bbox 1643 3746 2002 3821; x_wconf 82' lang='lat' dir='ltr'><strong>relevabat</strong></span> <span class='ocrx_word' id='word_1_247' title='bbox 2054 3747 2640 3842; x_wconf 82' lang='lat' dir='ltr'><strong>indignationem,</strong></span> <span class='ocrx_word' id='word_1_248' title='bbox 2699 3749 2884 3841; x_wconf 87' lang='lat' dir='ltr'><strong>quod</strong></span> <span class='ocrx_word' id='word_1_249' title='bbox 2938 3754 3010 3823; x_wconf 92' lang='lat' dir='ltr'><strong>et</strong></span> <span class='ocrx_word' id='word_1_250' title='bbox 3045 3749 3402 3823; x_wconf 89' lang='lat' dir='ltr'><strong>conclusio</strong></span> 
     </span>
     <span class='ocr_line' id='line_1_27' title="bbox 300 3866 3396 3963; baseline 0.001 -24"><span class='ocrx_word' id='word_1_251' title='bbox 300 3867 465 3959; x_wconf 86' lang='lat' dir='ltr'><strong>ipsa</strong></span> <span class='ocrx_word' id='word_1_252' title='bbox 518 3866 905 3940; x_wconf 90' lang='lat' dir='ltr'><strong>utilissima</strong></span> <span class='ocrx_word' id='word_1_253' title='bbox 959 3866 1201 3959; x_wconf 88' lang='lat' dir='ltr'><strong>Regno</strong></span> <span class='ocrx_word' id='word_1_254' title='bbox 1258 3866 1413 3941; x_wconf 82' lang='lat' dir='ltr'><strong>visa</strong></span> <span class='ocrx_word' id='word_1_255' title='bbox 1467 3871 1606 3961; x_wconf 89' lang='lat' dir='ltr'><strong>est,</strong></span> <span class='ocrx_word' id='word_1_256' title='bbox 1665 3871 1735 3939; x_wconf 91' lang='lat' dir='ltr'><strong>et</strong></span> <span class='ocrx_word' id='word_1_257' title='bbox 1788 3866 1989 3941; x_wconf 85' lang='lat' dir='ltr'><strong>illam</strong></span> <span class='ocrx_word' id='word_1_258' title='bbox 2044 3868 2404 3960; x_wconf 85' lang='lat' dir='ltr'><strong>praefatus</strong></span> <span class='ocrx_word' id='word_1_259' title='bbox 2443 3867 2791 3963; x_wconf 83' lang='lat' dir='ltr'><strong>Sbignous</strong></span> <span class='ocrx_word' id='word_1_260' title='bbox 2823 3868 3196 3961; x_wconf 86' lang='lat' dir='ltr'><strong>episcopus</strong></span> <span class='ocrx_word' id='word_1_261' title='bbox 3236 3870 3396 3943; x_wconf 82' lang='lat' dir='ltr'><strong>Cra-</strong></span> 
     </span>
     <span class='ocr_line' id='line_1_28' title="bbox 299 3986 3399 4081; baseline 0.001 -22"><span class='ocrx_word' id='word_1_262' title='bbox 299 3986 653 4060; x_wconf 80' lang='lat' dir='ltr'><strong>coviensis</strong></span> <span class='ocrx_word' id='word_1_263' title='bbox 720 3986 943 4060; x_wconf 91' lang='lat' dir='ltr'><strong>scitus</strong></span> <span class='ocrx_word' id='word_1_264' title='bbox 1009 3991 1159 4059; x_wconf 85' lang='lat' dir='ltr'><strong>erat</strong></span> <span class='ocrx_word' id='word_1_265' title='bbox 1223 3987 1667 4076; x_wconf 82' lang='lat' dir='ltr'><strong>conflavisse,</strong></span> <span class='ocrx_word' id='word_1_266' title='bbox 1724 3992 1796 4061; x_wconf 90' lang='lat' dir='ltr'><strong>et</strong></span> <span class='ocrx_word' id='word_1_267' title='bbox 1850 3988 1933 4062; x_wconf 89' lang='lat' dir='ltr'><strong>de</strong></span> <span class='ocrx_word' id='word_1_268' title='bbox 1989 3988 2318 4081; x_wconf 89' lang='lat' dir='ltr'><strong>Principe</strong></span> <span class='ocrx_word' id='word_1_269' title='bbox 2383 3988 2918 4062; x_wconf 85' lang='lat' dir='ltr'><strong>commendabili</strong></span> <span class='ocrx_word' id='word_1_270' title='bbox 2981 3993 3051 4061; x_wconf 90' lang='lat' dir='ltr'><strong>et</strong></span> <span class='ocrx_word' id='word_1_271' title='bbox 3106 3989 3399 4063; x_wconf 83' lang='lat' dir='ltr'><strong>virtutis</strong></span> 
     </span>
     <span class='ocr_line' id='line_1_29' title="bbox 300 4106 3405 4201; baseline 0.001 -22"><span class='ocrx_word' id='word_1_272' title='bbox 300 4110 681 4197; x_wconf 85' lang='lat' dir='ltr'><strong>spectatae.</strong></span> <span class='ocrx_word' id='word_1_273' title='bbox 741 4106 1112 4180; x_wconf 84' lang='lat' dir='ltr'><strong>Eminebat</strong></span> <span class='ocrx_word' id='word_1_274' title='bbox 1175 4106 1361 4181; x_wconf 88' lang='lat' dir='ltr'><strong>enim</strong></span> <span class='ocrx_word' id='word_1_275' title='bbox 1413 4107 1555 4181; x_wconf 86' lang='lat' dir='ltr'><strong>iam</strong></span> <span class='ocrx_word' id='word_1_276' title='bbox 1608 4112 1779 4180; x_wconf 87' lang='lat' dir='ltr'><strong>tunc</strong></span> <span class='ocrx_word' id='word_1_277' title='bbox 1830 4108 1905 4183; x_wconf 91' lang='lat' dir='ltr'><strong>in</strong></span> <span class='ocrx_word' id='word_1_278' title='bbox 1964 4109 2356 4182; x_wconf 84' lang='lat' dir='ltr'><strong>Wladislao</strong></span> <span class='ocrx_word' id='word_1_279' title='bbox 2418 4113 2674 4183; x_wconf 88' lang='lat' dir='ltr'><strong>natura</strong></span> <span class='ocrx_word' id='word_1_280' title='bbox 2734 4108 3132 4201; x_wconf 88' lang='lat' dir='ltr'><strong>benignior,</strong></span> <span class='ocrx_word' id='word_1_281' title='bbox 3192 4113 3263 4182; x_wconf 94' lang='lat' dir='ltr'><strong>et</strong></span> <span class='ocrx_word' id='word_1_282' title='bbox 3317 4110 3405 4182; x_wconf 91' lang='lat' dir='ltr'><strong>ad</strong></span> 
     </span>
     <span class='ocr_line' id='line_1_30' title="bbox 296 4225 3399 4322; baseline 0.001 -25"><span class='ocrx_word' id='word_1_283' title='bbox 296 4225 764 4317; x_wconf 88' lang='lat' dir='ltr'><strong>reipublicae</strong></span> <span class='ocrx_word' id='word_1_284' title='bbox 828 4226 1365 4317; x_wconf 80' lang='lat' dir='ltr'><strong>amplitudinem</strong></span> <span class='ocrx_word' id='word_1_285' title='bbox 1428 4227 2022 4317; x_wconf 81' lang='lat' dir='ltr'><strong>constituendam,</strong></span> <span class='ocrx_word' id='word_1_286' title='bbox 2086 4228 2436 4304; x_wconf 85' lang='lat' dir='ltr'><strong>fervidum</strong></span> <span class='ocrx_word' id='word_1_287' title='bbox 2489 4235 2560 4302; x_wconf 92' lang='lat' dir='ltr'><strong>et</strong></span> <span class='ocrx_word' id='word_1_288' title='bbox 2613 4229 2824 4303; x_wconf 78' lang='lat' dir='ltr'><strong>civile</strong></span> <span class='ocrx_word' id='word_1_289' title='bbox 2876 4228 3235 4322; x_wconf 89' lang='lat' dir='ltr'><strong>ingenium</strong></span> <span class='ocrx_word' id='word_1_290' title='bbox 3253 4285 3270 4319; x_wconf 94' lang='lat'><strong>,</strong></span> <span class='ocrx_word' id='word_1_291' title='bbox 3329 4234 3399 4303; x_wconf 92' lang='lat' dir='ltr'><strong>et</strong></span> 
     </span>
     <span class='ocr_line' id='line_1_31' title="bbox 296 4345 3401 4441; baseline 0.001 -24"><span class='ocrx_word' id='word_1_292' title='bbox 296 4345 379 4417; x_wconf 91' lang='lat' dir='ltr'><strong>in</strong></span> <span class='ocrx_word' id='word_1_293' title='bbox 432 4348 692 4434; x_wconf 87' lang='lat' dir='ltr'><strong>aetate,</strong></span> <span class='ocrx_word' id='word_1_294' title='bbox 747 4345 916 4419; x_wconf 91' lang='lat' dir='ltr'><strong>licet</strong></span> <span class='ocrx_word' id='word_1_295' title='bbox 971 4345 1269 4419; x_wconf 81' lang='lat' dir='ltr'><strong>iuvenili</strong></span> <span class='ocrx_word' id='word_1_296' title='bbox 1324 4351 1394 4421; x_wconf 91' lang='lat' dir='ltr'><strong>et</strong></span> <span class='ocrx_word' id='word_1_297' title='bbox 1447 4345 1723 4435; x_wconf 86' lang='lat' dir='ltr'><strong>florida,</strong></span> <span class='ocrx_word' id='word_1_298' title='bbox 1782 4368 2008 4422; x_wconf 89' lang='lat' dir='ltr'><strong>mores</strong></span> <span class='ocrx_word' id='word_1_299' title='bbox 2064 4352 2299 4421; x_wconf 87' lang='lat' dir='ltr'><strong>tamen</strong></span> <span class='ocrx_word' id='word_1_300' title='bbox 2355 4348 2640 4421; x_wconf 80' lang='lat' dir='ltr'><strong>verendi</strong></span> <span class='ocrx_word' id='word_1_301' title='bbox 2695 4353 2764 4421; x_wconf 91' lang='lat' dir='ltr'><strong>ct</strong></span> <span class='ocrx_word' id='word_1_302' title='bbox 2817 4348 2995 4441; x_wconf 89' lang='lat' dir='ltr'><strong>regii</strong></span> <span class='ocrx_word' id='word_1_303' title='bbox 3029 4348 3104 4421; x_wconf 90' lang='lat' dir='ltr'><strong>in</strong></span> <span class='ocrx_word' id='word_1_304' title='bbox 3146 4369 3224 4421; x_wconf 92' lang='lat' dir='ltr'><strong>eo</strong></span> <span class='ocrx_word' id='word_1_305' title='bbox 3261 4348 3401 4421; x_wconf 83' lang='lat' dir='ltr'><strong>iam</strong></span> 
     </span>
     <span class='ocr_line' id='line_1_32' title="bbox 296 4465 1358 4539; baseline 0.001 -2"><span class='ocrx_word' id='word_1_306' title='bbox 296 4468 473 4537; x_wconf 89' lang='lat' dir='ltr'><strong>tunc</strong></span> <span class='ocrx_word' id='word_1_307' title='bbox 528 4465 919 4539; x_wconf 90' lang='lat' dir='ltr'><strong>elucescere</strong></span> <span class='ocrx_word' id='word_1_308' title='bbox 972 4465 1116 4539; x_wconf 83' lang='lat' dir='ltr'><strong>visi</strong></span> <span class='ocrx_word' id='word_1_309' title='bbox 1170 4470 1358 4539; x_wconf 90' lang='lat' dir='ltr'><strong>sunt.</strong></span> 
     </span>
    </p>
   </div>
   <div class='ocr_carea' id='block_1_4' title="bbox 1226 4818 2470 4913">
    <p class='ocr_par' dir='ltr' id='par_1_6' title="bbox 1226 4818 2470 4913">
     <span class='ocr_line' id='line_1_33' title="bbox 1226 4818 2470 4913; baseline 0.002 -23"><span class='ocrx_word' id='word_1_310' title='bbox 1226 4820 1409 4895; x_wconf 73' lang='lat' dir='ltr'><strong>lum</strong></span> <span class='ocrx_word' id='word_1_311' title='bbox 1452 4818 1807 4897; x_wconf 64' lang='lat' dir='ltr'><strong>wladislao</strong></span> <span class='ocrx_word' id='word_1_312' title='bbox 1850 4821 2008 4912; x_wconf 71' lang='lat' dir='ltr'><strong>Regi</strong></span> <span class='ocrx_word' id='word_1_313' title='bbox 2053 4823 2470 4913; x_wconf 63' lang='lat' dir='ltr'><strong>ponuntur.</strong></span> 
     </span>
    </p>
   </div>
   <div class='ocr_carea' id='block_1_5' title="bbox 293 5064 3398 5281">
    <p class='ocr_par' dir='ltr' id='par_1_7' title="bbox 293 5064 3398 5281">
     <span class='ocr_line' id='line_1_34' title="bbox 506 5064 3398 5163; baseline 0.002 -25"><span class='ocrx_word' id='word_1_314' title='bbox 506 5064 717 5138; x_wconf 84' lang='lat' dir='ltr'><strong>Feria</strong></span> <span class='ocrx_word' id='word_1_315' title='bbox 770 5070 1003 5155; x_wconf 85' lang='lat' dir='ltr'><strong>sexta,</strong></span> <span class='ocrx_word' id='word_1_316' title='bbox 1062 5066 1137 5138; x_wconf 91' lang='lat' dir='ltr'><strong>in</strong></span> <span class='ocrx_word' id='word_1_317' title='bbox 1190 5065 1304 5139; x_wconf 91' lang='lat' dir='ltr'><strong>die</strong></span> <span class='ocrx_word' id='word_1_318' title='bbox 1360 5066 1772 5140; x_wconf 86' lang='lat' dir='ltr'><strong>Sanctorum</strong></span> <span class='ocrx_word' id='word_1_319' title='bbox 1828 5067 2045 5142; x_wconf 87' lang='lat' dir='ltr'><strong>Marci</strong></span> <span class='ocrx_word' id='word_1_320' title='bbox 2101 5072 2172 5141; x_wconf 93' lang='lat' dir='ltr'><strong>et</strong></span> <span class='ocrx_word' id='word_1_321' title='bbox 2227 5066 2653 5159; x_wconf 87' lang='lat' dir='ltr'><strong>Marcellini,</strong></span> <span class='ocrx_word' id='word_1_322' title='bbox 2712 5089 2889 5163; x_wconf 85' lang='lat' dir='ltr'><strong>quae</strong></span> <span class='ocrx_word' id='word_1_323' title='bbox 2945 5070 3085 5143; x_wconf 89' lang='lat' dir='ltr'><strong>fuit</strong></span> <span class='ocrx_word' id='word_1_324' title='bbox 3129 5071 3398 5144; x_wconf 90' lang='lat' dir='ltr'><strong>decima</strong></span> 
     </span>
     <span class='ocr_line' id='line_1_35' title="bbox 293 5181 3390 5281; baseline 0.002 -23"><span class='ocrx_word' id='word_1_325' title='bbox 293 5186 545 5259; x_wconf 80' lang='lat' dir='ltr'><strong>octava</strong></span> <span class='ocrx_word' id='word_1_326' title='bbox 584 5182 823 5275; x_wconf 72' lang='lat' dir='ltr'><strong>Iunii,</strong></span> <span class='ocrx_word' id='word_1_327' title='bbox 899 5181 1477 5262; x_wconf 85' lang='lat' dir='ltr'><strong>convenientibus</strong></span> <span class='ocrx_word' id='word_1_328' title='bbox 1538 5186 1892 5262; x_wconf 82' lang='lat' dir='ltr'><strong>universis</strong></span> <span class='ocrx_word' id='word_1_329' title='bbox 1957 5188 2304 5263; x_wconf 87' lang='lat' dir='ltr'><strong>Praelatis</strong></span> <span class='ocrx_word' id='word_1_330' title='bbox 2361 5194 2433 5263; x_wconf 92' lang='lat' dir='ltr'><strong>et</strong></span> <span class='ocrx_word' id='word_1_331' title='bbox 2483 5188 2896 5280; x_wconf 78' lang='lat' dir='ltr'><strong>baronibuS,</strong></span> <span class='ocrx_word' id='word_1_332' title='bbox 2953 5190 3390 5281; x_wconf 87' lang='lat' dir='ltr'><strong>proceribus-</strong></span> 
     </span>
    </p>
   </div>
   <div class='ocr_carea' id='block_1_6' title="bbox 508 5436 1348 5520">
    <p class='ocr_par' dir='ltr' id='par_1_8' title="bbox 508 5436 1348 5520">
     <span class='ocr_line' id='line_1_36' title="bbox 508 5436 1348 5520; baseline -0.001 -15"><span class='ocrx_word' id='word_1_333' title='bbox 508 5440 557 5519; x_wconf 89' lang='lat'><strong>¹)</strong></span> <span class='ocrx_word' id='word_1_334' title='bbox 600 5440 733 5505; x_wconf 87' lang='lat' dir='ltr'><strong>Rex</strong></span> <span class='ocrx_word' id='word_1_335' title='bbox 772 5444 902 5520; x_wconf 81' lang='lat' dir='ltr'><strong>ipse</strong></span> <span class='ocrx_word' id='word_1_336' title='bbox 948 5436 1103 5506; x_wconf 81' lang='lat' dir='ltr'><strong>God.</strong></span> <span class='ocrx_word' id='word_1_337' title='bbox 1154 5438 1348 5505; x_wconf 77' lang='lat' dir='ltr'><strong>Rozr.</strong></span> 
     </span>
    </p>
   </div>
   <div class='ocr_carea' id='block_1_7' title="bbox 344 5578 3048 5647">
    <p class='ocr_par' dir='ltr' id='par_1_9' title="bbox 344 5578 3048 5647">
     <span class='ocr_line' id='line_1_37' title="bbox 344 5578 3048 5647; baseline 0.003 -10"><span class='ocrx_word' id='word_1_338' title='bbox 344 5592 391 5637; x_wconf 74' lang='lat' dir='ltr'><strong>J.</strong></span> <span class='ocrx_word' id='word_1_339' title='bbox 418 5591 611 5647; x_wconf 63' lang='lat' dir='ltr'><strong>Diagon.</strong></span> <span class='ocrx_word' id='word_1_340' title='bbox 636 5592 814 5637; x_wconf 71' lang='lat' dir='ltr'><strong>mutor.</strong></span> <span class='ocrx_word' id='word_1_341' title='bbox 837 5592 998 5638; x_wconf 74' lang='lat' dir='ltr'><strong>Polou.</strong></span> <span class='ocrx_word' id='word_1_342' title='bbox 1025 5592 1078 5639; x_wconf 78' lang='lat' dir='ltr'><strong>&#39;l&#39;-</strong></span> <span class='ocrx_word' id='word_1_343' title='bbox 1104 5592 1187 5637; x_wconf 80' lang='grc' dir='ltr'><strong>Π.</strong></span> <span class='ocrx_word' id='word_1_344' title='bbox 2980 5578 3048 5637; x_wconf 71' lang='grc'><strong>67</strong></span> 
     </span>
    </p>
   </div>
  </div>
 </body>
</html>
