<?xml version="1.0" encoding="UTF-8"?>
<!DOCTYPE html PUBLIC "-//W3C//DTD XHTML 1.0 Transitional//EN"
    "http://www.w3.org/TR/xhtml1/DTD/xhtml1-transitional.dtd">
<html xmlns="http://www.w3.org/1999/xhtml" xml:lang="en" lang="en">
 <head>
  <title>
</title>
<meta http-equiv="Content-Type" content="text/html;charset=utf-8" />
  <meta name='ocr-system' content='tesseract 3.04.00' />
  <meta name='ocr-capabilities' content='ocr_page ocr_carea ocr_par ocr_line ocrx_word'/>
</head>
<body>
  <div class='ocr_page' id='page_1' title='image "./dzieawszystkie00unkngoog_0092.png"; bbox 0 0 4342 6384; ppageno 0'>
   <div class='ocr_carea' id='block_1_1' title="bbox 324 516 3414 618">
    <p class='ocr_par' dir='ltr' id='par_1_1' title="bbox 324 516 3414 618">
     <span class='ocr_line' id='line_1_1' title="bbox 324 516 3414 618; baseline 0.002 -27"><span class='ocrx_word' id='word_1_1' title='bbox 324 516 457 617; x_wconf 90' lang='grc' dir='ltr'>(Α.</span> <span class='ocrx_word' id='word_1_2' title='bbox 497 517 588 592; x_wconf 87' lang='lat' dir='ltr'>D.</span> <span class='ocrx_word' id='word_1_3' title='bbox 630 516 859 618; x_wconf 88' lang='grc'>1410.)</span> <span class='ocrx_word' id='word_1_4' title='bbox 1492 541 1717 598; x_wconf 73' lang='lat' dir='ltr'>menn</span> <span class='ocrx_word' id='word_1_5' title='bbox 1771 543 2232 598; x_wconf 72' lang='lat' dir='ltr'>Unnncmns.</span> <span class='ocrx_word' id='word_1_6' title='bbox 3323 523 3414 598; x_wconf 85' lang='grc'>81</span> 
     </span>
    </p>
   </div>
   <div class='ocr_carea' id='block_1_2' title="bbox 326 845 3422 1179">
    <p class='ocr_par' dir='ltr' id='par_1_2' title="bbox 326 845 3422 1179">
     <span class='ocr_line' id='line_1_2' title="bbox 326 845 3422 940; baseline 0.002 -23"><span class='ocrx_word' id='word_1_7' title='bbox 326 845 714 918; x_wconf 63' lang='lat' dir='ltr'>vladislaus</span> <span class='ocrx_word' id='word_1_8' title='bbox 758 847 897 919; x_wconf 75' lang='lat' dir='ltr'>Rex</span> <span class='ocrx_word' id='word_1_9' title='bbox 958 848 1175 920; x_wconf 75' lang='lat' dir='ltr'>elatus</span> <span class='ocrx_word' id='word_1_10' title='bbox 1234 849 1537 935; x_wconf 76' lang='lat' dir='ltr'>victoria,</span> <span class='ocrx_word' id='word_1_11' title='bbox 1598 850 1933 922; x_wconf 77' lang='lat' dir='ltr'>Renricum</span> <span class='ocrx_word' id='word_1_12' title='bbox 1976 851 2059 922; x_wconf 84' lang='lat' dir='ltr'>de</span> <span class='ocrx_word' id='word_1_13' title='bbox 2102 851 2363 923; x_wconf 77' lang='lat' dir='ltr'>Plawen</span> <span class='ocrx_word' id='word_1_14' title='bbox 2426 851 3012 923; x_wconf 74' lang='lat' dir='ltr'><strong>commendatorem</strong></span> <span class='ocrx_word' id='word_1_15' title='bbox 3071 852 3422 940; x_wconf 71' lang='lat' dir='ltr'><strong>supplicem</strong></span> 
     </span>
     <span class='ocr_line' id='line_1_3' title="bbox 486 968 3269 1058; baseline 0.001 -21"><span class='ocrx_word' id='word_1_16' title='bbox 486 969 559 1037; x_wconf 81' lang='lat' dir='ltr'>et</span> <span class='ocrx_word' id='word_1_17' title='bbox 605 983 849 1057; x_wconf 74' lang='lat' dir='ltr'>aequas</span> <span class='ocrx_word' id='word_1_18' title='bbox 892 968 1327 1040; x_wconf 79' lang='lat' dir='ltr'>conditionem</span> <span class='ocrx_word' id='word_1_19' title='bbox 1371 969 1552 1058; x_wconf 70' lang='lat' dir='ltr'>pacis</span> <span class='ocrx_word' id='word_1_20' title='bbox 1596 969 1972 1041; x_wconf 74' lang='lat' dir='ltr'>offerente·</span> <span class='ocrx_word' id='word_1_21' title='bbox 1986 1026 2003 1056; x_wconf 93' lang='lat'>,</span> <span class='ocrx_word' id='word_1_22' title='bbox 2050 970 2133 1041; x_wconf 75' lang='lat' dir='ltr'>ad</span> <span class='ocrx_word' id='word_1_23' title='bbox 2162 971 2425 1044; x_wconf 78' lang='lat' dir='ltr'>fortiter</span> <span class='ocrx_word' id='word_1_24' title='bbox 2469 969 2940 1043; x_wconf 75' lang='lat' dir='ltr'>defendendum</span> <span class='ocrx_word' id='word_1_25' title='bbox 2985 973 3269 1042; x_wconf 76' lang='lat' dir='ltr'>castrum</span> 
     </span>
     <span class='ocr_line' id='line_1_4' title="bbox 1520 1087 2852 1179; baseline 0.003 -21"><span class='ocrx_word' id='word_1_26' title='bbox 1520 1087 1922 1179; x_wconf 64' lang='lat' dir='ltr'>norimberg</span> <span class='ocrx_word' id='word_1_27' title='bbox 1966 1091 2232 1162; x_wconf 74' lang='lat' dir='ltr'>ani-at.</span> <span class='ocrx_word' id='word_1_28' title='bbox 2839 1087 2852 1100; x_wconf 79' lang='lat'>‘</span> 
     </span>
    </p>
   </div>
   <div class='ocr_carea' id='block_1_3' title="bbox 322 1323 3446 5005">
    <p class='ocr_par' dir='ltr' id='par_1_3' title="bbox 322 1323 3446 5005">
     <span class='ocr_line' id='line_1_5' title="bbox 532 1323 3418 1417; baseline 0.002 -23"><span class='ocrx_word' id='word_1_29' title='bbox 532 1323 817 1416; x_wconf 85' lang='lat' dir='ltr'>Integre</span> <span class='ocrx_word' id='word_1_30' title='bbox 873 1343 1112 1398; x_wconf 87' lang='lat' dir='ltr'>mense</span> <span class='ocrx_word' id='word_1_31' title='bbox 1165 1325 1353 1397; x_wconf 89' lang='lat' dir='ltr'>Iulio</span> <span class='ocrx_word' id='word_1_32' title='bbox 1394 1326 1472 1414; x_wconf 91' lang='lat'>¹),</span> <span class='ocrx_word' id='word_1_33' title='bbox 1532 1326 1663 1398; x_wconf 88' lang='lat' dir='ltr'>sub</span> <span class='ocrx_word' id='word_1_34' title='bbox 1718 1347 1854 1417; x_wconf 92' lang='lat' dir='ltr'>quo</span> <span class='ocrx_word' id='word_1_35' title='bbox 1909 1326 2351 1400; x_wconf 86' lang='lat' dir='ltr'>Wladislaus</span> <span class='ocrx_word' id='word_1_36' title='bbox 2405 1327 2738 1400; x_wconf 89' lang='lat' dir='ltr'>Poloniae</span> <span class='ocrx_word' id='word_1_37' title='bbox 2793 1329 2948 1400; x_wconf 84' lang='lat' dir='ltr'>Rex</span> <span class='ocrx_word' id='word_1_38' title='bbox 3005 1329 3220 1400; x_wconf 89' lang='lat' dir='ltr'>castri</span> <span class='ocrx_word' id='word_1_39' title='bbox 3275 1328 3418 1400; x_wconf 83' lang='lat' dir='ltr'>Ma·</span> 
     </span>
     <span class='ocr_line' id='line_1_6' title="bbox 334 1443 3426 1539; baseline 0.001 -25"><span class='ocrx_word' id='word_1_40' title='bbox 334 1443 849 1536; x_wconf 89' lang='lat' dir='ltr'>rienburgensis</span> <span class='ocrx_word' id='word_1_41' title='bbox 906 1443 1255 1516; x_wconf 89' lang='lat' dir='ltr'>obsidioni</span> <span class='ocrx_word' id='word_1_42' title='bbox 1309 1451 1707 1534; x_wconf 82' lang='lat' dir='ltr'>vacaverat,</span> <span class='ocrx_word' id='word_1_43' title='bbox 1767 1445 1840 1517; x_wconf 92' lang='lat' dir='ltr'>in</span> <span class='ocrx_word' id='word_1_44' title='bbox 1896 1447 2085 1518; x_wconf 92' lang='lat' dir='ltr'>omni</span> <span class='ocrx_word' id='word_1_45' title='bbox 2138 1447 2325 1535; x_wconf 91' lang='lat' dir='ltr'>loco,</span> <span class='ocrx_word' id='word_1_46' title='bbox 2392 1447 2662 1520; x_wconf 89' lang='lat' dir='ltr'>actione</span> <span class='ocrx_word' id='word_1_47' title='bbox 2717 1451 2786 1519; x_wconf 88' lang='lat' dir='ltr'>et</span> <span class='ocrx_word' id='word_1_48' title='bbox 2841 1468 3216 1539; x_wconf 88' lang='lat' dir='ltr'>congressu</span> <span class='ocrx_word' id='word_1_49' title='bbox 3271 1448 3426 1520; x_wconf 82' lang='lat' dir='ltr'>Rex</span> 
     </span>
     <span class='ocr_line' id='line_1_7' title="bbox 334 1562 3430 1657; baseline 0.001 -23"><span class='ocrx_word' id='word_1_50' title='bbox 334 1562 479 1653; x_wconf 89' lang='lat' dir='ltr'>ipse</span> <span class='ocrx_word' id='word_1_51' title='bbox 534 1567 605 1636; x_wconf 93' lang='lat' dir='ltr'>et</span> <span class='ocrx_word' id='word_1_52' title='bbox 658 1585 829 1635; x_wconf 90' lang='lat' dir='ltr'>suus</span> <span class='ocrx_word' id='word_1_53' title='bbox 884 1565 1236 1637; x_wconf 81' lang='lat' dir='ltr'>exercitus</span> <span class='ocrx_word' id='word_1_54' title='bbox 1308 1585 1641 1656; x_wconf 87' lang='lat' dir='ltr'>prospera</span> <span class='ocrx_word' id='word_1_55' title='bbox 1717 1570 1786 1638; x_wconf 91' lang='lat' dir='ltr'>et</span> <span class='ocrx_word' id='word_1_56' title='bbox 1840 1566 2195 1657; x_wconf 81' lang='lat' dir='ltr'>aequabili</span> <span class='ocrx_word' id='word_1_57' title='bbox 2249 1588 2420 1638; x_wconf 88' lang='lat' dir='ltr'>usus</span> <span class='ocrx_word' id='word_1_58' title='bbox 2475 1568 2785 1656; x_wconf 89' lang='lat' dir='ltr'>fortuna,</span> <span class='ocrx_word' id='word_1_59' title='bbox 2843 1567 3104 1639; x_wconf 88' lang='lat' dir='ltr'>maiora</span> <span class='ocrx_word' id='word_1_60' title='bbox 3162 1566 3300 1639; x_wconf 90' lang='lat' dir='ltr'>sibi</span> <span class='ocrx_word' id='word_1_61' title='bbox 3353 1565 3430 1638; x_wconf 90' lang='lat' dir='ltr'>in</span> 
     </span>
     <span class='ocr_line' id='line_1_8' title="bbox 335 1681 3430 1778; baseline 0.001 -25"><span class='ocrx_word' id='word_1_62' title='bbox 335 1681 477 1754; x_wconf 89' lang='lat' dir='ltr'>dies</span> <span class='ocrx_word' id='word_1_63' title='bbox 534 1685 1010 1775; x_wconf 76' lang='lat' dir='ltr'>augurabatur</span> <span class='ocrx_word' id='word_1_64' title='bbox 1060 1685 1406 1776; x_wconf 89' lang='lat' dir='ltr'>portendi.</span> <span class='ocrx_word' id='word_1_65' title='bbox 1485 1685 1572 1758; x_wconf 90' lang='lat' dir='ltr'>In</span> <span class='ocrx_word' id='word_1_66' title='bbox 1626 1687 2005 1776; x_wconf 89' lang='lat' dir='ltr'>primordio</span> <span class='ocrx_word' id='word_1_67' title='bbox 2060 1690 2295 1759; x_wconf 89' lang='lat' dir='ltr'>autem</span> <span class='ocrx_word' id='word_1_68' title='bbox 2349 1686 2610 1758; x_wconf 80' lang='lat' dir='ltr'><strong>mensis</strong></span> <span class='ocrx_word' id='word_1_69' title='bbox 2664 1685 3008 1778; x_wconf 82' lang='lat' dir='ltr'>Augusti,</span> <span class='ocrx_word' id='word_1_70' title='bbox 3081 1686 3430 1758; x_wconf 91' lang='lat' dir='ltr'>Henricus</span> 
     </span>
     <span class='ocr_line' id='line_1_9' title="bbox 336 1801 3426 1896; baseline 0.001 -24"><span class='ocrx_word' id='word_1_71' title='bbox 336 1801 415 1873; x_wconf 93' lang='lat' dir='ltr'>de</span> <span class='ocrx_word' id='word_1_72' title='bbox 464 1801 751 1874; x_wconf 84' lang='lat' dir='ltr'>Plawen</span> <span class='ocrx_word' id='word_1_73' title='bbox 804 1803 1351 1893; x_wconf 88' lang='lat' dir='ltr'>Commendator,</span> <span class='ocrx_word' id='word_1_74' title='bbox 1420 1809 1766 1896; x_wconf 88' lang='lat' dir='ltr'>quatenus</span> <span class='ocrx_word' id='word_1_75' title='bbox 1822 1805 2295 1878; x_wconf 89' lang='lat' dir='ltr'>Wladislaum</span> <span class='ocrx_word' id='word_1_76' title='bbox 2349 1805 2683 1877; x_wconf 91' lang='lat' dir='ltr'>Poloniae</span> <span class='ocrx_word' id='word_1_77' title='bbox 2737 1804 2998 1896; x_wconf 80' lang='lat' dir='ltr'><strong>Regem</strong></span> <span class='ocrx_word' id='word_1_78' title='bbox 3053 1826 3142 1877; x_wconf 88' lang='lat' dir='ltr'>ex</span> <span class='ocrx_word' id='word_1_79' title='bbox 3197 1809 3426 1877; x_wconf 90' lang='lat' dir='ltr'>castro</span> 
     </span>
     <span class='ocr_line' id='line_1_10' title="bbox 335 1919 3424 2016; baseline 0.001 -24"><span class='ocrx_word' id='word_1_80' title='bbox 335 1919 778 2014; x_wconf 85' lang='lat' dir='ltr'>Marienburg</span> <span class='ocrx_word' id='word_1_81' title='bbox 806 1920 869 2010; x_wconf 74' lang='grc'>2)</span> <span class='ocrx_word' id='word_1_82' title='bbox 926 1923 1117 1996; x_wconf 89' lang='lat' dir='ltr'>adire</span> <span class='ocrx_word' id='word_1_83' title='bbox 1170 1928 1241 1995; x_wconf 91' lang='lat' dir='ltr'>et</span> <span class='ocrx_word' id='word_1_84' title='bbox 1294 1924 1562 2015; x_wconf 87' lang='lat' dir='ltr'>alloqui</span> <span class='ocrx_word' id='word_1_85' title='bbox 1615 1924 1893 2013; x_wconf 90' lang='lat' dir='ltr'>liceret,</span> <span class='ocrx_word' id='word_1_86' title='bbox 1952 1925 2191 1996; x_wconf 90' lang='lat' dir='ltr'>missis</span> <span class='ocrx_word' id='word_1_87' title='bbox 2247 1925 2370 2016; x_wconf 91' lang='lat' dir='ltr'>qui</span> <span class='ocrx_word' id='word_1_88' title='bbox 2426 1925 2497 1996; x_wconf 85' lang='lat' dir='ltr'>id</span> <span class='ocrx_word' id='word_1_89' title='bbox 2533 1928 2885 2016; x_wconf 87' lang='lat' dir='ltr'>peterent,</span> <span class='ocrx_word' id='word_1_90' title='bbox 2941 1924 3244 2013; x_wconf 78' lang='lat' dir='ltr'>nuntiiS,</span> <span class='ocrx_word' id='word_1_91' title='bbox 3306 1923 3424 1996; x_wconf 93' lang='lat' dir='ltr'>ob-</span> 
     </span>
     <span class='ocr_line' id='line_1_11' title="bbox 336 2040 3427 2136; baseline 0.001 -25"><span class='ocrx_word' id='word_1_92' title='bbox 336 2040 571 2112; x_wconf 79' lang='lat' dir='ltr'>tinuit.</span> <span class='ocrx_word' id='word_1_93' title='bbox 646 2041 955 2133; x_wconf 86' lang='lat' dir='ltr'>Cumque</span> <span class='ocrx_word' id='word_1_94' title='bbox 1010 2043 1085 2115; x_wconf 93' lang='lat' dir='ltr'>in</span> <span class='ocrx_word' id='word_1_95' title='bbox 1138 2044 1357 2136; x_wconf 88' lang='lat' dir='ltr'>Regis</span> <span class='ocrx_word' id='word_1_96' title='bbox 1422 2050 1493 2116; x_wconf 91' lang='lat' dir='ltr'>et</span> <span class='ocrx_word' id='word_1_97' title='bbox 1546 2044 1953 2135; x_wconf 79' lang='lat' dir='ltr'>Principum</span> <span class='ocrx_word' id='word_1_98' title='bbox 2019 2049 2229 2136; x_wconf 89' lang='lat' dir='ltr'>atque</span> <span class='ocrx_word' id='word_1_99' title='bbox 2283 2065 2644 2135; x_wconf 91' lang='lat' dir='ltr'>procerum</span> <span class='ocrx_word' id='word_1_100' title='bbox 2711 2065 3026 2132; x_wconf 88' lang='lat' dir='ltr'>suorum,</span> <span class='ocrx_word' id='word_1_101' title='bbox 3101 2064 3427 2136; x_wconf 88' lang='lat' dir='ltr'>germano</span> 
     </span>
     <span class='ocr_line' id='line_1_12' title="bbox 337 2162 3430 2256; baseline 0.001 -25"><span class='ocrx_word' id='word_1_102' title='bbox 337 2162 546 2234; x_wconf 88' lang='lat' dir='ltr'>fratre</span> <span class='ocrx_word' id='word_1_103' title='bbox 600 2162 811 2250; x_wconf 86' lang='lat' dir='ltr'>laice,</span> <span class='ocrx_word' id='word_1_104' title='bbox 869 2163 1173 2235; x_wconf 89' lang='lat' dir='ltr'>Henrico</span> <span class='ocrx_word' id='word_1_105' title='bbox 1228 2164 1315 2235; x_wconf 88' lang='lat' dir='ltr'>de</span> <span class='ocrx_word' id='word_1_106' title='bbox 1368 2165 1673 2252; x_wconf 86' lang='lat' dir='ltr'>Plawen‚</span> <span class='ocrx_word' id='word_1_107' title='bbox 1733 2169 1804 2236; x_wconf 92' lang='lat' dir='ltr'>et</span> <span class='ocrx_word' id='word_1_108' title='bbox 1856 2165 2127 2256; x_wconf 84' lang='lat' dir='ltr'>aliquot</span> <span class='ocrx_word' id='word_1_109' title='bbox 2184 2163 2516 2236; x_wconf 88' lang='lat' dir='ltr'>Bohemis</span> <span class='ocrx_word' id='word_1_110' title='bbox 2574 2168 2643 2236; x_wconf 90' lang='lat' dir='ltr'>et</span> <span class='ocrx_word' id='word_1_111' title='bbox 2681 2163 2964 2236; x_wconf 88' lang='lat' dir='ltr'>Slesitis</span> <span class='ocrx_word' id='word_1_112' title='bbox 3022 2163 3430 2250; x_wconf 76' lang='lat' dir='ltr'>comitatae,</span> 
     </span>
     <span class='ocr_line' id='line_1_13' title="bbox 339 2282 3424 2374; baseline 0.001 -22"><span class='ocrx_word' id='word_1_113' title='bbox 339 2285 780 2372; x_wconf 89' lang='lat' dir='ltr'>conspectum</span> <span class='ocrx_word' id='word_1_114' title='bbox 836 2285 908 2354; x_wconf 94' lang='lat' dir='ltr'>et</span> <span class='ocrx_word' id='word_1_115' title='bbox 960 2286 1411 2371; x_wconf 82' lang='lat' dir='ltr'>conventum,</span> <span class='ocrx_word' id='word_1_116' title='bbox 1469 2283 1673 2355; x_wconf 84' lang='lat' dir='ltr'>iuxta</span> <span class='ocrx_word' id='word_1_117' title='bbox 1726 2284 2113 2374; x_wconf 88' lang='lat' dir='ltr'>pomerium</span> <span class='ocrx_word' id='word_1_118' title='bbox 2168 2284 2520 2371; x_wconf 87' lang='lat' dir='ltr'>habitum,</span> <span class='ocrx_word' id='word_1_119' title='bbox 2578 2283 2920 2356; x_wconf 85' lang='lat' dir='ltr'>venisset:</span> <span class='ocrx_word' id='word_1_120' title='bbox 2980 2283 3150 2374; x_wconf 92' lang='lat' dir='ltr'>quid</span> <span class='ocrx_word' id='word_1_121' title='bbox 3205 2282 3424 2354; x_wconf 89' lang='lat' dir='ltr'>adfer-</span> 
     </span>
     <span class='ocr_line' id='line_1_14' title="bbox 337 2401 3432 2494; baseline 0.001 -23"><span class='ocrx_word' id='word_1_122' title='bbox 337 2406 471 2488; x_wconf 87' lang='lat' dir='ltr'>ret,</span> <span class='ocrx_word' id='word_1_123' title='bbox 531 2401 839 2492; x_wconf 89' lang='lat' dir='ltr'>quidque</span> <span class='ocrx_word' id='word_1_124' title='bbox 876 2407 1268 2494; x_wconf 82' lang='lat' dir='ltr'><strong>expeteret,</strong></span> <span class='ocrx_word' id='word_1_125' title='bbox 1327 2403 1555 2476; x_wconf 89' lang='lat' dir='ltr'>dicere</span> <span class='ocrx_word' id='word_1_126' title='bbox 1610 2403 1883 2492; x_wconf 78' lang='lat' dir='ltr'>iussuS,</span> <span class='ocrx_word' id='word_1_127' title='bbox 1941 2405 2153 2477; x_wconf 86' lang='lat' dir='ltr'>verba</span> <span class='ocrx_word' id='word_1_128' title='bbox 2193 2403 2383 2476; x_wconf 86' lang='lat' dir='ltr'>facit.</span> <span class='ocrx_word' id='word_1_129' title='bbox 2441 2403 2772 2491; x_wconf 86' lang='lat' dir='ltr'>Maximo,</span> <span class='ocrx_word' id='word_1_130' title='bbox 2831 2402 3096 2494; x_wconf 84' lang='lat' dir='ltr'>inquit,</span> <span class='ocrx_word' id='word_1_131' title='bbox 3136 2402 3432 2493; x_wconf 89' lang='lat' dir='ltr'>praeli0,</span> 
     </span>
     <span class='ocr_line' id='line_1_15' title="bbox 336 2521 3434 2615; baseline 0.001 -24"><span class='ocrx_word' id='word_1_132' title='bbox 336 2521 779 2612; x_wconf 85' lang='lat' dir='ltr'>maximaque</span> <span class='ocrx_word' id='word_1_133' title='bbox 832 2525 1098 2614; x_wconf 85' lang='lat' dir='ltr'>strage,</span> <span class='ocrx_word' id='word_1_134' title='bbox 1155 2523 1575 2614; x_wconf 91' lang='lat' dir='ltr'>legionibus,</span> <span class='ocrx_word' id='word_1_135' title='bbox 1634 2523 2203 2615; x_wconf 77' lang='lat' dir='ltr'>exercitibusque</span> <span class='ocrx_word' id='word_1_136' title='bbox 2248 2523 2509 2595; x_wconf 92' lang='lat' dir='ltr'>nostris</span> <span class='ocrx_word' id='word_1_137' title='bbox 2567 2528 2636 2595; x_wconf 90' lang='lat' dir='ltr'>et</span> <span class='ocrx_word' id='word_1_138' title='bbox 2673 2522 2953 2594; x_wconf 84' lang='lat' dir='ltr'>Ordinis</span> <span class='ocrx_word' id='word_1_139' title='bbox 2992 2522 3251 2611; x_wconf 77' lang='lat' dir='ltr'>nostri,</span> <span class='ocrx_word' id='word_1_140' title='bbox 3291 2521 3434 2614; x_wconf 90' lang='lat' dir='ltr'>pri-</span> 
     </span>
     <span class='ocr_line' id='line_1_16' title="bbox 338 2639 3431 2733; baseline 0 -23"><span class='ocrx_word' id='word_1_141' title='bbox 338 2639 487 2711; x_wconf 91' lang='lat' dir='ltr'>dem</span> <span class='ocrx_word' id='word_1_142' title='bbox 544 2661 586 2711; x_wconf 91' lang='lat' dir='ltr'>a</span> <span class='ocrx_word' id='word_1_143' title='bbox 640 2645 743 2729; x_wconf 90' lang='lat' dir='ltr'>te,</span> <span class='ocrx_word' id='word_1_144' title='bbox 808 2642 967 2715; x_wconf 81' lang='lat' dir='ltr'>Rex</span> <span class='ocrx_word' id='word_1_145' title='bbox 1030 2644 1518 2733; x_wconf 89' lang='lat' dir='ltr'>potentissime</span> <span class='ocrx_word' id='word_1_146' title='bbox 1584 2649 1655 2716; x_wconf 89' lang='lat' dir='ltr'>et</span> <span class='ocrx_word' id='word_1_147' title='bbox 1718 2644 2242 2717; x_wconf 86' lang='lat' dir='ltr'>illustrissime!</span> <span class='ocrx_word' id='word_1_148' title='bbox 2319 2642 2614 2716; x_wconf 85' lang='lat' dir='ltr'>devictis</span> <span class='ocrx_word' id='word_1_149' title='bbox 2681 2647 2752 2716; x_wconf 91' lang='lat' dir='ltr'>et</span> <span class='ocrx_word' id='word_1_150' title='bbox 2816 2642 3103 2730; x_wconf 78' lang='lat' dir='ltr'>deletiS,</span> <span class='ocrx_word' id='word_1_151' title='bbox 3161 2642 3431 2729; x_wconf 86' lang='lat' dir='ltr'>domiti,</span> 
     </span>
     <span class='ocr_line' id='line_1_17' title="bbox 340 2759 3433 2856; baseline 0.001 -27"><span class='ocrx_word' id='word_1_152' title='bbox 340 2759 635 2832; x_wconf 81' lang='lat' dir='ltr'>adversa</span> <span class='ocrx_word' id='word_1_153' title='bbox 689 2782 965 2853; x_wconf 89' lang='lat' dir='ltr'>quoque</span> <span class='ocrx_word' id='word_1_154' title='bbox 1019 2763 1323 2852; x_wconf 90' lang='lat' dir='ltr'>fortuna,</span> <span class='ocrx_word' id='word_1_155' title='bbox 1378 2765 1453 2836; x_wconf 90' lang='lat' dir='ltr'>in</span> <span class='ocrx_word' id='word_1_156' title='bbox 1508 2785 1714 2856; x_wconf 91' lang='lat' dir='ltr'>quam</span> <span class='ocrx_word' id='word_1_157' title='bbox 1773 2784 2086 2855; x_wconf 87' lang='lat' dir='ltr'>superos,</span> <span class='ocrx_word' id='word_1_158' title='bbox 2146 2763 2568 2854; x_wconf 87' lang='lat' dir='ltr'>inferosque,</span> <span class='ocrx_word' id='word_1_159' title='bbox 2627 2763 2790 2834; x_wconf 90' lang='lat' dir='ltr'>dum</span> <span class='ocrx_word' id='word_1_160' title='bbox 2830 2762 3160 2834; x_wconf 89' lang='lat' dir='ltr'>Prussiae</span> <span class='ocrx_word' id='word_1_161' title='bbox 3215 2761 3433 2852; x_wconf 88' lang='lat' dir='ltr'>Magi-</span> 
     </span>
     <span class='ocr_line' id='line_1_18' title="bbox 341 2879 3436 2972; baseline 0 -23"><span class='ocrx_word' id='word_1_162' title='bbox 341 2883 485 2951; x_wconf 86' lang='lat' dir='ltr'>ster</span> <span class='ocrx_word' id='word_1_163' title='bbox 538 2879 826 2953; x_wconf 88' lang='lat' dir='ltr'>Ulricus</span> <span class='ocrx_word' id='word_1_164' title='bbox 881 2886 950 2954; x_wconf 90' lang='lat' dir='ltr'>et</span> <span class='ocrx_word' id='word_1_165' title='bbox 1006 2882 1117 2954; x_wconf 88' lang='lat' dir='ltr'>sui</span> <span class='ocrx_word' id='word_1_166' title='bbox 1172 2883 1775 2955; x_wconf 77' lang='lat' dir='ltr'>commendatores</span> <span class='ocrx_word' id='word_1_167' title='bbox 1838 2883 1925 2955; x_wconf 87' lang='lat' dir='ltr'>ad</span> <span class='ocrx_word' id='word_1_168' title='bbox 1980 2882 2324 2954; x_wconf 88' lang='lat' dir='ltr'>insaniam</span> <span class='ocrx_word' id='word_1_169' title='bbox 2380 2881 2597 2969; x_wconf 86' lang='lat' dir='ltr'>versi,</span> <span class='ocrx_word' id='word_1_170' title='bbox 2663 2901 2901 2972; x_wconf 87' lang='lat' dir='ltr'>pacem</span> <span class='ocrx_word' id='word_1_171' title='bbox 2966 2903 3006 2952; x_wconf 92' lang='lat' dir='ltr'>a</span> <span class='ocrx_word' id='word_1_172' title='bbox 3060 2885 3129 2952; x_wconf 91' lang='lat' dir='ltr'>te</span> <span class='ocrx_word' id='word_1_173' title='bbox 3195 2879 3436 2971; x_wconf 87' lang='lat' dir='ltr'>aequis</span> 
     </span>
     <span class='ocr_line' id='line_1_19' title="bbox 338 2999 3435 3094; baseline 0 -25"><span class='ocrx_word' id='word_1_174' title='bbox 338 2999 857 3072; x_wconf 88' lang='lat' dir='ltr'>conditionibus</span> <span class='ocrx_word' id='word_1_175' title='bbox 914 3002 1218 3075; x_wconf 88' lang='lat' dir='ltr'>oblatam</span> <span class='ocrx_word' id='word_1_176' title='bbox 1273 3003 1687 3091; x_wconf 87' lang='lat' dir='ltr'>abnuerent,</span> <span class='ocrx_word' id='word_1_177' title='bbox 1758 3003 2057 3094; x_wconf 90' lang='lat' dir='ltr'>superba</span> <span class='ocrx_word' id='word_1_178' title='bbox 2120 3022 2395 3094; x_wconf 91' lang='lat' dir='ltr'>quoque</span> <span class='ocrx_word' id='word_1_179' title='bbox 2450 3000 2977 3074; x_wconf 83' lang='lat' dir='ltr'>denuntiatione</span> <span class='ocrx_word' id='word_1_180' title='bbox 3041 3005 3111 3072; x_wconf 92' lang='lat' dir='ltr'>et</span> <span class='ocrx_word' id='word_1_181' title='bbox 3165 3000 3435 3071; x_wconf 89' lang='lat' dir='ltr'>duobus</span> 
     </span>
     <span class='ocr_line' id='line_1_20' title="bbox 335 3117 3435 3212; baseline 0.001 -25"><span class='ocrx_word' id='word_1_182' title='bbox 335 3117 594 3208; x_wconf 89' lang='lat' dir='ltr'>gladiis</span> <span class='ocrx_word' id='word_1_183' title='bbox 646 3119 905 3212; x_wconf 81' lang='lat' dir='ltr'>vagina</span> <span class='ocrx_word' id='word_1_184' title='bbox 940 3121 1183 3193; x_wconf 86' lang='lat' dir='ltr'>vacuis</span> <span class='ocrx_word' id='word_1_185' title='bbox 1220 3125 1591 3209; x_wconf 88' lang='lat' dir='ltr'>terrerent,</span> <span class='ocrx_word' id='word_1_186' title='bbox 1633 3126 1907 3194; x_wconf 88' lang='lat' dir='ltr'>constat</span> <span class='ocrx_word' id='word_1_187' title='bbox 1946 3121 2406 3209; x_wconf 89' lang='lat' dir='ltr'>consensisse,</span> <span class='ocrx_word' id='word_1_188' title='bbox 2465 3121 2700 3193; x_wconf 86' lang='lat' dir='ltr'>fracti:</span> <span class='ocrx_word' id='word_1_189' title='bbox 2761 3125 2832 3194; x_wconf 91' lang='lat' dir='ltr'>te</span> <span class='ocrx_word' id='word_1_190' title='bbox 2868 3121 3204 3193; x_wconf 85' lang='lat' dir='ltr'>victorem</span> <span class='ocrx_word' id='word_1_191' title='bbox 3242 3141 3435 3190; x_wconf 89' lang='lat' dir='ltr'>man-</span> 
     </span>
     <span class='ocr_line' id='line_1_21' title="bbox 338 3239 3437 3332; baseline 0.001 -25"><span class='ocrx_word' id='word_1_192' title='bbox 338 3242 617 3310; x_wconf 87' lang='lat' dir='ltr'>suetum</span> <span class='ocrx_word' id='word_1_193' title='bbox 673 3244 745 3310; x_wconf 91' lang='lat' dir='ltr'>et</span> <span class='ocrx_word' id='word_1_194' title='bbox 778 3240 1146 3330; x_wconf 86' lang='lat' dir='ltr'>pacificum</span> <span class='ocrx_word' id='word_1_195' title='bbox 1184 3241 1354 3329; x_wconf 91' lang='lat' dir='ltr'>rati,</span> <span class='ocrx_word' id='word_1_196' title='bbox 1414 3245 1719 3329; x_wconf 89' lang='lat' dir='ltr'>oratum,</span> <span class='ocrx_word' id='word_1_197' title='bbox 1778 3241 2354 3331; x_wconf 86' lang='lat' dir='ltr'>obsecratumque</span> <span class='ocrx_word' id='word_1_198' title='bbox 2393 3240 2746 3329; x_wconf 81' lang='lat' dir='ltr'>venimuS,</span> <span class='ocrx_word' id='word_1_199' title='bbox 2805 3259 3030 3332; x_wconf 85' lang='lat' dir='ltr'>spem,</span> <span class='ocrx_word' id='word_1_200' title='bbox 3088 3239 3437 3312; x_wconf 81' lang='lat' dir='ltr'>auxilium</span> 
     </span>
     <span class='ocr_line' id='line_1_22' title="bbox 338 3357 3433 3450; baseline 0.001 -24"><span class='ocrx_word' id='word_1_201' title='bbox 338 3361 411 3427; x_wconf 86' lang='lat' dir='ltr'>et</span> <span class='ocrx_word' id='word_1_202' title='bbox 466 3357 1007 3431; x_wconf 87' lang='lat' dir='ltr'>misericordiam</span> <span class='ocrx_word' id='word_1_203' title='bbox 1062 3381 1105 3431; x_wconf 89' lang='lat' dir='ltr'>a</span> <span class='ocrx_word' id='word_1_204' title='bbox 1142 3365 1264 3432; x_wconf 89' lang='lat' dir='ltr'>tua</span> <span class='ocrx_word' id='word_1_205' title='bbox 1318 3359 1693 3432; x_wconf 87' lang='lat' dir='ltr'>clementia</span> <span class='ocrx_word' id='word_1_206' title='bbox 1730 3360 2107 3432; x_wconf 84' lang='lat' dir='ltr'>obtenturi.</span> <span class='ocrx_word' id='word_1_207' title='bbox 2168 3361 2383 3432; x_wconf 87' lang='lat' dir='ltr'>Tuam</span> <span class='ocrx_word' id='word_1_208' title='bbox 2422 3360 2662 3450; x_wconf 86' lang='lat' dir='ltr'>itaque</span> <span class='ocrx_word' id='word_1_209' title='bbox 2715 3358 3255 3432; x_wconf 84' lang='lat' dir='ltr'>invictissimam</span> <span class='ocrx_word' id='word_1_210' title='bbox 3287 3358 3433 3430; x_wconf 85' lang='lat' dir='ltr'>Ma·</span> 
     </span>
     <span class='ocr_line' id='line_1_23' title="bbox 336 3473 3436 3572; baseline 0.001 -25"><span class='ocrx_word' id='word_1_211' title='bbox 336 3473 660 3550; x_wconf 87' lang='lat' dir='ltr'>iestatem</span> <span class='ocrx_word' id='word_1_212' title='bbox 698 3499 849 3570; x_wconf 87' lang='lat' dir='ltr'>ege,</span> <span class='ocrx_word' id='word_1_213' title='bbox 907 3479 1108 3552; x_wconf 90' lang='lat' dir='ltr'>cuius</span> <span class='ocrx_word' id='word_1_214' title='bbox 1146 3479 1369 3570; x_wconf 87' lang='lat' dir='ltr'>magis</span> <span class='ocrx_word' id='word_1_215' title='bbox 1425 3479 1629 3551; x_wconf 85' lang='lat' dir='ltr'>iuxta</span> <span class='ocrx_word' id='word_1_216' title='bbox 1666 3477 1789 3570; x_wconf 90' lang='lat' dir='ltr'>qui</span> <span class='ocrx_word' id='word_1_217' title='bbox 1812 3477 1873 3566; x_wconf 80' lang='grc'>3)</span> <span class='ocrx_word' id='word_1_218' title='bbox 1912 3479 2132 3552; x_wconf 86' lang='lat' dir='ltr'>vicem</span> <span class='ocrx_word' id='word_1_219' title='bbox 2172 3479 2494 3572; x_wconf 89' lang='lat' dir='ltr'>Magistri</span> <span class='ocrx_word' id='word_1_220' title='bbox 2530 3499 2726 3572; x_wconf 88' lang='lat' dir='ltr'>gero,</span> <span class='ocrx_word' id='word_1_221' title='bbox 2783 3500 2906 3571; x_wconf 89' lang='lat' dir='ltr'>per</span> <span class='ocrx_word' id='word_1_222' title='bbox 2942 3477 3351 3550; x_wconf 89' lang='lat' dir='ltr'>Passionem</span> <span class='ocrx_word' id='word_1_223' title='bbox 3375 3478 3436 3567; x_wconf 87' lang='lat'>⁴)</span> 
     </span>
     <span class='ocr_line' id='line_1_24' title="bbox 335 3595 3434 3691; baseline 0 -25"><span class='ocrx_word' id='word_1_224' title='bbox 335 3595 623 3668; x_wconf 88' lang='lat' dir='ltr'>Domini</span> <span class='ocrx_word' id='word_1_225' title='bbox 677 3599 903 3671; x_wconf 90' lang='lat' dir='ltr'>nostri</span> <span class='ocrx_word' id='word_1_226' title='bbox 955 3599 1121 3672; x_wconf 90' lang='lat' dir='ltr'>Iesu</span> <span class='ocrx_word' id='word_1_227' title='bbox 1176 3597 1438 3671; x_wconf 85' lang='lat' dir='ltr'>Christi</span> <span class='ocrx_word' id='word_1_228' title='bbox 1493 3603 1563 3671; x_wconf 93' lang='lat' dir='ltr'>et</span> <span class='ocrx_word' id='word_1_229' title='bbox 1616 3599 1769 3672; x_wconf 84' lang='lat' dir='ltr'>eius</span> <span class='ocrx_word' id='word_1_230' title='bbox 1824 3618 2137 3672; x_wconf 88' lang='lat' dir='ltr'>cruorem</span> <span class='ocrx_word' id='word_1_231' title='bbox 2191 3621 2318 3691; x_wconf 90' lang='lat' dir='ltr'>pro</span> <span class='ocrx_word' id='word_1_232' title='bbox 2371 3599 2938 3671; x_wconf 90' lang='lat' dir='ltr'>reconciliatione</span> <span class='ocrx_word' id='word_1_233' title='bbox 2989 3597 3264 3688; x_wconf 88' lang='lat' dir='ltr'>generis</span> <span class='ocrx_word' id='word_1_234' title='bbox 3300 3597 3434 3668; x_wconf 89' lang='lat' dir='ltr'>hu-</span> 
     </span>
     <span class='ocr_line' id='line_1_25' title="bbox 334 3711 3436 3812; baseline -0 -25"><span class='ocrx_word' id='word_1_235' title='bbox 334 3717 531 3790; x_wconf 86' lang='lat' dir='ltr'>mani</span> <span class='ocrx_word' id='word_1_236' title='bbox 583 3719 847 3806; x_wconf 91' lang='lat' dir='ltr'>fusum,</span> <span class='ocrx_word' id='word_1_237' title='bbox 924 3723 995 3790; x_wconf 89' lang='lat' dir='ltr'>et</span> <span class='ocrx_word' id='word_1_238' title='bbox 1054 3739 1179 3810; x_wconf 89' lang='lat' dir='ltr'>per</span> <span class='ocrx_word' id='word_1_239' title='bbox 1240 3717 1391 3791; x_wconf 90' lang='lat' dir='ltr'>eius</span> <span class='ocrx_word' id='word_1_240' title='bbox 1456 3718 1865 3810; x_wconf 86' lang='lat' dir='ltr'>genitricem</span> <span class='ocrx_word' id='word_1_241' title='bbox 1921 3711 2280 3812; x_wconf 81' lang='lat' dir='ltr'>Virginem</span> <span class='ocrx_word' id='word_1_242' title='bbox 2355 3718 2790 3792; x_wconf 89' lang='lat' dir='ltr'>benedictam</span> <span class='ocrx_word' id='word_1_243' title='bbox 2855 3715 3178 3804; x_wconf 88' lang='lat' dir='ltr'>Mariam,</span> <span class='ocrx_word' id='word_1_244' title='bbox 3253 3716 3436 3788; x_wconf 89' lang='lat' dir='ltr'>eius-</span> 
     </span>
     <span class='ocr_line' id='line_1_26' title="bbox 334 3835 3438 3931; baseline 0 -25"><span class='ocrx_word' id='word_1_245' title='bbox 334 3835 633 3928; x_wconf 89' lang='lat' dir='ltr'>demque</span> <span class='ocrx_word' id='word_1_246' title='bbox 686 3838 1001 3930; x_wconf 88' lang='lat' dir='ltr'>Virginis</span> <span class='ocrx_word' id='word_1_247' title='bbox 1058 3839 1165 3910; x_wconf 86' lang='lat' dir='ltr'>lac</span> <span class='ocrx_word' id='word_1_248' title='bbox 1226 3837 1715 3930; x_wconf 87' lang='lat' dir='ltr'>purissimum,</span> <span class='ocrx_word' id='word_1_249' title='bbox 1775 3861 1910 3931; x_wconf 90' lang='lat' dir='ltr'>quo</span> <span class='ocrx_word' id='word_1_250' title='bbox 1967 3839 2307 3912; x_wconf 90' lang='lat' dir='ltr'>Dominus</span> <span class='ocrx_word' id='word_1_251' title='bbox 2363 3844 2600 3910; x_wconf 89' lang='lat' dir='ltr'>noster</span> <span class='ocrx_word' id='word_1_252' title='bbox 2668 3838 2821 3928; x_wconf 90' lang='lat' dir='ltr'>ipse</span> <span class='ocrx_word' id='word_1_253' title='bbox 2875 3836 3078 3908; x_wconf 87' lang='lat' dir='ltr'>Iesus</span> <span class='ocrx_word' id='word_1_254' title='bbox 3116 3835 3438 3908; x_wconf 88' lang='lat' dir='ltr'>Christus</span> 
     </span>
     <span class='ocr_line' id='line_1_27' title="bbox 332 3954 3436 4048; baseline -0.001 -21"><span class='ocrx_word' id='word_1_255' title='bbox 332 3957 553 4029; x_wconf 89' lang='lat' dir='ltr'>ubere</span> <span class='ocrx_word' id='word_1_256' title='bbox 607 3957 691 4030; x_wconf 88' lang='lat' dir='ltr'>de</span> <span class='ocrx_word' id='word_1_257' title='bbox 744 3958 933 4030; x_wconf 92' lang='lat' dir='ltr'>coelo</span> <span class='ocrx_word' id='word_1_258' title='bbox 986 3959 1196 4048; x_wconf 89' lang='lat' dir='ltr'>pleno</span> <span class='ocrx_word' id='word_1_259' title='bbox 1252 3959 1559 4030; x_wconf 90' lang='lat' dir='ltr'>lactatus</span> <span class='ocrx_word' id='word_1_260' title='bbox 1590 3957 1651 4047; x_wconf 81' lang='grc'>5)</span> <span class='ocrx_word' id='word_1_261' title='bbox 1708 3964 1817 4032; x_wconf 92' lang='lat' dir='ltr'>est</span> <span class='ocrx_word' id='word_1_262' title='bbox 1871 3965 1941 4032; x_wconf 89' lang='lat' dir='ltr'>et</span> <span class='ocrx_word' id='word_1_263' title='bbox 1979 3958 2229 4046; x_wconf 89' lang='lat' dir='ltr'>alitus,</span> <span class='ocrx_word' id='word_1_264' title='bbox 2287 3978 2496 4031; x_wconf 81' lang='lat' dir='ltr'>exoro</span> <span class='ocrx_word' id='word_1_265' title='bbox 2535 3963 2604 4032; x_wconf 90' lang='lat' dir='ltr'>et</span> <span class='ocrx_word' id='word_1_266' title='bbox 2642 3956 3049 4047; x_wconf 89' lang='lat' dir='ltr'>interpello:</span> <span class='ocrx_word' id='word_1_267' title='bbox 3107 3954 3436 4047; x_wconf 89' lang='lat' dir='ltr'>dignetur</span> 
     </span>
     <span class='ocr_line' id='line_1_28' title="bbox 333 4072 3407 4170; baseline -0.001 -22"><span class='ocrx_word' id='word_1_268' title='bbox 333 4081 469 4148; x_wconf 86' lang='lat' dir='ltr'>tua</span> <span class='ocrx_word' id='word_1_269' title='bbox 524 4077 1117 4150; x_wconf 84' lang='lat' dir='ltr'>excellentissima</span> <span class='ocrx_word' id='word_1_270' title='bbox 1170 4077 1533 4167; x_wconf 70' lang='lat' dir='ltr'>Maiestas,</span> <span class='ocrx_word' id='word_1_271' title='bbox 1594 4099 1761 4150; x_wconf 89' lang='lat' dir='ltr'>suae</span> <span class='ocrx_word' id='word_1_272' title='bbox 1814 4076 2318 4170; x_wconf 88' lang='lat' dir='ltr'>indignationis</span> <span class='ocrx_word' id='word_1_273' title='bbox 2365 4077 2608 4149; x_wconf 90' lang='lat' dir='ltr'>nubilo</span> <span class='ocrx_word' id='word_1_274' title='bbox 2647 4076 3003 4168; x_wconf 90' lang='lat' dir='ltr'>mitigato,</span> <span class='ocrx_word' id='word_1_275' title='bbox 3061 4072 3271 4146; x_wconf 89' lang='lat' dir='ltr'>etiam</span> <span class='ocrx_word' id='word_1_276' title='bbox 3325 4074 3407 4144; x_wconf 91' lang='lat' dir='ltr'>ul</span> 
     </span>
     <span class='ocr_line' id='line_1_29' title="bbox 330 4193 3446 4289; baseline -0.001 -22"><span class='ocrx_word' id='word_1_277' title='bbox 330 4195 564 4268; x_wconf 89' lang='lat' dir='ltr'>tionis</span> <span class='ocrx_word' id='word_1_278' title='bbox 624 4196 1017 4289; x_wconf 87' lang='lat' dir='ltr'>flagellum,</span> <span class='ocrx_word' id='word_1_279' title='bbox 1090 4202 1464 4288; x_wconf 88' lang='lat' dir='ltr'>postquam</span> <span class='ocrx_word' id='word_1_280' title='bbox 1536 4218 1859 4289; x_wconf 89' lang='lat' dir='ltr'>pompam</span> <span class='ocrx_word' id='word_1_281' title='bbox 1944 4203 2014 4270; x_wconf 92' lang='lat' dir='ltr'>et</span> <span class='ocrx_word' id='word_1_282' title='bbox 2086 4196 2554 4288; x_wconf 87' lang='lat' dir='ltr'>arrogantiam</span> <span class='ocrx_word' id='word_1_283' title='bbox 2627 4201 2938 4267; x_wconf 89' lang='lat' dir='ltr'>nostram</span> <span class='ocrx_word' id='word_1_284' title='bbox 3017 4193 3446 4265; x_wconf 86' lang='lat' dir='ltr'>sufficienter</span> 
     </span>
     <span class='ocr_line' id='line_1_30' title="bbox 330 4313 3434 4407; baseline -0.002 -19"><span class='ocrx_word' id='word_1_285' title='bbox 330 4317 685 4404; x_wconf 86' lang='lat' dir='ltr'>coercuit,</span> <span class='ocrx_word' id='word_1_286' title='bbox 742 4337 785 4388; x_wconf 88' lang='lat' dir='ltr'>a</span> <span class='ocrx_word' id='word_1_287' title='bbox 837 4315 1039 4389; x_wconf 89' lang='lat' dir='ltr'>nobis</span> <span class='ocrx_word' id='word_1_288' title='bbox 1096 4321 1168 4390; x_wconf 92' lang='lat' dir='ltr'>et</span> <span class='ocrx_word' id='word_1_289' title='bbox 1220 4321 1461 4388; x_wconf 88' lang='lat' dir='ltr'>nostro</span> <span class='ocrx_word' id='word_1_290' title='bbox 1499 4317 1757 4390; x_wconf 90' lang='lat' dir='ltr'>Ordine</span> <span class='ocrx_word' id='word_1_291' title='bbox 1812 4321 2145 4405; x_wconf 85' lang='lat' dir='ltr'>avertere,</span> <span class='ocrx_word' id='word_1_292' title='bbox 2204 4337 2428 4407; x_wconf 90' lang='lat' dir='ltr'>neque</span> <span class='ocrx_word' id='word_1_293' title='bbox 2483 4317 2558 4388; x_wconf 91' lang='lat' dir='ltr'>in</span> <span class='ocrx_word' id='word_1_294' title='bbox 2595 4315 2876 4388; x_wconf 89' lang='lat' dir='ltr'>Ordinis</span> <span class='ocrx_word' id='word_1_295' title='bbox 2913 4313 3140 4386; x_wconf 89' lang='lat' dir='ltr'>nostri</span> <span class='ocrx_word' id='word_1_296' title='bbox 3195 4333 3434 4403; x_wconf 91' lang='lat' dir='ltr'>perpe-</span> 
     </span>
     <span class='ocr_line' id='line_1_31' title="bbox 329 4432 3434 4526; baseline -0.001 -19"><span class='ocrx_word' id='word_1_297' title='bbox 329 4441 545 4507; x_wconf 85' lang='lat' dir='ltr'>tuam</span> <span class='ocrx_word' id='word_1_298' title='bbox 596 4435 1011 4508; x_wconf 89' lang='lat' dir='ltr'>deletionem</span> <span class='ocrx_word' id='word_1_299' title='bbox 1067 4434 1401 4526; x_wconf 89' lang='lat' dir='ltr'>aspirare.</span> <span class='ocrx_word' id='word_1_300' title='bbox 1458 4437 1783 4508; x_wconf 84' lang='lat' dir='ltr'>Contenti</span> <span class='ocrx_word' id='word_1_301' title='bbox 1838 4440 2069 4509; x_wconf 89' lang='lat' dir='ltr'>autem</span> <span class='ocrx_word' id='word_1_302' title='bbox 2126 4457 2369 4508; x_wconf 86' lang='lat' dir='ltr'>sumus</span> <span class='ocrx_word' id='word_1_303' title='bbox 2425 4439 2494 4508; x_wconf 90' lang='lat' dir='ltr'>et</span> <span class='ocrx_word' id='word_1_304' title='bbox 2549 4435 2842 4521; x_wconf 81' lang='lat' dir='ltr'>erimuS,</span> <span class='ocrx_word' id='word_1_305' title='bbox 2901 4438 2970 4507; x_wconf 91' lang='lat' dir='ltr'>et</span> <span class='ocrx_word' id='word_1_306' title='bbox 3025 4433 3087 4504; x_wconf 87' lang='lat' dir='ltr'>si</span> <span class='ocrx_word' id='word_1_307' title='bbox 3144 4437 3266 4503; x_wconf 91' lang='lat' dir='ltr'>tua</span> <span class='ocrx_word' id='word_1_308' title='bbox 3318 4432 3434 4504; x_wconf 89' lang='lat' dir='ltr'>be-</span> 
     </span>
     <span class='ocr_line' id='line_1_32' title="bbox 326 4551 3439 4648; baseline -0.002 -22"><span class='ocrx_word' id='word_1_309' title='bbox 326 4556 656 4648; x_wconf 88' lang='lat' dir='ltr'>nignitas</span> <span class='ocrx_word' id='word_1_310' title='bbox 710 4576 949 4647; x_wconf 87' lang='lat' dir='ltr'>preces</span> <span class='ocrx_word' id='word_1_311' title='bbox 1004 4561 1281 4628; x_wconf 90' lang='lat' dir='ltr'>nostras</span> <span class='ocrx_word' id='word_1_312' title='bbox 1346 4555 1434 4626; x_wconf 87' lang='lat' dir='ltr'>ad</span> <span class='ocrx_word' id='word_1_313' title='bbox 1489 4554 1965 4627; x_wconf 82' lang='lat' dir='ltr'>exauditionis</span> <span class='ocrx_word' id='word_1_314' title='bbox 2028 4555 2326 4647; x_wconf 89' lang='lat' dir='ltr'>gratiam</span> <span class='ocrx_word' id='word_1_315' title='bbox 2383 4554 2778 4641; x_wconf 91' lang='lat' dir='ltr'>admiserit,</span> <span class='ocrx_word' id='word_1_316' title='bbox 2853 4556 3270 4645; x_wconf 89' lang='lat' dir='ltr'>perpetuum</span> <span class='ocrx_word' id='word_1_317' title='bbox 3323 4551 3439 4622; x_wconf 89' lang='lat' dir='ltr'>be-</span> 
     </span>
     <span class='ocr_line' id='line_1_33' title="bbox 324 4669 3440 4767; baseline -0.002 -21"><span class='ocrx_word' id='word_1_318' title='bbox 324 4675 669 4748; x_wconf 86' lang='lat' dir='ltr'>neficium</span> <span class='ocrx_word' id='word_1_319' title='bbox 722 4697 851 4748; x_wconf 90' lang='lat' dir='ltr'>nos</span> <span class='ocrx_word' id='word_1_320' title='bbox 908 4679 1116 4767; x_wconf 88' lang='lat' dir='ltr'>atque</span> <span class='ocrx_word' id='word_1_321' title='bbox 1171 4675 1497 4747; x_wconf 89' lang='lat' dir='ltr'>Ordinem</span> <span class='ocrx_word' id='word_1_322' title='bbox 1557 4679 1906 4761; x_wconf 90' lang='lat' dir='ltr'>nostrum,</span> <span class='ocrx_word' id='word_1_323' title='bbox 1965 4674 2315 4765; x_wconf 88' lang='lat' dir='ltr'>accepisse</span> <span class='ocrx_word' id='word_1_324' title='bbox 2369 4695 2410 4744; x_wconf 88' lang='lat' dir='ltr'>a</span> <span class='ocrx_word' id='word_1_325' title='bbox 2465 4679 2588 4745; x_wconf 86' lang='lat' dir='ltr'>tua</span> <span class='ocrx_word' id='word_1_326' title='bbox 2641 4673 3007 4746; x_wconf 85' lang='lat' dir='ltr'>Maiestate</span> <span class='ocrx_word' id='word_1_327' title='bbox 3045 4669 3440 4758; x_wconf 89' lang='lat' dir='ltr'>fatebimur,</span> 
     </span>
     <span class='ocr_line' id='line_1_34' title="bbox 324 4791 3442 4881; baseline -0.002 -15"><span class='ocrx_word' id='word_1_328' title='bbox 324 4795 393 4866; x_wconf 87' lang='lat' dir='ltr'>si</span> <span class='ocrx_word' id='word_1_329' title='bbox 464 4801 599 4867; x_wconf 85' lang='lat' dir='ltr'>tua</span> <span class='ocrx_word' id='word_1_330' title='bbox 666 4795 1108 4868; x_wconf 82' lang='lat' dir='ltr'>Excellentia</span> <span class='ocrx_word' id='word_1_331' title='bbox 1171 4794 1653 4881; x_wconf 87' lang='lat' dir='ltr'>Pomeraniae,</span> <span class='ocrx_word' id='word_1_332' title='bbox 1723 4793 2110 4880; x_wconf 88' lang='lat' dir='ltr'>Culmensi,</span> <span class='ocrx_word' id='word_1_333' title='bbox 2179 4793 2710 4866; x_wconf 84' lang='lat' dir='ltr'>Michaloviensi</span> <span class='ocrx_word' id='word_1_334' title='bbox 2784 4791 2987 4863; x_wconf 91' lang='lat' dir='ltr'>terris</span> <span class='ocrx_word' id='word_1_335' title='bbox 3061 4795 3130 4862; x_wconf 91' lang='lat' dir='ltr'>et</span> <span class='ocrx_word' id='word_1_336' title='bbox 3207 4801 3442 4862; x_wconf 87' lang='lat' dir='ltr'>earum</span> 
     </span>
     <span class='ocr_line' id='line_1_35' title="bbox 322 4910 3439 5005; baseline -0.003 -17"><span class='ocrx_word' id='word_1_337' title='bbox 322 4915 630 5003; x_wconf 87' lang='lat' dir='ltr'>castris,</span> <span class='ocrx_word' id='word_1_338' title='bbox 688 4913 1099 4987; x_wconf 82' lang='lat' dir='ltr'>civitatibus</span> <span class='ocrx_word' id='word_1_339' title='bbox 1154 4918 1365 5005; x_wconf 89' lang='lat' dir='ltr'>atque</span> <span class='ocrx_word' id='word_1_340' title='bbox 1420 4913 1732 5005; x_wconf 83' lang='lat' dir='ltr'>oppidis,</span> <span class='ocrx_word' id='word_1_341' title='bbox 1793 4933 1968 5004; x_wconf 89' lang='lat' dir='ltr'>quae</span> <span class='ocrx_word' id='word_1_342' title='bbox 1998 4912 2062 5001; x_wconf 74' lang='lat'>⁶)</span> <span class='ocrx_word' id='word_1_343' title='bbox 2118 4912 2203 4985; x_wconf 91' lang='lat' dir='ltr'>de</span> <span class='ocrx_word' id='word_1_344' title='bbox 2257 4913 2485 5005; x_wconf 87' lang='lat' dir='ltr'>Regni</span> <span class='ocrx_word' id='word_1_345' title='bbox 2541 4912 2648 4984; x_wconf 90' lang='lat' dir='ltr'>tui</span> <span class='ocrx_word' id='word_1_346' title='bbox 2684 4911 3018 4983; x_wconf 87' lang='lat' dir='ltr'>Poloniae</span> <span class='ocrx_word' id='word_1_347' title='bbox 3074 4910 3252 4998; x_wconf 89' lang='lat' dir='ltr'>iure,</span> <span class='ocrx_word' id='word_1_348' title='bbox 3293 4929 3439 4981; x_wconf 88' lang='lat' dir='ltr'>cor·</span> 
     </span>
    </p>
   </div>
   <div class='ocr_carea' id='block_1_4' title="bbox 322 5196 3448 5387">
    <p class='ocr_par' dir='ltr' id='par_1_4' title="bbox 322 5196 3448 5387">
     <span class='ocr_line' id='line_1_36' title="bbox 562 5196 3448 5291; baseline -0.003 -25"><span class='ocrx_word' id='word_1_349' title='bbox 562 5203 611 5291; x_wconf 92' lang='lat'>¹)</span> <span class='ocrx_word' id='word_1_350' title='bbox 656 5207 829 5266; x_wconf 85' lang='lat' dir='ltr'>Iunio</span> <span class='ocrx_word' id='word_1_351' title='bbox 875 5200 1028 5267; x_wconf 78' lang='lat' dir='ltr'>Cod.</span> <span class='ocrx_word' id='word_1_352' title='bbox 1078 5199 1253 5266; x_wconf 83' lang='lat' dir='ltr'>Calv.</span> <span class='ocrx_word' id='word_1_353' title='bbox 1308 5199 1368 5285; x_wconf 75' lang='lat'>⁸²)</span> <span class='ocrx_word' id='word_1_354' title='bbox 1410 5202 1834 5278; x_wconf 79' lang='lat' dir='ltr'>Margemburg</span> <span class='ocrx_word' id='word_1_355' title='bbox 1882 5196 2033 5263; x_wconf 79' lang='lat' dir='ltr'>Cod.</span> <span class='ocrx_word' id='word_1_356' title='bbox 2085 5196 2263 5262; x_wconf 79' lang='lat' dir='ltr'>Calv.</span> <span class='ocrx_word' id='word_1_357' title='bbox 2330 5201 2378 5280; x_wconf 78' lang='lat'>³)</span> <span class='ocrx_word' id='word_1_358' title='bbox 2424 5207 2492 5260; x_wconf 90' lang='lat' dir='ltr'>ut</span> <span class='ocrx_word' id='word_1_359' title='bbox 2535 5202 2702 5261; x_wconf 89' lang='lat' dir='ltr'>cuius</span> <span class='ocrx_word' id='word_1_360' title='bbox 2746 5200 2936 5275; x_wconf 84' lang='lat' dir='ltr'>magis</span> <span class='ocrx_word' id='word_1_361' title='bbox 2981 5201 3251 5277; x_wconf 85' lang='lat' dir='ltr'>interest,</span> <span class='ocrx_word' id='word_1_362' title='bbox 3307 5199 3448 5274; x_wconf 77' lang='lat' dir='ltr'>quia</span> 
     </span>
     <span class='ocr_line' id='line_1_37' title="bbox 322 5299 3442 5387; baseline -0.004 -13"><span class='ocrx_word' id='word_1_363' title='bbox 322 5308 495 5374; x_wconf 79' lang='lat' dir='ltr'>Cod.</span> <span class='ocrx_word' id='word_1_364' title='bbox 548 5307 739 5372; x_wconf 80' lang='lat' dir='ltr'>Rozr.</span> <span class='ocrx_word' id='word_1_365' title='bbox 790 5307 845 5387; x_wconf 75' lang='lat'>⁴)</span> <span class='ocrx_word' id='word_1_366' title='bbox 890 5327 1012 5386; x_wconf 66' lang='grc' dir='ltr'><em>οπο,</em></span> <span class='ocrx_word' id='word_1_367' title='bbox 1056 5311 1293 5384; x_wconf 82' lang='lat' dir='ltr'>inquam</span> <span class='ocrx_word' id='word_1_368' title='bbox 1312 5351 1329 5384; x_wconf 93' lang='lat'>,</span> <span class='ocrx_word' id='word_1_369' title='bbox 1372 5325 1481 5382; x_wconf 86' lang='lat' dir='ltr'>per</span> <span class='ocrx_word' id='word_1_370' title='bbox 1508 5306 1854 5365; x_wconf 83' lang='lat' dir='ltr'>Passionem</span> <span class='ocrx_word' id='word_1_371' title='bbox 1911 5299 2063 5365; x_wconf 73' lang='lat' dir='ltr'>God.</span> <span class='ocrx_word' id='word_1_372' title='bbox 2098 5301 2288 5365; x_wconf 78' lang='lat' dir='ltr'>Rozr.</span> <span class='ocrx_word' id='word_1_373' title='bbox 2341 5301 2393 5382; x_wconf 76' lang='lat'>⁵)</span> <span class='ocrx_word' id='word_1_374' title='bbox 2441 5305 2771 5364; x_wconf 82' lang='lat' dir='ltr'>ablactatus</span> <span class='ocrx_word' id='word_1_375' title='bbox 2814 5300 2940 5363; x_wconf 75' lang='lat' dir='ltr'>Ed.</span> <span class='ocrx_word' id='word_1_376' title='bbox 2973 5299 3155 5384; x_wconf 82' lang='lat' dir='ltr'>Lips.</span> <span class='ocrx_word' id='word_1_377' title='bbox 3205 5299 3260 5380; x_wconf 57' lang='grc' dir='ltr'>ὖ)</span> <span class='ocrx_word' id='word_1_378' title='bbox 3292 5319 3442 5377; x_wconf 81' lang='lat' dir='ltr'>quas</span> 
     </span>
    </p>
   </div>
   <div class='ocr_carea' id='block_1_5' title="bbox 324 5407 3308 5477">
    <p class='ocr_par' dir='ltr' id='par_1_5' title="bbox 324 5407 3308 5477">
     <span class='ocr_line' id='line_1_38' title="bbox 324 5407 3308 5477; baseline -0.011 -1"><span class='ocrx_word' id='word_1_379' title='bbox 324 5411 494 5477; x_wconf 75' lang='lat' dir='ltr'>Cod.</span> <span class='ocrx_word' id='word_1_380' title='bbox 556 5407 730 5474; x_wconf 81' lang='lat' dir='ltr'>Calv.</span> <span class='ocrx_word' id='word_1_381' title='bbox 3301 5436 3308 5442; x_wconf 94' lang='lat'>.</span> 
     </span>
    </p>
   </div>
   <div class='ocr_carea' id='block_1_6' title="bbox 372 5537 3099 5614">
    <p class='ocr_par' dir='ltr' id='par_1_6' title="bbox 372 5537 3099 5614">
     <span class='ocr_line' id='line_1_39' title="bbox 372 5537 3099 5614; baseline -0.006 -8"><span class='ocrx_word' id='word_1_382' title='bbox 372 5568 427 5608; x_wconf 77' lang='lat' dir='ltr'>J.</span> <span class='ocrx_word' id='word_1_383' title='bbox 458 5567 663 5614; x_wconf 68' lang='lat' dir='ltr'>Diagon.</span> <span class='ocrx_word' id='word_1_384' title='bbox 694 5565 871 5604; x_wconf 68' lang='lat' dir='ltr'>mator.</span> <span class='ocrx_word' id='word_1_385' title='bbox 900 5562 1060 5602; x_wconf 76' lang='lat' dir='ltr'>Polou.</span> <span class='ocrx_word' id='word_1_386' title='bbox 1088 5561 1139 5602; x_wconf 75' lang='grc' dir='ltr'>Τ.</span> <span class='ocrx_word' id='word_1_387' title='bbox 1168 5561 1248 5601; x_wconf 83' lang='lat' dir='ltr'>IV.</span> <span class='ocrx_word' id='word_1_388' title='bbox 3033 5537 3099 5590; x_wconf 85' lang='lat'>11</span> 
     </span>
    </p>
   </div>
  </div>
 </body>
</html>
