4342 6384
869 562 908 637 7
924 566 1022 637 20
2012 580 2240 638 missu
2291 578 2803 638 nuonncnms.
3403 559 3536 662 (Α.
3563 558 3663 639 D.
3701 557 3968 661 1444.)

866 774 1143 859 exusto,
1201 790 1327 861 per
1378 770 1626 861 planos
1682 772 1753 843 et
1806 774 2082 860 apertos
2138 788 2418 861 campos
2474 767 2869 855 incedebat,
2937 768 3023 839 ad
3077 768 3399 841 dextram
3450 790 3692 843 versus
3749 770 3964 843 meri-

862 888 1046 961 diem
1111 894 1381 961 montes
1455 889 1719 962 habens
1800 888 2215 962 Romaniam
2286 910 2327 960 a
2403 888 2738 980 Bulgaria
2809 886 3235 976 dividentes,
3311 892 3380 960 et
3461 890 3964 979 protendentes

864 1028 905 1079 a
959 1007 1243 1080 Bidinio
1298 1012 1368 1079 et
1404 1007 1491 1080 ab
1529 1008 1685 1098 ipsa
1721 1007 2051 1099 Nicopoli
2104 1027 2329 1099 usque
2382 1008 2469 1079 ad
2507 1028 2696 1079 mare
2732 1006 3052 1078 Maurum
3105 1007 3309 1080 iuxta
3361 1007 3770 1097 Galatham,
3823 1030 3966 1100 qua

862 1126 1389 1200 Messambriam
1443 1127 1610 1214 itur,
1668 1127 1829 1201 inde
1883 1127 2594 1218 Constantinopolim,
2653 1126 2725 1199 id
2764 1130 2874 1199 est
2925 1147 3048 1218 per
3082 1128 3290 1199 littus
3343 1128 3585 1201 maris:
3643 1133 3718 1201 et
3753 1128 3968 1200 iuxta

864 1246 1135 1321 radices
1189 1247 1503 1338 ipsorum
1556 1246 1899 1318 montium
1952 1248 2149 1319 lacus
2207 1254 2386 1334 erat,
2445 1246 2567 1338 qui
2619 1267 2834 1337 penes
2871 1247 3242 1319 castellum
3295 1247 3616 1321 Petrzecz
3659 1248 3714 1336 ¹)
3765 1248 3966 1338 capit

865 1366 1237 1458 originem,
1297 1366 1419 1457 qui
1475 1371 1544 1439 et
1581 1366 1787 1438 iuxta
1840 1365 2067 1457 ipsam
2105 1386 2378 1457 quoque
2417 1366 2790 1438 Galatham
2845 1366 3178 1438 terminat
3224 1366 3410 1438 intra
3463 1366 3694 1439 sinum
3731 1388 3960 1458 quen-

862 1485 1019 1557 dam
1074 1506 1400 1576 parvum,
1461 1504 1665 1577 quem
1702 1506 1891 1559 mare
1946 1484 2304 1576 expandit.
2361 1485 2475 1556 Ad
2513 1484 2874 1557 sinistram
2928 1490 3160 1557 autem
3214 1506 3458 1558 versus
3511 1485 3961 1577 septemtrio-

861 1624 1020 1677 nem
1074 1604 1201 1676 alii
1256 1625 1530 1696 quoque
1585 1608 1855 1678 montes
1909 1604 2369 1693 habebantur,
2428 1605 2618 1677 ultra
2671 1625 2846 1696 quos
2901 1608 2972 1677 et
3026 1604 3376 1678 desertum
3431 1609 3610 1693 erat,
3667 1610 3960 1696 proten-

860 1724 1031 1797 dens
1104 1744 1350 1797 versus
1426 1723 1969 1815 septentrionem
2042 1744 2266 1817 usque
2337 1725 2426 1796 ad
2498 1724 2898 1797 Danubium
2971 1745 3007 1798 e
3069 1724 3350 1817 regione
3419 1724 3814 1797 Moldaviae
3886 1730 3963 1798 et

859 1843 1268 1916 Walachiae
1322 1864 1446 1935 per
1496 1844 1907 1917 distantiam
1962 1847 2117 1916 octo
2172 1846 2262 1917 ad
2315 1846 2548 1917 minus
2604 1844 2981 1932 dietarum,
3039 1866 3200 1916 nam
3263 1847 3334 1917 et
3386 1843 3471 1916 de
3522 1844 3960 1917 milliaribus

860 1962 1012 2035 illis
1066 1964 1141 2036 in
1177 1963 1499 2055 partibus
1552 1984 1779 2054 neque
1816 1963 2267 2052 consuetudo,
2324 1984 2549 2054 neque
2584 1966 2956 2054 computus
2991 1962 3378 2036 habebatur
3411 1963 3624 2035 ullus.
3683 1963 3960 2036 Versus

860 2103 1025 2156 vero
1081 2082 1441 2155 meridiem
1479 2081 1745 2155 dictum
1782 2081 2133 2155 desertum
2187 2103 2411 2174 usque
2466 2083 2553 2155 ad
2589 2082 2910 2154 Maurum
2947 2102 3135 2154 mare
3180 2082 3617 2173 producitur3
3673 2087 3956 2155 montes

859 2223 1022 2275 vero
1079 2224 1252 2294 quos
1308 2202 1615 2274 diximus
1645 2199 1732 2290 ²),
1790 2201 2003 2275 etiam
2056 2202 2132 2274 in
2170 2202 2402 2293 ipsum
2455 2222 2643 2275 mare
2680 2201 3062 2275 terminant
3113 2221 3326 2294 penes
3364 2200 3698 2273 Warnam
3753 2223 3794 2273 e
3841 2222 3951 2273 re-

857 2321 1065 2414 gione
1122 2321 1497 2411 Galathae‚
1555 2320 1960 2413 quingentis
2024 2323 2204 2394 forte
2254 2322 2581 2413 passibus
2637 2343 2678 2395 a
2733 2322 3036 2395 Galatha
3088 2320 3490 2394 distantem.
3569 2320 3758 2412 Quas
3815 2322 3953 2393 cir-

858 2440 1320 2513 cumstantias
1374 2441 1529 2513 ideo
1583 2441 1926 2514 notandas
1990 2462 2142 2515 esse
2197 2440 2696 2515 constituimus
2727 2439 2814 2531 3),
2879 2446 2962 2515 ut
3013 2440 3408 2533 legentibus
3462 2441 3658 2513 locus
3723 2447 3952 2513 certa-

858 2560 1067 2633 minis
1123 2565 1193 2634 et
1245 2560 1400 2634 loca
1453 2562 1657 2652 fugae
1710 2559 1965 2633 melius
2020 2560 2482 2635 innotescant.

1340 2920 1575 2993 Vama
1623 2922 1693 2993 et
1734 2920 2040 3011 pleraque
2085 2922 2214 2993 alia
2259 2924 2482 2993 eastra
2527 2920 2853 2993 deduntur
2895 2921 3052 3010 Regi
3097 2920 3464 2993 wladislao.

1063 3158 1363 3231 Vaditur
1383 3158 1445 3247 ⁴)
1482 3158 1704 3251 igitur
1736 3158 1925 3231 intra
1961 3164 2231 3233 montes
2268 3159 2460 3250 ipsos
2487 3180 2700 3251 penes
2738 3160 2998 3247 lacum,
3039 3158 3254 3231 donec
3280 3158 3614 3231 Warnam
3648 3178 3951 3249 perven-

860 3284 1011 3351 tum
1050 3282 1190 3366 est3
1248 3282 1318 3352 et
1352 3278 1761 3370 priusquam
1800 3299 1877 3352 eo
1914 3279 2131 3371 Regis
2166 3279 2575 3372 pertigisset
2606 3278 2667 3369 5)
2721 3279 3104 3367 exercitus,
3162 3278 3438 3366 Teucri,
3480 3277 3602 3368 qui
3639 3276 3953 3351 Warnae

852 3401 1253 3489 praeerant,
1293 3399 1741 3490 aufugerunt,
1781 3397 2096 3489 marique
2134 3419 2208 3471 se
2245 3420 2484 3471 omnes
2537 3398 3056 3471 commiserunt:
3105 3397 3291 3471 idem
3327 3400 3396 3470 et
3433 3397 3557 3489 qui
3593 3396 3950 3470 Galathae

852 3522 1249 3609 praeerant,
1324 3516 1759 3590 factitarunt.
1841 3516 2268 3591 Warnenses
2333 3521 2567 3591 autem
2639 3523 2710 3591 et
2773 3517 3268 3605 Galathenses,
3344 3518 3808 3591 Schumenses
3875 3523 3950 3591 et

853 3638 1383 3711 Petrzeczenses
1413 3637 1501 3726 ⁶),
1568 3636 1897 3725 aliorum,
1965 3636 2088 3727 qui
2150 3637 2535 3728 periclitati
2601 3638 2908 3726 fuerant,
2975 3636 3364 3710 vicinorum
3417 3637 3742 3729 exempla
3796 3658 3942 3711 me·

852 3761 1157 3845 tuenteS,
1215 3777 1367 3830 sese
1420 3756 1494 3828 in
1532 3755 1748 3848 Regis
1803 3759 2227 3848 potestatem
2281 3757 2726 3846 dediderunt,
2783 3778 2966 3829 nona
3019 3756 3293 3830 scilicet
3345 3757 3456 3829 die
3492 3756 3942 3845 Novembri8‚

854 3876 1027 3949 feria
1081 3876 1412 3967 secunda,
1470 3896 1643 3967 quos
1700 3879 1769 3947 et
1806 3875 2117 3949 Caverna
2171 3879 2242 3950 et
2278 3876 2418 3949 alia
2470 3868 2676 3968 plura
2731 3880 2964 3949 castra
3009 3876 3243 3951 eodem
3282 3876 3392 3948 die
3447 3880 3614 3949 sunt
3647 3876 3938 3964 imitati,

854 3996 1064 4068 etiam
1117 3996 1530 4088 priusquam
1586 3997 1741 4069 Rex
1794 3995 1949 4087 ipse
2003 4018 2131 4067 sua
2186 3996 2324 4070 sibi
2380 3996 2582 4087 signa
2633 3996 3201 4085 monstravisset‚
3259 3994 3579 4088 quamvis
3633 3996 3936 4087 triplici-

850 4114 984 4187 bus
1036 4115 1290 4203 muriS‚
1346 4120 1691 4208 portuque
1744 4114 2095 4188 maritimo
2150 4121 2537 4190 tuerentur.
2603 4117 2828 4188 Tanta
2881 4116 3225 4207 siquidem
3279 4116 3414 4188 fuit
3467 4116 3682 4209 Regis
3735 4121 3935 4187 auto·

850 4233 1060 4321 ritas,
1117 4238 1199 4306 ut
1251 4255 1501 4308 nomen
1557 4234 1711 4307 eius
1741 4236 1817 4324 7)·
1865 4234 2015 4307 illis
2069 4236 2145 4307 in
2199 4235 2552 4327 partibuS,
2617 4241 2952 4328 tanquam
3006 4236 3323 4308 mortalis
3387 4235 3747 4308 cuiusdam
3803 4234 3938 4307 Dei

852 4374 979 4425 sua
1030 4373 1155 4444 pro
1211 4353 1585 4428 clementia
1636 4361 2113 4445 veneraretur,
2174 4354 2748 4448 magnanimitate
2811 4360 3046 4429 autem
3101 4357 3299 4428 velut
3351 4355 3750 4428 Alexander
3811 4358 3936 4425 aut

851 4471 1103 4545 Caesar
1155 4473 1336 4545 alter
1388 4472 1649 4564 ubique
1704 4472 2093 4547 timeretur.

1067 4763 1110 4844 ¹)
1153 4717 1395 4825 Petraea
1438 4760 1565 4827 Ed.
1620 4762 1801 4847 Lipe.
1852 4764 1901 4843 ²)
1948 4765 2195 4827 dicimus
2253 4759 2404 4827 C'od.
2457 4762 2634 4827 Koet.
2683 4764 2738 4845 ³)
2787 4766 3076 4828 voluimus
3126 4757 3278 4827 cod.
3329 4762 3505 4825 Kost.
3568 4762 3622 4843 ⁴)
3671 4764 3932 4825 curritur

859 4862 1013 4928 eod.
1058 4862 1197 4928 Lis.
1240 4868 1367 4927 Itur
1410 4864 1535 4930 Ed.
1583 4864 1765 4950 Lipe.
1815 4866 1866 4946 ⁵)
1912 4868 2284 4945 pervenisset
2323 4865 2450 4930 Ed.
2482 4865 2663 4950 Lips.
2710 4866 2762 4948 ⁶)
2808 4869 3156 4929 Petrzenses
3201 4865 3326 4933 Ed.
3372 4864 3553 4949 Lips.
3606 4864 3656 4950 ²)
3701 4868 3930 4927 nomine

847 4968 1005 5029 illius
1050 4966 1176 5031 Ed.
1221 4965 1403 5051 Lips.
