4342 6384
910 424 1058 496 672
2043 445 2273 499 unm
2323 444 2833 502 nuonncnms.
3438 423 3588 525 (Α.
3627 423 3732 498 D.
3773 423 3999 523 ¹⁴42.)
4111 461 4132 472 ’-

908 628 1258 721 incipiunt
1315 628 1597 722 singula
1649 629 1973 719 deficere,
2032 635 2101 704 et
2137 630 2212 703 in
2249 631 2645 724 Przesburg
2697 629 3141 723 perveniens,
3201 633 3516 703 castrum
3573 631 3780 723 qnod
3823 633 4003 725 longo
4111 640 4128 684 r

908 753 1217 841 1911111919
1270 748 1657 824 obsidionis
1714 750 1981 826 ferebat
2033 750 2394 824 molestias
2435 752 2512 841 ²),
2571 751 2932 825 obsidione
2985 750 3241 824 liberat
3256 806 3274 840 ,
3332 751 3575 825 reficit
3639 757 3722 824 et
3760 751 4002 826 imu-
4131 752 4148 848 ᾗ

907 874 1018 941 rat
1047 868 1133 960 ²),
1193 870 1553 944 civitatem
1609 870 2004 963 Przesburg
2055 870 2194 943 sibi
2248 871 2614 960 rebellem,
2673 891 2760 945 ex
2798 892 2937 963 qua
2990 870 3356 943 Elisabeth
3409 870 3732 964 Regina,
3790 870 4004 942 audito

906 989 1285 1063 Wladislai
1338 989 1557 1083 Regis
1612 988 1950 1079 adventu,
2008 989 2084 1063 in
2138 990 2483 1064 Viennam
2535 992 2973 1084 profugerat,
3030 990 3383 1083 reciproca
3420 990 3811 1064 obsidione
3865 991 3999 1062 fati·

903 1110 1147 1202 gabat,
1204 1110 1738 1183 bombardorum
1792 1109 2052 1184 ictibus
2116 1110 2202 1185 de
2255 1115 2483 1185 castro
2538 1111 2800 1185 multas
2856 1112 3096 1184 domos
3166 1111 3242 1185 in
3295 1111 3600 1186 civitate
3634 1109 3709 1201 ³)
3770 1110 3998 1202 frangi}
4140 1169 4152 1205 ,ὃ

906 1235 977 1303 91
1029 1229 1438 1318 demolitum
1512 1251 1639 1303 nec
1694 1230 1983 1304 dubium
2038 1236 2220 1320 erat,
2289 1231 2461 1324 quin
2516 1232 2714 1304 illam
2769 1232 2854 1304 ad
2911 1231 3333 1306 deditionem
3386 1231 3912 1324 compulisset,
3957 1231 4001 1300 si
4140 1205 4156 1282 ι’

904 1350 1181 1424 diutius
1228 1356 1769 1443 perseverasset.
1845 1351 2104 1426 Verum
2169 1372 2577 1445 compassus
2638 1353 2976 1426 baronum
3041 1357 3111 1426 et
3174 1352 3485 1426 militum
3546 1373 3855 1425 suorum
3906 1351 4000 1423 da·
4152 1382 4156 1388 =

905 1472 1087 1544 mnis
1142 1471 1471 1563 plurimis
1524 1476 1810 1564 propter
1848 1490 2182 1564 equorum
2220 1473 2603 1560 defectum,
2660 1473 2783 1566 qui
2820 1473 3001 1547 fame
3038 1473 3473 1547 tabescentes
3531 1471 4003 1545 moriebantur
4154 1471 4158 1577 J

906 1597 1080 1683 (non
1132 1592 1317 1667 euim
1370 1586 1646 1685 poterat
1700 1591 1992 1681 alicubi,
2051 1592 2262 1666 etiam
2316 1592 2391 1666 in
2429 1593 2603 1667 19919
2656 1592 2975 1682 remotis,
3031 1613 3156 1683 pre
3194 1593 3394 1684 equis
3449 1593 3816 1684 pabulum
3867 1599 3932 1663 et
3953 1592 4002 1674 ⁴)

902 1733 1127 1805 neque
1181 1714 1386 1805 palea
1438 1712 1762 1806 reperiri,
1829 1712 1953 1785 sed
2005 1712 2252 1787 diebus
2304 1713 2628 1804 pluribus
2693 1712 2969 1786 frondes
3023 1712 3347 1786 arborum
3411 1717 3627 1786 erant
3683 1733 4000 1805 equorum
4151 1749 4156 1771 ι

903 1832 1177 1925 potiora
1229 1832 1522 1924 pabula,
1582 1832 1922 1925 equisque
1972 1832 2460 1907 deficientibus
2517 1854 2653 1906 non
2689 1832 2918 1906 minor
2970 1832 3285 1906 homines
3331 1831 3707 1923 premebat
3751 1833 4000 1909 19111991,

903 1952 1339 2025 obsidionem-
1391 1952 1609 2026 solvit
1663 1958 1733 2025 et
1787 1952 1861 2025 in
1889 1953 2342 2026 Tharnawam
2397 1953 2717 2043 transiit,
2775 1953 3027 2027 abinde
3081 1953 3351 2026 Budam
3405 1952 3663 2040 rediit,
3727 1953 3996 2021 festum*

905 2093 1041 2164 que
1095 2072 1406 2145 Paschae
1461 2073 1843 2147 celebravit
1898 2063 2162 2147 Budas.

1152 2435 1512 2527 moropau-
1556 2436 1871 2510 Bolronu
1916 2436 2258 2510 civitaten
2301 2437 2673 2526 Agriensem
2717 2435 3031 2526 diripiens
3074 2452 3115 2507 a
3155 2435 3412 2507 Pelorus
3455 2434 3779 2507 vincitur.

1107 2677 1432 2751 Paschae
1476 2675 1723 2750 diebus
1754 2675 1816 2766 ⁵)
1872 2675 2273 2764 transactis,
2328 2676 2568 2768 plures
2605 2674 2872 2749 milites
2927 2676 2996 2747 et
3032 2674 3325 2747 barones
3361 2670 3592 2765 Regni
3632 2673 3984 2746 Pulonisa

903 2802 1187 2889 accepta
1240 2818 1282 2869 a
1335 2795 1731 2870 Wladislao
1796 2796 1985 2888 Rege
2051 2816 2186 2868 non
2252 2794 2466 2888 digna
2529 2796 2789 2883 solum,
2869 2793 2990 2868 sed
3058 2793 3271 2866 etiam
3333 2793 3636 2886 prodiga
3695 2797 3992 2865 laborum

904 2923 976 2994 et
1029 2922 1312 2990 actuum
1367 2936 1651 2988 suorum
1686 2934 2163 3007 recompensa,
2223 2913 2480 3006 quibus
2533 2935 2671 2988 non
2707 2914 3078 2988 universos
3114 2914 3342 2986 solum
3396 2913 3751 2987 introitus
3791 2917 3996 3005 Regni

904 3036 1239 3111 Poloniae
1277 3035 1675 3123 distribuit,
1733 3055 1974 3108 verum
2013 3034 2225 3108 etiam
2264 3041 2485 3109 terras
2522 3034 2860 3127 capitales
2898 3038 3142 3108 contra
3175 3033 3312 3122 ius,
3369 3033 3627 3126 fasque·
3660 3045 3739 3107 et
3779 3045 3994 3105 11911111

905 3156 1284 3250 privileg-ia
1338 3161 1408 3230 et
1445 3155 1733 3228 laudum
1786 3154 2017 3248 Regni
2051 3154 2386 3230 Poloniae
2440 3155 2806 3247 inscripsit
2852 3159 2922 3229 et
2958 3152 3331 3247 obligavit,
3389 3154 3686 3227 obtenta
3731 3157 3996 3229 lieentia

905 3279 979 3352 in
1035 3279 1358 3371 Regnum
1422 3275 1757 3350 Poloniae
1817 3280 2296 3350 revertuntur:
2372 3297 2549 3368 (11199
2613 3275 2853 3350 Simon
2916 3273 3286 3367 Agriensis
3341 3273 3723 3365 episeopus
3799 3297 3996 3365 11911111

903 3399 978 3472 111
1034 3396 1325 3490 Agriam
1382 3394 1778 3483 comitatur,
1836 3400 1907 3468 et
1960 3394 2034 3467 in
2071 3395 2360 3488 Agriam
2414 3395 2786 3487 perductos
2842 3394 3052 3488 digno
3099 3395 3358 3467 honore
3410 3393 3686 3486 excipit
3751 3405 3819 3469 st
3863 3393 3996 3485 qui·

905 3519 1038 3592 bus
1091 3521 1327 3609 potest
1378 3513 1795 3589 necessariis
1848 3519 2198 3605 procurat.
2266 3515 2536 3606 Quibus
2592 3515 2745 3588 illic
2801 3514 2953 3587 sine
3005 3514 3248 3606 aliqua
3300 3513 3544 3586 hostili
3606 3517 4000 3605 suspiciens

903 3658 1144 3712 secure
1199 3633 1753 3728 quiescentibus,
1813 3634 2211 3725 Thelephus
2267 3634 2618 3708 Bohemus
2674 3655 2759 3707 ex
2799 3634 3132 3707 Cassovia
3185 3654 3340 3707 cum
3382 3654 3520 3704 non
3575 3633 4000 3705 modicorum

905 3759 1372 3831 Bohemorum
1428 3759 1499 3828 et
1552 3755 2057 3828 Almannorum
2111 3753 2185 3825 in
2222 3758 2421 3845 parte
2474 3752 2785 3846 Reginae
2823 3752 3287 3826 militantium
3343 3752 3663 3826 exercitu
3723 3757 4000 3829 descen·

903 3878 1108 3966 dens,
1181 3877 1465 3967 repente
1526 3874 1602 3946 in
1664 3872 2075 3965 Agriensem
2140 3872 2497 3947 civitatem
2563 3872 2637 3945 in
2709 3872 2883 3945 solis
2940 3878 3099 3946 ortu
3128 3872 3191 3961 ⁶)
3246 3871 3488 3961 irruit,
3563 3878 3641 3945 et
3703 3877 4004 3945 1191911119

906 4001 1117 4088 atque
1171 3996 1544 4085 Hungares
1599 3992 1826 4066 adhue
1880 3992 2102 4084 quisti
2158 3998 2229 4065 et
2283 3992 2514 4084 sopori
2569 3992 2877 4082 (19(11199,
2936 3993 3148 4066 tubae
3203 3991 3441 4065 sonitu
3497 4002 3568 4065 et
3625 4014 4000 4077 armorum,

900 4113 1432 4207 gladiorumque
1489 4111 1770 4185 fremitu
1825 4113 2161 4200 deterret,
2229 4112 2588 4185 civitatem
2647 4112 2940 4205 spoliat,
3008 4134 3254 4185 currus
3318 4113 3751 4186 Polonorum
3815 4137 3996 4205 prae-

902 4236 1133 4322 datur,
1190 4252 1406 4324 equos
1460 4232 1721 4303 multos
1759 4233 2018 4320 aufert,
2077 4233 2366 4305 Petrum
2406 4233 2872 4306 Odrowansch
2903 4233 2964 4322 7)
3019 4231 3415 4324 palatinum
3463 4233 4000 4324 Leopolienssm

902 4376 987 4429 ex
1053 4351 1365 4444 hospitio
1439 4371 1564 4422 9119
1636 4349 1723 4422 9(1
1798 4351 2154 4425 ferendum
2231 4351 2624 4425 subsidium
2699 4351 3204 4426 tumultuariae
3272 4373 3549 4445 pugnae
3620 4373 4004 4446 egressum.

902 4469 1458 4565 comprehendit,
1516 4473 1588 4543 et
1642 4476 1938 4542 onustus
1994 4492 2246 4563 magna
2295 4472 2583 4563 praeda,
2642 4471 2876 4564 equis,
2935 4471 3192 4564 quibus
3247 4470 3400 4563 ipse
3453 4475 3526 4544 et
3572 4471 3686 4544 sui
3747 4473 4004 4545 inside-

900 4593 1102 4679 bant,
1171 4594 1422 4681 suapte
1485 4609 1574 4661 ex
1638 4587 1860 4661 totius
1931 4590 2161 4662 noctis
2227 4590 2479 4663 itinere
2541 4590 2864 4679 19999119,
2929 4589 3226 4664 redibat.
3308 4589 3562 4663 Poloni
3634 4601 3883 4665 autem
3948 4605 4004 4661 91,

904 4709 1229 4804 Hungari
1281 4708 1549 4782 milites
1603 4707 2071 4799 nequidquam
2126 4709 2254 4781 illo
2309 4714 2566 4784 eventu
2602 4711 2985 4802 pavefacti,
3044 4710 3167 4784 sed
3204 4710 3427 4802 magis
3473 4710 3779 4797 irritati,
3823 4733 4004 4785 arma

904 4828 1151 4903 statim
1216 4826 1536 4920 capiunt,
1603 4832 1674 4901 91
1744 4825 1943 4919 equis
2005 4828 2403 4902 recentibus
2467 4830 2809 4919 1199911919,
2883 4830 3255 4923 glomerati
3311 4828 3703 4921 fugientem
3759 4833 4000 4905 Thale

1116 5115 1160 5196 ¹)
1208 5118 1536 5178 molestiam
1600 5111 1752 5179 Cod.
1798 5113 1975 5178 Kost.
2055 5113 2110 5195 ²)
2154 5123 2448 5178 restaurat
2509 5112 2662 5180 cod.
2727 5115 2905 5181 Kost.
2977 5115 3026 5198 ⁸)
3073 5120 3278 5180 domos
3337 5118 3554 5178 civium
3624 5112 3783 5181 ΟΜ.
3835 5117 4004 5181 ΕΜ.

905 5317 963 5401 ⁶)
1007 5322 1149 5381 orbe
1191 5319 1318 5383 Ed.
1365 5318 1546 5405 [dP-⁹·
1596 5319 1648 5403 ’)
1696 5322 2019 5402 Odroquz
2067 5316 2221 5385 Cod.
2268 5319 2447 5387 Koot.

902 5216 956 5299 ⁴)
1001 5219 1108 5281 sed
1156 5213 1307 5282 cod.
1353 5215 1530 5282 Kost.
1597 5217 1648 5299 ⁵)
1692 5220 1891 5279 Festis
1936 5220 2146 5281 diebus
2190 5219 2458 5281 Paschae
2522 5213 2676 5284 cod.
2727 5218 2945 5284 Praeez.
3020 5221 3333 5282 Paschafis
3378 5220 3592 5283 diebus
3633 5218 3767 5285 Ed,
3831 5221 4004 5305 Lips.
4156 5270 4162 5278 .
