4342 6384
412 618 547 721 (Α.
584 618 677 695 D.
716 614 971 718 1444.)
1540 633 1767 692 muna
1816 634 2332 692 DUODEcnms.
3362 619 3509 693 719

411 828 699 900 stellum
754 826 1103 900 Schumen
1141 825 1196 914 1)
1252 828 1324 897 et
1376 824 1747 897 castellum
1785 824 2111 898 Petrzecz
2141 822 2206 913 2)
2263 823 2716 915 occupabant.
2776 821 2911 914 Qui
2965 843 3122 897 cum
3157 822 3508 896 vidissent

412 946 681 1038 triplici
736 966 811 1019 se
864 965 1087 1033 muro,
1145 944 1367 1018 foveis
1419 944 1817 1035 profundis,
1874 943 2291 1037 saxosisque
2345 942 2703 1017 montibus
2759 963 2914 1016 esse
2967 942 3310 1031 munitos,
3379 944 3508 1015 im-

410 1070 649 1157 petum
704 1064 945 1158 Regis,
1002 1084 1445 1157 pugnamque
1501 1064 1948 1136 sustulerunt
1987 1064 2364 1154 exercitu8‚
2423 1068 2494 1137 et
2547 1082 2944 1155 quanquam
3001 1062 3088 1134 ad
3143 1061 3509 1135 interitum

411 1204 634 1277 usque
686 1183 861 1257 dicti
897 1184 1149 1258 Teucri
1204 1184 1391 1257 intra
1426 1182 1699 1257 moenia
1754 1204 1829 1257 se
1865 1183 2175 1257 viriliter
2227 1182 2738 1270 defendissent,
2794 1202 2836 1253 a
2870 1180 3220 1254 militibus
3275 1185 3510 1254 tamen

407 1304 658 1397 regiiS,
717 1325 857 1376 una
910 1304 1392 1376 tantummodo
1446 1302 1591 1391 die,
1650 1303 1919 1376 crudeli
1971 1324 2210 1395 pugna
2245 1302 2644 1390 commissa,
2704 1301 3020 1393 superati
3057 1304 3257 1389 sunt,
3315 1304 3387 1372 et
3423 1320 3510 1372 ex

413 1424 590 1516 ipsis
644 1424 837 1495 ultra
888 1444 1097 1515 quam
1136 1422 1445 1515 quinque
1482 1421 1711 1494 millia
1745 1421 2007 1513 partim
2046 1442 2133 1495 ex
2172 1420 2466 1493 summis
2503 1420 2756 1510 muris,
2814 1420 3272 1511 turribusque
3307 1440 3510 1510 prae-

412 1543 725 1635 cipitati,
779 1542 1039 1634 partim
1093 1542 1286 1635 igne,
1342 1541 1715 1634 gladioque
1768 1542 2193 1615 ceciderunt.
2251 1541 2716 1634 Bulgarorum
2753 1538 2966 1613 etiam
3021 1540 3093 1612 111
3131 1538 3510 1631 primordio

410 1662 826 1755 irruptionis
880 1662 1170 1754 plurimi
1234 1662 1637 1736 defecerunt
1709 1682 1867 1735 cum
1930 1661 2110 1754 ipsis
2175 1661 2438 1753 pariter
2499 1660 2820 1750 Teucris,
2891 1659 3234 1751 plurimos
3299 1658 3512 1732 etiam

412 1782 571 1855 Rex
624 1782 779 1875 ipse
833 1802 961 1853 sua
1012 1781 1277 1873 pietate
1333 1783 1677 1871 servavit,
1736 1783 1976 1874 plures
2030 1781 2322 1874 insuper
2375 1781 2626 1854 Slavos
2654 1778 2716 1869 ³)
2773 1782 2844 1852 et
2879 1780 3277 1871 Hungaros,
3336 1798 3512 1870 quos

414 1922 625 1974 saeva
678 1903 1099 1975 Teucrorum
1154 1921 1402 1973 manus
1466 1900 1679 1973 dictis
1743 1900 1819 1972 in
1871 1900 2049 1973 locis
2110 1900 2438 1993 pluribus
2502 1899 2707 1972 annis
2761 1898 3079 1990 captivos
3142 1897 3508 1987 habuerat,

414 2020 673 2093 liberos
729 2021 895 2095 fecit
948 2026 1020 2095 et
1074 2021 1162 2093 ad
1192 2021 1254 2109 ⁴)
1309 2019 1717 2113 Hungariae
1770 2020 2093 2113 Regnum
2148 2019 2364 2093 iussit
2414 2040 2540 2112 per
2590 2016 2989 2092 Danubium
3043 2017 3507 2090 transfretari.

479 2382 872 2455 vladislaus
915 2381 1054 2453 Rex
1099 2385 1369 2472 accepto
1414 2380 1651 2453 nuntio
1695 2381 1777 2454 de
1820 2381 2113 2454 transm
2155 2381 2494 2454 turcorum
2534 2380 2700 2451 nihil
2743 2380 3036 2466 territus,
3082 2378 3440 2451 exercitum

1211 2516 1396 2573 suun
1444 2502 1528 2573 ad
1572 2500 1769 2590 plana
1813 2518 2046 2574 vorsus
2087 2501 2390 2574 Varum
2433 2500 2719 2573 deducit.

624 2739 905 2811 Interea
957 2738 1291 2811 Iulianus.
1337 2738 1725 2812 Cardinalis
1780 2740 2087 2833 Legatus
2124 2738 2580 2832 apostoliens,
2638 2736 2762 2829 qui
2797 2736 2950 2828 ipse
2995 2735 3069 2808 in
3104 2730 3294 2810 bello
3329 2734 3512 2827 Regi

418 2879 691 2950 semper
760 2856 1025 2944 astitit,
1094 2857 1341 2931 literas
1405 2859 1674 2950 accepit
1735 2881 1778 2932 a
1829 2858 2206 2933 Francisco
2279 2857 2633 2932 Cardinali
2685 2854 3172 2944 venetiarum,
3239 2854 3508 2927 mariti-

417 2997 570 3050 mae
625 2976 878 3050 elassis
932 2976 1361 3069 apostolicae
1414 2977 1792 3070 capitaneo
1856 2982 1927 3051 et
1978 2976 2268 3071 Logato,
2325 2976 2706 3049 transitum
2759 2976 3179 3047 Teucrorum
3236 2973 3310 3046 in
3363 2993 3507 3045 ma·

414 3118 553 3189 gna
614 3096 1073 3169 multitudine
1146 3116 1232 3169 ex
1296 3096 1472 3170 Asia
1542 3098 1617 3169 in
1688 3098 2070 3189 Europam,
2146 3094 2464 3170 custodia
2535 3092 3000 3186 nequicquam
3071 3092 3508 3185 prohibente,

416 3218 913 3290 transfretasse
965 3215 1398 3305 nuntianteS‚
1456 3220 1528 3288 et
1584 3217 1767 3308 quod
1822 3216 2072 3289 classis
2127 3214 2481 3288 maritima
2533 3212 2918 3305 apostolica
2970 3212 3337 3306 prohibere
3389 3232 3508 3285 ne·

418 3334 757 3428 quiverit,
836 3335 1006 3426 quin
1070 3334 1318 3407 Teucri
1382 3335 1659 3425 furtim,
1730 3341 2082 3427 noctuque
2144 3334 2220 3406 111
2282 3333 2522 3425 parvis
2586 3332 2853 3425 cymbis
2924 3352 3048 3424 per
3108 3330 3511 3405 inferiorem

414 3460 687 3546 partem
740 3452 955 3527 Phari
992 3453 1415 3547 Galliopolis
1448 3454 1509 3544 ⁵)
1566 3454 2029 3528 traiecissent.
2085 3454 2469 3526 Multorum
2508 3456 2742 3525 tamen
2795 3450 3092 3525 assertio
3145 3449 3314 3539 fuit,
3372 3449 3510 3523 Ve-

418 3578 741 3647 netorum
798 3576 869 3647 et
921 3574 1377 3647 Ianuensium
1402 3575 1468 3663 ⁰)
1520 3573 1903 3667 galearum,
1960 3572 2385 3664 naviumque
2437 3576 2764 3664 patrones
2819 3572 2896 3642 et'
2943 3568 3346 3661 capitaneos
3390 3589 3509 3660 pe·-

418 3694 627 3767 cunia
680 3693 1066 3786 multiplici
1132 3713 1217 3767 ex
1272 3692 1591 3767 Asiatica
1652 3714 1826 3785 gaza
1888 3697 2286 3785 corruptoS,
2353 3712 2392 3765 e
2444 3690 2764 3765 custodia
2819 3688 3069 3763 Stricti
3122 3687 3512 3763 excessisse

418 3816 493 3887 et
546 3814 926 3886 Turcorum
982 3811 1263 3885 Caesari
1316 3832 1473 3886 cum
1529 3812 1990 3905 quadraginta
2042 3812 2363 3885 millibus
2418 3832 2700 3884 suorum
2755 3808 3189 3899 advenienti,
3251 3806 3508 3881 transi·

416 3938 571 4007 tum
624 3932 927 4006 liberum
980 3932 1249 4005 fecisse.
1294 3930 1544 4023 'Quam
1600 3930 2055 4005 assertionem
2117 3930 2278 4023 piae
2332 3934 2598 4004 mentes
2661 3952 2800 4002 non
2851 3932 3245 4020 receptant,
3310 3931 3514 3999 tanta

417 4051 713 4145 perfidia
764 4051 1071 4125 Venetos
1128 4056 1199 4124 et
1252 4052 1635 4125 Ianuenses
1668 4053 1729 4140 ⁷)
1783 4072 1949 4124 usos
2004 4072 2190 4140 esse,
2247 4056 2330 4123 ut
2382 4049 2842 4124 christianum
2897 4048 3308 4141 sanguinem
3361 4047 3508 4118 Ma·

419 4172 819 4245 hometistis
848 4170 913 4261 ε3)
980 4192 1146 4243 auro
1211 4170 1623 4259 venderent3
1698 4172 1818 4243 sed
1873 4172 1961 4243 ad
2014 4171 2241 4242 multa
2295 4170 2419 4243 vix
2473 4168 2814 4241 credenda
2875 4169 3180 4241 humana
3230 4170 3516 4259 pectora

421 4290 733 4383 impellit
796 4311 1001 4382 saepe
1064 4289 1217 4362 auri
1284 4310 1483 4363 sacra
1543 4291 1783 4363 fumea.
1867 4289 2057 4362 Aliis
2122 4289 2425 4381 placuit,
2492 4310 2580 4361 ex
2635 4288 2906 4360 defectu
2969 4286 3386 4360 victualium
3441 4290 3514 4358 et

422 4414 929 4484 commeatuum
986 4411 1282 4483 classem
1347 4409 1780 4483 discessisse.
1866 4408 2266 4500 Utcumque
2332 4408 2458 4496 sit,
2525 4407 2826 4480 liberum
2890 4426 3078 4479 mare
3131 4404 3416 4478 Teucris
3444 4404 3511 4493 ⁹)

420 4530 686 4622 patuit,
726 4530 849 4622 qui
886 4534 1216 4622 superato
1254 4530 1541 4616 stricte,
1582 4528 1942 4601 venientes
1981 4528 2054 4600 in
2092 4528 2490 4616 Graeciam,
2529 4527 2755 4600 iuncti
2793 4530 2961 4597 sunt
2995 4524 3144 4597 suis
3183 4524 3285 4597 cis
3322 4544 3510 4596 mare

422 4650 869 4723 manentibus
906 4649 1019 4739 ¹⁰).
1080 4650 1271 4721 Haec
1326 4653 1557 4722 tamen
1602 4647 2041 4722 denuntiatio
2088 4668 2314 4739 neque
2351 4648 2613 4739 Regem
2669 4644 2954 4734 terruit,
3009 4665 3138 4718 nec
3200 4644 3510 4717 animum

424 4791 628 4842 suum
700 4790 741 4841 a
794 4768 1104 4861 periculo
1171 4769 1407 4840 futuro
1470 4766 1764 4855 avertit,
1839 4766 2009 4858 quin
2076 4766 2161 4838 ad
2225 4766 2434 4839 littus
2507 4765 2720 4839 maris
2774 4764 3000 4837 Mauri
3061 4764 3255 4857 regia
3307 4762 3512 4857 signa

423 4889 823 4975 deduceret3
890 4893 959 4961 et
1023 4888 1429 4961 descensum
1498 4888 1759 4959 faciens
1823 4907 1981 4959 cum
2036 4886 2349 4959 exercitu
2413 4908 2454 4958 a
2507 4885 2797 4959 castello
2853 4886 3178 4958 Petrzccz
3217 4883 3306 4973 11)
3369 4881 3512 4955 iam

638 5193 686 5274 ¹)
730 5192 947 5256 Sumen
990 5192 1118 5256 Ed.
1164 5191 1346 5277 Lipc.
1420 5191 1469 5273 ²)
1518 5198 1775 5255 castrum
1816 5192 2060 5255 Petrecz
2103 5190 2232 5256 Ed.
2279 5189 2460 5276 Lips.
2522 5190 2578 5273 ³)
2623 5190 2868 5279 sclavos
2921 5188 3049 5254 Ed.
3099 5188 3276 5273 Εὗρε.
3353 5184 3406 5269 ⁴)
3452 5188 3514 5250 in

425 5290 579 5360 Ood.
624 5295 800 5360 Kost.
850 5295 901 5376 ⁵)
947 5296 1261 5374 Gallipolis
1308 5291 1461 5359 cod.
1510 5290 1688 5359 Calv.
1745 5295 1797 5376 ⁸)
1844 5295 2246 5357 Genuensium
2289 5292 2415 5358 Ed.
2448 5291 2629 5378 Lips.
2681 5293 2736 5375 ⁷)
2781 5294 3128 5356 Genuenses
3170 5290 3297 5355 Ed.
3329 5290 3513 5375 Lips-

427 5398 478 5479 Θ)
524 5400 932 5460 Mahumeticis
976 5396 1103 5460 Ed.
1134 5395 1315 5482 Lips.
1364 5397 1419 5478 ⁹)
1466 5400 1679 5459 Turcis
1714 5394 1865 5460 Cod.
1898 5395 2034 5461 Lis.
2090 5396 2167 5478 ¹⁰)
2214 5398 2669 5459 remanentibus.
2711 5392 2864 5459 aod.
2897 5393 3075 5457 Kost.
3131 5395 3208 5474 ¹¹)
3253 5414 3290 5455 a
3319 5400 3513 5456 castro

423 5503 665 5563 Petrecz
712 5499 841 5565 Ed.
892 5498 1069 5583 szps.
