4342 6384
406 538 539 639 (Α.
580 539 672 614 D.
711 534 968 635 1432.)
1585 560 1814 613 mnu
1864 560 2328 615 nunncnms.
3348 537 3503 616 483

415 748 902 837 „deducimusz
961 746 1302 838 quomodo
1357 766 1438 818 eo
1493 750 1836 837 tempore,
1893 766 2030 837 quo
2083 746 2485 838 Principes,
2532 746 2880 836 Praelati,
2935 747 3209 821 nobiles
3266 752 3337 822 et
3390 770 3497 824 re-

415 867 774 960 „gnicolae
827 866 1056 958 Regni
1111 866 1446 938 Poloniae
1501 865 2022 939 serenissimum
2076 865 2476 957 Principem
2530 867 2887 940 dominum
2934 868 2989 958 ¹)
3027 868 3498 943 wladislaum

413 991 718 1081 „Regem
781 986 1150 1075 Poloniae,
1207 986 1562 1058 dominum
1628 988 1946 1058 nostrum
2001 990 2074 1059 et
2109 987 2399 1059 fratrem
2452 985 2979 1076 charissimum,
3036 987 3125 1059 ad
3179 988 3502 1081 Regnum

414 1107 790 1197 „Poloniae
843 1105 1262 1194 invitantes,
1319 1110 1884 1196 assumpserunt,
1941 1109 2012 1179 et
2047 1124 2240 1195 eum,
2296 1108 2475 1178 nutu
2512 1104 2790 1195 divino,
2830 1104 3001 1180 almi
3039 1105 3352 1199 Spiritus
3390 1106 3497 1181 in-

413 1227 870 1319 „spiratione,
927 1227 1012 1298 de
1046 1224 1478 1318 gentilitatis
1533 1224 1844 1299 tenebris
1899 1225 2306 1313 educentem
2363 1224 2451 1297 ad
2498 1224 2663 1298 fidei
2716 1225 3103 1299 catholicae
3155 1226 3499 1319 gremium

413 1369 580 1439 „per
629 1345 1230 1440 regenerationem
1283 1344 1732 1437 baptismatis
1786 1345 2214 1433 attulerunt,
2280 1344 2505 1419 eidem
2541 1344 2839 1417 Domino
2877 1343 3273 1418 wladislao
3321 1346 3499 1440 Regi

416 1466 820 1557 „Poloniae,
887 1466 1332 1557 Coronaeque
1393 1469 1464 1537 et
1529 1465 1770 1557 Regno
1852 1484 1934 1537 ac
1963 1462 2025 1552 ²)
2097 1462 2473 1557 regnicolis
2536 1463 2765 1555 ipsius
2830 1464 3057 1558 Regni
3128 1465 3495 1557 Poloniae,

413 1593 527 1676 „et
582 1585 1008 1661 irremeabili
1071 1584 1334 1671 animo,
1401 1586 1738 1677 firmaque
1810 1587 1881 1657 et
1933 1582 2331 1657 inviolabili
2399 1582 2803 1674 sponsione,
2874 1603 2963 1656 ex
3016 1588 3207 1657 certa
3258 1589 3499 1659 nostra

410 1706 778 1797 „scientia,
836 1708 1111 1779 matura
1163 1703 1700 1793 deliberatione,
1758 1704 2263 1795 voluntateque
2314 1703 2672 1791 ultronea,
2740 1724 2880 1776 non
2934 1702 3314 1796 compulsi,
3371 1727 3498 1779 nec

409 1827 706 1917 „coacti,
775 1848 900 1899 seu
953 1824 1192 1916 aliquo
1255 1844 1484 1897 errore
1546 1822 1850 1911 seducti,
1916 1822 2371 1916 promisimus
2434 1829 2507 1896 et
2568 1822 2798 1897 literis
2860 1810 3127 1896 nostris
3190 1824 3494 1897 firmavi-

409 1968 641 2036 „muS,
698 1945 881 2038 quod
935 1944 1169 2035 ipsum
1223 1944 1599 2016 Dominum
1652 1942 2122 2016 wladislaum
2161 1944 2457 2035 Regem,
2514 1942 2838 2036 Regnum
2890 1946 2963 2017 et
3022 1943 3359 2017 Coronam
3416 1966 3497 2018 ac

410 2066 842 2160 „regnicolas
916 2062 1144 2156 ipsius
1224 2064 1453 2157 Regni
1517 2063 1886 2153 Poloniae,
1961 2085 2100 2135 non
2163 2063 2497 2137 debemus
2560 2062 2907 2152 deserere,
2984 2063 3107 2139 sed
3172 2063 3275 2136 eis
3348 2068 3495 2137 toto

407 2208 656 2279 „posse
709 2189 779 2258 et
831 2183 1103 2257 viribus
1158 2187 1560 2257 constanter
1615 2182 1978 2271 assistere,
2046 2188 2116 2257 et
2170 2204 2289 2257 eos
2343 2187 2586 2257 contra
2650 2182 2963 2257 insultus
3020 2183 3497 2275 quorumlibet

405 2306 809 2397 „hominum
865 2303 1290 2391 viventium,
1347 2303 1828 2394 cuiuscunque
1865 2307 2129 2392 status,
2186 2302 2643 2393 conditionis,
2706 2303 2968 2397 gradus
3032 2304 3147 2377 vel
3187 2304 3494 2377 eminen-

405 2427 589 2517 „tiae
653 2425 944 2513 fuerint,
1010 2423 1366 2497 adiuvare.
1448 2424 1598 2496 Nos
1664 2444 1940 2514 quoque
2003 2427 2074 2496 et
2139 2444 2573 2497 successores
2638 2424 2896 2513 nostri,
2961 2444 3101 2496 non
3162 2425 3493 2499 debemus

405 2547 714 2637 „dictum
743 2544 806 2632 3)
861 2546 1122 2637 Regem
1177 2548 1249 2617 et
1287 2566 1452 2618 suos
1508 2564 1974 2632 successores,
2031 2542 2305 2616 ratione
2340 2542 2744 2616 huiusmodi
2782 2542 3117 2632 subsidii,
3173 2566 3299 2635 pro
3336 2544 3490 2636 qui·

403 2667 876 2757 „buscumque
931 2663 1206 2737 damnis
1261 2663 1658 2753 admonere,
1715 2662 2031 2755 exceptis
2067 2661 2501 2735 victualibus
2556 2666 2627 2735 et
2662 2682 2996 2753 equorum
3049 2661 3333 2754 pabulis
3369 2684 3489 2736 ne-

389 2784 770 2875 „cessariis
825 2788 897 2859 et
950 2782 1386 2875 opportunis,
1445 2785 1738 2856 Demum
1794 2782 1962 2875 quia
1997 2782 2183 2856 idem
2238 2780 2727 2855 serenissimus
2782 2781 3120 2874 Princeps
3166 2781 3490 2856 dominus

405 2904 884 2993 „wladislaus
946 2904 1103 2977 Rex
1167 2902 1500 2975 Poloniae
1564 2906 2054 2995 praenotatuS,
2121 2922 2248 2974 nos
2311 2900 2387 2974 in
2447 2904 2718 2992 partem
2783 2898 3257 2974 solicitudinis
3321 2923 3491 2976 suae

403 3022 864 3115 „assumpsit‚
923 3024 1391 3115 Magnumque
1445 3024 1793 3095 Ducatum
1847 3026 2195 3095 terrarum
2250 3042 2535 3094 suarum
2574 3018 2999 3094 Lithnaniae
3053 3024 3123 3093 et
3160 3018 3485 3109 Russiae,

403 3148 1012 3233 „caeterorumque
1066 3141 1530 3215 dominiorum
1584 3142 1900 3215 Ducatus
1962 3139 2307 3232 praedicti
2371 3146 2443 3214 et
2498 3161 2627 3212 sua
2678 3140 2861 3213 bona
2912 3143 3235 3231 paterna,
3293 3138 3485 3214 vide-

401 3263 610 3351 „licet
664 3261 980 3350 Vilnam,
1046 3266 1116 3335 et
1178 3261 1322 3334 alia
1383 3261 1566 3334 bona
1629 3262 1718 3333 ad
1780 3260 2006 3351 ipsius
2066 3259 2568 3352 patrimonium
2633 3258 3057 3352 spectantia,
3131 3259 3218 3334 de
3278 3280 3490 3331 manu

401 3404 601 3471 „sua,
658 3380 1159 3455 deliberatione
1187 3380 1274 3470 ⁴),
1345 3379 1528 3455 circa
1590 3384 1902 3453 nostram
1966 3379 2410 3468 electionem,
2476 3377 2921 3471 Principum,
2976 3377 3485 3468 Praelatorum‚

399 3502 778 3591 „baronum
831 3504 902 3573 et
955 3499 1332 3587 nobilium,
1387 3505 1844 3592 utrorumque
1897 3498 2412 3587 Dominiorum‚
2473 3497 2807 3572 videlicet
2868 3496 3097 3591 Regni
3150 3496 3485 3571 Poloniae

399 3627 512 3711 „et
564 3622 880 3692 Ducatus
933 3619 1171 3712 Magni
1223 3618 1669 3708 Lithuaniae,
1727 3618 2003 3708 habita,
2058 3616 2265 3690 iuxta
2318 3617 2823 3691 continentiam
2875 3616 3239 3690 literarum
3275 3637 3486 3710 super

399 3738 846 3829 „huiusmodi
899 3739 1238 3813 electione
1299 3740 1528 3813 fienda
1589 3740 2094 3827 confectarum,
2158 3737 2365 3811 uobis
2426 3737 2619 3812 dedit
2672 3741 2743 3811 et
2796 3736 3103 3811 contulit
3164 3736 3253 3808 ad
3308 3741 3481 3811 tem·

397 3881 610 3951 „pora
661 3858 852 3931 vitae
904 3861 1216 3946 nostrae,
1285 3857 1496 3930 titulo
1559 3856 1866 3949 supremi
1929 3856 2381 3948 Principatus
2446 3853 2900 3945 Lithuaniae,
2967 3875 3104 3946 quo
3155 3853 3267 3928 uti
3318 3876 3479 3929 con-

397 3978 710 4069 „suevit‚
767 3998 892 4068 pro
947 3997 1024 4049 se
1077 3980 1148 4050 et
1201 3976 1352 4049 suis
1408 3974 1926 4049 successoribus
1979 3978 2369 4063 reservato,
2426 3994 2586 4047 cum
2638 3973 2961 4048 omnibus
3014 3972 3248 4061 terris,
3305 3973 3479 4048 civi-

396 4097 740 4188 „tatibus.
797 4096 1082 4184 castris,
1139 4094 1617 4179 districtibus,
1674 4093 1892 4167 curiis
1909 4149 1926 4182 ,
1984 4094 2185 4168 villis
2238 4098 2311 4168 et
2346 4114 2503 4167 cum
2540 4094 2861 4167 omuibus
2914 4092 3353 4167 utilitatibus
3391 4093 3481 4166 ad

393 4238 520 4307 „ea
574 4213 1090 4307 spectantibus,
1146 4214 1442 4288 firmiter
1495 4218 1565 4287 et
1616 4213 2170 4287 irrevocabiliter
2199 4213 2286 4303 5),
2345 4213 2475 4285 sub
2530 4211 2793 4285 eisdem
2846 4210 3199 4287 limitibus
3252 4215 3324 4286 et
3357 4232 3479 4305 ga-

393 4335 677 4426 „dibus,
735 4333 922 4407 sicut
977 4334 1267 4407 eundem
1321 4333 1480 4425 piae
1534 4331 1904 4407 memoriae
1975 4332 2301 4405 dominus
2356 4331 2759 4405 Alexander
2812 4332 3110 4425 Magnus
3156 4332 3322 4403 Dux
3374 4334 3477 4404 te-

393 4454 669 4545 „nebat.
727 4454 819 4526 Et
865 4452 929 4525 si
982 4451 1166 4525 inter
1223 4452 1542 4526 subditos
1599 4472 1809 4545 super
1871 4452 2275 4525 huiusmodi
2336 4448 2673 4545 graniciis
2703 4450 2791 4539 θ),
2858 4450 2974 4524 vel
3027 4448 3191 4523 aliis
3245 4448 3479 4523 causis

391 4572 661 4665 „Regni
715 4570 1048 4645 Poloniae
1120 4592 1201 4646 ac
1265 4571 1501 4665 Magni
1555 4573 1870 4645 Ducatus
1934 4570 2391 4660 Lithuaniae,
2460 4570 2697 4663 aliqua
2750 4567 3069 4662 quaestio
3144 4566 3295 4641 sive
3349 4567 3476 4641 du-

389 4692 664 4783 „bietas
719 4690 1044 4779 oriretur,
1112 4691 1690 4783 quemadmodum
1735 4690 1812 4763 in
1865 4690 2016 4763 vita
2066 4690 2364 4783 praefati
2402 4688 2619 4763 Ducis
2674 4688 2951 4762 fuerant
3003 4690 3319 4761 exortae:
3390 4687 3479 4760 ad

388 4812 680 4904 „literas
735 4814 806 4883 et
859 4809 1180 4903 legitima
1229 4812 1644 4885 documenta
1698 4829 1787 4883 ex
1841 4814 2138 4903 utraque
2191 4813 2393 4902 parte
2445 4807 2887 4901 producenda
2936 4808 3357 4894 recurratur,
3404 4809 3479 4878 et

387 4931 812 5021 „secundum
865 4929 1151 5002 illarum
1206 4928 1856 5004 determinationem
1911 4929 2072 5001 finis
2109 4928 2489 5022 praedictis
2527 4925 3057 5020 quaestionibus
3112 4928 3185 4999 et
3236 4921 3474 4998 dubiis

383 5050 851 5141 „imponatun
927 5047 1076 5119 Nos
1130 5053 1364 5122 autem
1420 5049 1750 5123 debemus
1805 5054 1876 5123 et
1927 5048 2407 5142 promittimus
2464 5048 2927 5123 Serenitatem
2981 5065 3181 5118 suam
3236 5048 3475 5118 tenere

594 5322 638 5400 ¹)
686 5322 906 5383 dictum
955 5316 1108 5385 cod.
1133 5338 1148 5347 ·
1165 5318 1340 5385 Galv.
1412 5322 1466 5402 ²)
1513 5326 1574 5383 et
1628 5315 1782 5383 God.
1839 5313 2016 5385 Calv.
2093 5319 2150 5400 ³)
2198 5320 2571 5399 praedictum·
2616 5314 2769 5380 0001.
2814 5314 3009 5381 Rozr.
3082 5314 3135 5396 ⁴)
3180 5316 3468 5380 delibera-

367 5426 532 5487 mine
578 5420 730 5486 Cod.
762 5419 938 5486 Koat.
988 5422 1043 5503 ὅ)
1089 5424 1509 5509 inviolabiliter
1556 5416 1709 5485 Cod.
1755 5419 1948 5486 Βοῦν.
1997 5421 2053 5505 ⁶)
2097 5422 2383 5483 limitibus
2430 5412 2582 5482 cod.
2624 5414 2820 5483 Ros-r.
3402 5462 3448 5469 .-
