4342 6384
426 585 564 686 (Α.
604 586 697 664 D.
734 584 965 690 mne.)
1571 613 1797 666 mann
1849 614 2308 668 Umscmus.
3387 601 3532 672 227

426 795 645 892 Regis
700 795 1190 890 opperiebatur
1240 818 1367 890 per
1406 797 1555 874 dies
1610 799 1853 892 plnres
1908 799 2311 874 adventum.
2371 803 2521 894 Quo
2559 801 2962 878 diuturnam
3017 793 3268 899 agente
3296 805 3351 895 ¹)
3388 827 3530 878 mo-

428 937 609 1006 ram,
669 916 1106 991 Wladislaus
1144 919 1298 992 Rex
1356 919 1441 990 de
1498 923 1686 992 terra
1742 919 2232 1012 Sczepusiensi
2286 943 2410 1014 per
2465 921 2784 997 Sobinow
2817 921 2879 1014 2)
2935 927 3006 996 et
3045 925 3436 1020 Barduyow
3466 924 3529 1016 ³)

428 1036 829 1126 discedens,
896 1059 1021 1130 pro
1086 1037 1453 1112 Dominica
1514 1039 1759 1114 Ramis
1824 1040 2230 1114 Palmarum
2293 1041 2368 1146 in
2431 1043 2854 1131 Kresznam,
2928 1066 3052 1137 pro
3125 1048 3304 1120 festo
3369 1068 3532 1120 vero

426 1160 741 1234 Paschae
794 1158 869 1232 in
903 1158 1249 1232 Praemisl
1302 1159 1527 1248 venit,
1588 1159 1893 1252 Sbigneo
1946 1162 2032 1235 de
2071 1162 2370 1236 Brzesze
2399 1162 2462 1254 ⁴)
2517 1163 2750 1256 Regni
2798 1165 3131 1240 Poloniae
3185 1166 3529 1240 marsalco

427 1286 497 1353 et
548 1279 882 1354 Zawissio
936 1279 1022 1352 de
1077 1278 1533 1354 Oleschnicza
1585 1281 1674 1354 ad
1712 1280 2244 1373 Sigismundum
2298 1283 2771 1356 Romanorum
2825 1287 2894 1358 et
2947 1285 3354 1378 Hungariae
3391 1287 3527 1361 Re-

424 1421 615 1493 gem,
674 1398 797 1492 qui
851 1400 1055 1474 illum
1112 1401 1195 1474 de
1249 1400 1608 1493 neglectu,
1666 1422 1873 1494 quem
1904 1400 1965 1490 5)
2020 1401 2097 1474 in
2152 1402 2546 1476 Wladislao
2601 1404 2792 1498 Rege
2845 1404 3076 1480 literis
3133 1411 3203 1478 et
3255 1407 3530 1481 nuntiis

412 1521 513 1594 ‚ad
567 1541 645 1594 se
696 1519 1001 1594 invitato
1054 1518 1463 1610 admiserat,
1520 1527 1915 1614 carperent,
1972 1520 2372 1596 destinatis.
2431 1523 2560 1597 Cui
2615 1545 2774 1596 cum
2811 1525 2981 1598 haec
3033 1524 3294 1618 legatio
3349 1549 3526 1600 nnn-

427 1639 745 1730 tiaretur,
804 1661 1153 1714 summum
1208 1661 1285 1716 se
1338 1641 1647 1714 dolorem
1700 1643 1787 1714 ob
1842 1640 1915 1714 id
1970 1641 2401 1735 concepisse,
2459 1647 2532 1716 et
2560 1645 2626 1733 6)
2681 1666 2723 1716 a
2777 1645 3180 1730 valetudine
3233 1646 3525 1722 adversa

427 1781 837 1854 oppressum
901 1759 1153 1850 fuisse,
1224 1765 1473 1854 petens
1538 1759 1677 1835 sibi
1738 1760 2041 1854 ignosci,
2105 1763 2500 1855 respondit,
2577 1766 2924 1855 spondens
2989 1786 3062 1840 se
3117 1764 3192 1839 id
3247 1765 3522 1840 facinus

412 1882 647 1956 altero
700 1878 1021 1986 celeriori
1074 1881 1305 1956 officio
1358 1879 1834 1974 expiaturum.

424 2245 813 2322 'hainaut
838 2246 978 2320 Rex
1019 2245 1192 2320 dolia
1218 2247 1607 2338 Siginnumli
1650 2248 1972 2334 irretitus,
2018 2247 2224 2320 οὶὸοιιι
2269 2263 2436 2337 pono
2465 2247 2668 2321 donat
2701 2249 2940 2326 ῑοπω
2971 2247 3520 2338 &zap-sicum.

626 2489 846 2562 Facto
902 2507 989 2561 ex
1042 2486 1387 2562 Praemisl
1442 2486 1880 2561 wladislaus
1934 2485 2271 2560 Poloniae
2325 2487 2482 2560 Rex
2537 2485 2886 2576 discessu,
2944 2486 3017 2559 in
3075 2488 3308 2562 Sanok
3361 2510 3520 2580 pro-

424 2607 659 2682 cessit.
718 2607 859 2682 Ubi
912 2607 1167 2682 iterum
1222 2630 1403 2681 novo
1439 2606 1687 2680 nuntio
1726 2606 2163 2701 Sigismundi
2201 2608 2673 2680 Romanorum
2729 2611 2800 2680 et
2835 2607 3242 2700 Hungariae
3279 2607 3521 2702 Regis,

424 2729 703 2804 Andrea
733 2729 795 2818 7)
848 2727 1187 2820 Baliczky
1242 2727 1473 2802 milite
1528 2730 1827 2818 Polono,
1894 2730 2170 2822 largum
2235 2728 2654 2801 conductum
2709 2727 3074 2817 afferente,
3141 2727 3523 2828 exquisitis

426 2847 1095 2942 supplicationibu8‚
1150 2853 1233 2922 ut
1284 2849 1723 2943 Hungariam
1776 2849 2005 2924 redire
2058 2855 2130 2923 et
2183 2870 2342 2922 cum
2397 2847 2848 2941 Sigismundo
2887 2849 3080 2942 Rege
3133 2849 3322 2942 apud
3357 2850 3520 2924 Cas-

424 2969 685 3042 soviam
740 2967 1111 3044 convenire
1164 2968 1594 3062 dignaretur,
1652 2970 2066 3044 vexabatur.
2142 2968 2538 3044 Wladislao
2595 2973 2829 3044 autem
2881 2970 3076 3064 Rege
3136 2969 3522 3062 plurimum

422 3095 785 3178 renuente,
840 3088 1361 3182 renitenteque,
1418 3095 1487 3164 et
1540 3090 1841 3183 priorem
1896 3089 2354 3164 collusionem
2409 3095 2834 3183 opponente,
2893 3089 3330 3185 Sigismundi
3383 3093 3519 3166 Re-

416 3213 523 3307 gis
576 3209 887 3292 nuntius,
939 3210 1258 3285 damnari
1320 3216 1531 3304 caput
1594 3233 1832 3302 suum,
1908 3211 1973 3284 si
2036 3211 2438 3286 Cassoviam
2505 3210 3005 3305 Sigismundus
3062 3212 3220 3285 Rex
3286 3211 3523 3287 venire

420 3335 725 3420 falleret,
784 3329 1259 3424 permittebat.
1335 3332 1485 3424 Quo
1550 3337 1694 3406 tam
1760 3330 2049 3405 sublimi
2114 3331 2550 3406 exhibitione
2615 3330 3087 3405 narrationem
3151 3353 3347 3406 sua-m
3403 3334 3518 3404 fir-

418 3457 683 3542 mante,
742 3451 1183 3526 Wladislaus
1236 3452 1571 3527 Poloniae
1626 3455 1784 3527 Rex
1841 3457 2314 3546 expugnatu&
2373 3473 2462 3526 ex
2519 3451 2752 3526 Sanok
2806 3451 2882 3524 in
2937 3451 3374 3546 Hungariam
3413 3474 3516 3525 re-

416 3597 694 3662 versus,
752 3593 879 3666 per
934 3573 1298 3664 Stropkow
1352 3579 1423 3647 et
1475 3573 1865 3666 Aperiasch
1893 3571 1957 3663 8)
2012 3573 2414 3664 procedens,
2471 3571 2838 3646 undecima
2891 3570 3060 3644 Maii
3115 3571 3518 3648 Cassoviam

411 3695 725 3770 advenit.
782 3695 975 3786 Rege
1030 3696 1263 3766 autem
1320 3693 1771 3786 Sigismundo
1826 3692 1978 3766 illic
2032 3715 2174 3766 non
2225 3697 2535 3786 reperte,
2601 3695 2869 3783 septem
2923 3690 3203 3780 diebus,
3263 3713 3517 3785 magna

139 3855 142 3912 ῃ
408 3816 769 3890 cruciatus
823 3813 1213 3902 anxietate,
1271 3814 1457 3906 apud
1512 3814 1913 3888 Cassoviam
1970 3813 2416 3902 immoratus,
2483 3818 2728 3886 octavo
2785 3811 2895 3886 die
2950 3811 3302 3886 discedere
3357 3832 3516 3884 cum

408 3937 562 4011 suis
617 3934 943 4009 omnibus
998 3933 1453 4008 accelerabat.
1512 3935 1600 4007 In
1654 3933 1810 4027 ipso
1864 3939 2099 4006 antem
2154 3932 2603 4007 discessionis
2641 3930 3024 4006 Wladislai
3071 3931 3286 4024 Regis
3341 3930 3512 4004 arti-

139 4033 142 4162 f
406 4059 570 4130 culo
638 4054 1135 4148 Sigismundns
1200 4056 1355 4129 Rex
1420 4053 1735 4143 advenit,
1804 4058 1875 4126 et
1939 4075 2202 4126 moram
2267 4074 2465 4125 snam
2529 4051 2967 4146 aegritudine
3041 4052 3325 4124 assidua
3389 4073 3512 4126 ex·

139 4167 141 4188 '
404 4198 756 4270 pnrganS,
815 4195 1019 4268 aegre
1074 4195 1115 4246 a
1169 4173 1563 4248 Wladislao
1618 4176 1833 4267 Rege,
1891 4194 1977 4247 ne
2031 4173 2143 4246 die
2197 4173 2324 4246 illo
2379 4172 2780 4246 abscederet
2809 4173 2895 4262 ⁹),
2955 4170 3285 4245 obtinuit.
3343 4170 3514 4245 Octo

139 4191 142 4366 i
398 4298 661 4372 deinde
718 4295 967 4370 diebus
1022 4295 1223 4368 ambo
1260 4295 1491 4389 Reges
1546 4294 1976 4369 mansionem
2016 4315 2214 4367 suam
2269 4294 2456 4386 apud
2493 4293 2892 4368 Cassoviam
2940 4292 3267 4386 agebant:
3327 4291 3516 4365 intra

139 4391 142 4434 '
398 4441 585 4512 quos
658 4414 1158 4510 Sigismundus
1223 4417 1692 4489 Romanorum
1759 4419 1829 4487 et
1892 4414 2298 4508 Hungariae
2370 4414 2527 4489 Rex
2597 4414 2902 4506 ponebat
2978 4434 3053 4486 se
3126 4414 3514 4485 ferventem

139 4515 142 4686 i
394 4541 497 4614 ad
550 4537 1061 4632 procurandum
1122 4556 1367 4628 pacem
1435 4537 1623 4610 inter
1686 4523 2159 4609 wladislaum
2223 4534 2560 4608 Poloniae
2621 4535 2884 4628 Regem
2955 4537 3027 4608 et
3099 4533 3510 4620 Crucifer05‚

388 4681 703 4754 querum
756 4656 993 4732 nuntii
1046 4661 1215 4730 tunc
1267 4657 1588 4746 aderant,
1646 4657 2133 4744 mediatorem
2201 4655 2593 4730 Wladislao
2649 4659 2884 4728 autem
2938 4655 3128 4747 Rege
3193 4673 3506 4744 compro·

387 4781 683 4854 mittere
734 4777 1049 4872 plenarie
1112 4778 1189 4850 in
1244 4777 1777 4870 sigismundum
1840 4778 2106 4869 Regem
2172 4797 2246 4849 se
2303 4776 2666 4864 offerente,
2734 4779 2804 4848 et
2865 4778 3031 4866 post
3085 4771 3510 4846 oblatio-nem

384 4901 871 4976 effectualiter
924 4898 1563 4991 compromittente,
1632 4898 1967 4973 Cruciferi
2030 4898 2462 4972 simulabant
2525 4917 2601 4969 se
2665 4896 2862 4968 nullo
2927 4898 3130 4987 pacto
3193 4893 3270 4966 in
3325 4913 3507 4982 eum,

382 5023 605 5096 doles
655 5020 959 5116 tegendo
1013 5019 1491 5110 absconditoe,
1549 5019 2192 5112 compromissnros.
2253 5019 2566 5112 Urgebat
2603 5017 2842 5108 itaque
2878 5012 3320 5088 Wladislaus
3374 5010 3506 5085 Po-

622 5315 670 5395 ¹)
714 5317 971 5378 faciente
1020 5308 1172 5378 (lod.
1203 5313 1397 5377 Rozr.
1448 5311 1503 5392 Ω)
1547 5315 1902 5390 Szobinyow
1935 5308 2087 5376 Cocl.
2124 5306 2299 5375 Calv.
2349 5307 2402 5391 ³)
2445 5310 2721 5372 Bardiow
2756 5303 2907 5372 Cocl.
2939 5305 3133 5369 Rozr.
3183 5303 3235 5386 ⁴)
3268 5305 3512 5368 Brzezie

374 5417 559 5488 God.
606 5417 795 5486 Κορὲ..
848 5417 905 5497 ὅ)
949 5420 1317 5496 negligentia
1330 5463 1349 5498 ,
1414 5435 1593 5494 quam
1641 5413 1792 5480 Cod.
1836 5415 2031 5478 Rozr.
2096 5413 2149 5496 ⁶)
2200 5417 2308 5477 sed
2371 5408 2522 5478 C'od.
2570 5411 2762 5476 Rozr.
2836 5410 2888 5490 ⁷)
2931 5412 3177 5474 Andron
3231 5411 3512 5474 videlicet

377 5522 554 5590 cod.
605 5523 799 5587 Rozr.
850 5522 905 5604 ⁸)
953 5522 1280 5602 Operiaach
1329 5516 1481 5584 cod.
1527 5518 1721 5583 Rozr.
1784 5519 1837 5602 ⁹)
1887 5520 2221 5582 discederet
2268 5514 2420 5582 cod.
2467 5514 2659 5581 Rozr.
