4342 6384
883 596 1028 672 122
2091 617 2319 673 mmm
2371 615 2830 672 nnn-scmus
3451 588 3587 694 (Α.
3627 589 3718 667 t).
3759 586 3968 692 1411.)

869 806 1122 879 (16111(16
1176 807 1369 899 Rege
1423 805 1756 879 Poloniae
1812 811 1881 879 et
1936 805 2339 878 Alexandro
2395 805 2589 877 Duce
2627 805 2877 896 Magno
2933 800 3354 875 Lithuaniae
3408 801 3492 873 ad
3532 800 3967 874 exercituum

873 947 1156 998 suorum
1214 926 1507 1015 stativa,
1566 925 1902 1019 Magistro
1960 945 2121 998 vero
2178 925 2509 998 Prussiae
2563 925 2638 997 in
2693 924 3007 1012 Thomu,
3064 922 3610 1010 divertentibuS,
3668 940 3965 993 conven-

872 1051 988 1118 tus
1049 1048 1326 1118 solutus
1383 1051 1514 1120 est.

875 1408 1268 1481 wladislaus
1311 1408 1452 1479 Rex
1497 1408 1655 1479 data
1697 1411 1875 1480 terra
1905 1408 2204 1480 Podoliao
2250 1408 2612 1480 Alexandro
2656 1408 2809 1479 nuci
2854 1406 3077 1495 lagno
3122 1405 3505 1477 Lithuaniao
3536 1404 3620 1475 iu
3649 1405 3971 1487 tenutam,

961 1527 1284 1617 praesidia
1327 1527 1397 1599 iu
1442 1527 1679 1599 fluibus
1722 1527 2082 1616 Hungariae
2126 1528 2429 1613 collocat,
2477 1529 2545 1598 et
2591 1529 2825 1616 postea
2869 1527 3005 1597 icto
3050 1543 3191 1597 oum
3234 1525 3551 1613 Hungaris
3595 1523 3878 1607 foedere,

1810 1647 2105 1718 nussiam
2151 1650 2222 1719 ot
2267 1647 2674 1719 Lithuaniam
2719 1648 3046 1735 peragrat.

1086 1885 1404 1980 Crastina
1458 1885 1601 1974 die,
1670 1906 1845 1976 quae
1900 1887 2086 1957 hunc
2125 1887 2179 1973 ¹)
2246 1888 2663 1956 conventum
2730 1888 2969 1956 secuta
3024 1886 3161 1971 est,
3229 1870 3716 1966 illucescente,
3774 1879 3969 1950 Wla-

880 2003 1150 2075 dislaus
1231 2004 1565 2076 Poloniae
1648 2005 1802 2075 Rex
1886 2009 2142 2075 terram
2226 2003 2575 2095 insignem
2669 2008 2738 2075 et
2818 2003 3207 2094 portionem
3289 2000 3516 2092 Regni
3596 1999 3969 2084 Poloniae,

880 2123 1277 2211 Podoliam,
1352 2125 1558 2196 Petro
1616 2122 2087 2195 Wlodkowicz
2159 2124 2244 2194 (16
2317 2123 2874 2195 Charbinowicze
2949 2122 3209 2209 millte,
3278 2119 3727 2210 subdapifero
3801 2119 3970 2190 San-

882 2243 1320 2331 domiriensi‚
1396 2244 1517 2333 qui
1587 2243 1786 2315 illins
1856 2243 2165 2335 regimen
2232 2246 2303 2314 61
2368 2243 2884 2334 capitaneatum
2957 2241 3159 2312 annis
3231 2240 3554 2331 pluribus
3626 2245 3970 2332 gesserat,

883 2362 1257 2450 destituto,
1326 2362 1726 2434 Alexandro
1789 2363 1969 2434 Duci
2033 2363 2283 2454 Magno
2338 2362 2757 2434 Lithuaniae
2822 2361 3209 2452 (Praelatis
3282 2364 3351 2432 et
3403 2358 3781 2432 baronibus
3836 2359 3971 2429 Re-

881 2482 1003 2573 gni
1076 2480 1408 2553 Poloniae
1479 2482 1901 2553 inconsultis
1975 2487 2043 2553 et
2117 2482 2204 2554 ob
2286 2482 2359 2554 id
2429 2481 2811 2572 plurimum
2886 2480 3405 2568 exacerbatis),
3490 2499 3736 2569 pamm
3818 2498 3973 2569 per—

881 2601 1192 2693 pendens
1265 2601 1504 2672 futura
1575 2599 2014 2689 discrimina,
2100 2622 2277 2692 qnae
2351 2605 2717 2692 propterea
2791 2599 3125 2672 Poloniae
3198 2600 3439 2690 Regno
3523 2599 3749 2669 forent
3818 2618 3973 2688 pro-

884 2724 1211 2807 ventura,
1287 2719 1407 2790 dat
1471 2719 1545 2790 in
1609 2724 1947 2792 tenutam.
2026 2720 2154 2793 Die
2220 2741 2493 2813 quoque
2559 2720 2796 2792 eodem
2860 2719 2943 2791 de
2995 2720 3149 2791 loco
3213 2719 3597 2791 stationum
3662 2738 3972 2802 suarum,

883 2839 1213 2911 universo
1270 2838 1582 2911 exercitu
1623 2860 1749 2910 suo
1805 2845 1949 2911 tam
1987 2840 2322 2912 Polonico
2361 2862 2567 2931 quam
2605 2839 3050 2927 Lithuanico,
3106 2839 3499 2927 licentiato,
3556 2837 3973 2929 disgressuS,

889 2959 962 3031 in
1018 2957 1622 3030 Iuniwladislavia
1693 2964 2110 3031 nocturnum
2167 2960 2343 3051 egit3
2416 2960 2668 3031 abinde
2721 2980 2885 3032 vero
2938 2980 3062 3051 per
3116 2958 3548 3045 Lanciciam,
3602 2957 3976 3049 Pyotrkow

890 3082 960 3150 et
1015 3078 1371 3168 OpathOW,
1449 3076 1954 3149 Sandomiriam
2021 3079 2432 3166 advenienS,
2507 3078 2658 3151 dies
2725 3078 3185 3170 carnisprivii
3256 3099 3412 3150 611111
3478 3080 3797 3150 consorte
3851 3095 3978 3145 sua

890 3197 1162 3289 Regina
1215 3197 1451 3284 Anna,
1511 3218 1684 3288 quae
1739 3199 2075 3270 accersita
2129 3199 2304 3270 illuc
2358 3203 2675 3287 venerat,
2737 3198 3214 3272 Sandomiriae
3270 3197 3530 3290 exegit.
3589 3196 3691 3268 Ut
3746 3199 3979 3267 autem

891 3317 1118 3408 Regni
1173 3317 1283 3388 sui
1338 3316 1672 3388 Poloniae
1730 3317 1998 3390 limites
2063 3339 2150 3389 ex
2206 3323 2403 3410 parte
2468 3319 2873 3411 Hungariae
2934 3319 3165 3410 Regni
3226 3320 3454 3389 forent
3527 3314 3827 3408 provisi,
3893 3314 3980 3385 ad

891 3435 1267 3508 tenendum
1322 3435 1476 3507 illic
1527 3436 1876 3526 praesidia
1931 3438 2388 3509 transmittit:
2448 3438 2569 3529 qui
2601 3436 2662 3527 2)
2719 3440 2892 3510 fines
2947 3437 3176 3529 Regni
3213 3437 3551 3510 Poloniae
3605 3435 3791 3508 tu'eri
3842 3454 3980 3505 non

891 3553 1233 3642 contenti,
1292 3554 1520 3655 Regni
1575 3555 1978 3646 Hungariae
2032 3555 2320 3647 oppida,
2381 3557 2708 3629 civitates
2765 3562 2835 3629 et
2889 3557 3100 3629 villas
3156 3557 3402 3629 multis
3441 3556 3692 3648 spoliis
3749 3559 3818 3627 61
3870 3553 3977 3625 in-

891 3673 1154 3746 cendiis
1210 3673 1634 3761 lacessendo,
1692 3672 2137 3747 invadebant.
2196 3676 2449 3748 Posuit
2485 3679 2717 3748 autem
2772 3697 2847 3750 se
2885 3676 3260 3748 Zawissius
3314 3676 3515 3769 niger
3567 3677 3651 3747 (16
3692 3674 3981 3748 Garbow

892 3793 1094 3864 miles
1149 3792 1334 3865 inter
1397 3791 1819 3865 dissidentes
1884 3795 2143 3886 Reges,
2214 3816 2366 3866 611111
2432 3795 2802 3887 utriusque
2870 3796 3214 3868 curiensis
3279 3800 3351 3868 et
3405 3794 3777 3867 familiaris
3831 3791 3978 3864 exi-

894 3914 1138 3998 steret,
1196 3911 1677 3999 mediatorem,
1736 3916 1805 3983 61
1860 3912 2339 4003 frequentibus
2394 3913 2766 3986 itineribus
2820 3914 3184 3988 hincinde
3238 3914 3545 4008 gyrando
3583 3934 3782 4000 usus,
3838 3911 3978 3982 dis-

893 4031 1232 4121 gratiatos
1287 4031 1558 4122 Regum
1614 4031 1883 4103 animos
1935 4032 2379 4122 providentia
2434 4033 2777 4125 singulari
2834 4036 3307 4124 componebat.
3384 4033 3650 4106 Diebus
3708 4030 3978 4103 Carnis-

893 4148 1108 4240 privii
1163 4148 1346 4238 apud
1388 4148 1892 4221 Sandomiriam
1949 4151 2241 4240 exactiS,
2298 4155 2505 4224 Anna
2559 4153 2831 4244 Regina
2883 4153 3279 4224 Cracoviam
3333 4173 3613 4225 reversa
3644 4150 3730 4239 ³),
3788 4151 3980 4222 Wla-

894 4267 1170 4338 dislaus
1192 4267 1255 4354 4)
1283 4267 1618 4339 Poloniae
1657 4269 1812 4340 Rex
1849 4268 1921 4340 in
1960 4274 2219 4342 terram
2248 4271 2725 4343 Chelmensem
2764 4271 3153 4360 descendit,
3186 4276 3255 4344 et
3292 4272 3475 4362 apud
3512 4271 3901 4360 Lubomlya
3924 4269 3983 4356 5)

898 4391 966 4459 61
1003 4385 1428 4476 Lubochnya
1460 4387 1521 4476 ⁶)
1577 4408 1800 4478 usqne
1855 4389 1939 4459 ad
1980 4389 2563 4481 Quadragesimae
2600 4389 2904 4461 medium
2944 4396 3438 4479 commoratae,
3497 4389 3984 4463 venationibus

898 4505 1253 4577 assiduam
1309 4526 1585 4596 operam
1642 4507 1872 4579 dabat.
1931 4509 2222 4581 conficit
2268 4510 2531 4581 interea
2569 4509 2945 4582 Zawissius
2999 4510 3197 4602 niger
3249 4516 3410 4601 post
3447 4510 3678 4583 varios
3733 4513 3985 4581 tracta-

899 4630 1051 4712 tus,
1108 4624 1303 4716 pacis
1361 4623 1831 4714 sufferentiae,
1888 4627 1961 4698 in
2017 4629 2271 4699 festum
2338 4628 2580 4700 Sancti
2644 4629 2932 4702 Martini
2998 4631 3402 4718 duraturas,
3478 4629 3662 4702 111161
3735 4630 3983 4719 Reges.

901 4743 1205 4834 Quarum
1278 4744 1778 4817 certificatione
1833 4746 2270 4818 Wladislaus
2340 4747 2675 4820 Poloniae
2730 4750 2884 4822 Rex
2958 4755 3272 4841 accepta,
3349 4772 3507 4823 cum
3582 4746 3985 4839 Hungariae

900 4864 1118 4955 Regis
1175 4863 1610 4954 Sigismundi
1665 4864 2128 4936 hostilitatem
2197 4886 2469 4956 semper
2532 4868 2818 4940 haberet
2874 4871 3300 4964 suspectam,
3368 4873 3437 4940 et
3493 4868 3773 4959 longius
3829 4887 3983 4958 pro-

906 4983 1095 5074 gredi
1149 4982 1613 5074 perniciosam
1671 4982 2138 5070 existimaret,
2212 4989 2360 5056 tum
2414 4986 2718 5076 primum
2782 4987 3267 5075 Lithuaniam,
3342 4987 3546 5060 cuius
3610 4987 3894 5060 videndi
3926 4987 3987 5074 ⁷)

1120 5268 1164 5347 ¹)
1211 5276 1350 5330 tuuc
1414 5265 1565 5331 Cod.
1613 5268 1801 5332 Rozr.
1867 5270 1921 5350 ²)
1966 5289 2119 5347 quae
2183 5269 2333 5336 Cod.
2393 5272 2584 5337 Rozr.
2650 5274 2701 5354 ³)
2750 5296 2988 5337 reversa
3033 5281 3125 5338 est
3171 5272 3323 5337 Cod.
3370 5275 3570 5338 Rozr.
3635 5274 3692 5357 ⁴)
3736 5276 3986 5335 Wladis-

911 5374 1045 5531 111ηὲ
1079 5377 1271 5533 axem
1321 5367 1471 5433 Cod.
1520 5371 1708 5435 Rozr.
1773 5373 1823 5450 ⁵)
1871 5376 2177 5436 Lnbowlia
2224 5372 2374 5438 Cod.
2421 5376 2597 5440 Kost.
2660 5377 2715 5458 ⁰)
2764 5380 3107 5439 Lubochino
3155 5375 3308 5439 Cod.
3367 5378 3544 5439 C‘alv.
3604 5377 3655 5457 ⁷)
3702 5379 3995 5438 videndae

915 5474 996 5534 [¹0
1048 5519 1061 5532 .
1173 5493 1299 5533 ozr.
