4342 6384
394 580 529 681 (A.
570 582 661 658 D.
702 581 957 682 1420.)
1571 609 1796 662 menn
1848 607 2306 664 Unnncmus.
3347 585 3494 662 243

397 795 679 883 sumpta
731 791 1094 866 literarum
1132 813 1343 884 super
1380 792 1871 866 donationibus
1910 794 2155 866 Ordini
2191 815 2316 886 per
2351 793 2713 887 Principes
2751 796 3118 885 Poloniae,
3177 801 3246 870 et
3293 817 3489 886 prae·

397 911 601 1002 cipue
654 912 739 986 (19
790 911 1163 985 donatione
1228 918 1454 986 terrae
1518 914 1970 987 Pomeraniae
2022 936 2147 1006 per
2201 915 2639 988 Kazimirum
2702 916 3038 989 Poloniae
3103 917 3366 1008 Regem
3419 915 3494 986 in

398 1031 541 1104 11111
596 1032 1075 1124 eleemosynae
1123 1034 1346 1106 factae
1384 1033 1659 1122 Ordini,
1719 1039 1788 1107 et
1827 1039 2069 1106 contra
2106 1035 2547 1108 donationem
2585 1035 2986 1108 huiusmodi
3025 1040 3490 1126 transumpta,

392 1173 519 1243 per
556 1152 1021 1244 Lyaskarium
1062 1153 1466 1244 episcopum
1518 1153 2061 1226 Posnaniensem
2101 1155 2455 1246 opposito,
2499 1156 2682 1246 quod
2719 1155 2992 1234 nonsit
3027 1155 3491 1246 transumptis

394 1272 754 1380 standum,
810 1271 1029 1346 donec
1081 1273 1456 1346 videantur
1510 1274 1881 1367 originalia
1916 1279 1986 1346 et
2024 1278 2356 1366 appareat
2395 1275 2447 1364 ¹)
2505 1295 2658 1347 esse
2705 1297 2900 1363 vera,
2960 1275 3342 1348 subintulit
3381 1273 3490 1346 Si-

392 1390 807 1484 gismundus
863 1391 1053 1476 Rex,
1110 1393 1301 1466 119119
1356 1393 1735 1466 secundum
1775 1398 2218 1485 transumpta
2253 1393 2594 1467 iudicare:
2654 1395 2773 1467 sed
2803 1394 2866 1483 ²)
2922 1395 3254 1486 posthaec
3292 1394 3491 1466 illico

394 1510 479 1582 ad
535 1511 1175 1601 pronuntiationem
1240 1513 1593 1604 prorupit,
1660 1518 1732 1584 et
1786 1513 2236 1599 sententiam,
2305 1535 2625 1605 magnam
2689 1513 3116 1587 iniustitiam
3171 1513 3488 1587 redolen-

392 1634 565 1717 tem,
622 1630 817 1703 tulit.
877 1630 1090 1704 Cuius
1146 1637 1226 1704 ut
1281 1631 1623 1724 iniquitas
1678 1632 1909 1705 notior
1960 1635 2115 1720 fiat,
2177 1633 2490 1724 capitula
2543 1633 2695 1705 91119
2749 1631 3116 1706 inserenda
3153 1633 3361 1720 duxi,
3421 1637 3491 1705 et

392 1753 583 1823 locos
636 1749 1085 1824 illustriores,
1142 1752 1229 1824 In
1283 1751 1533 1843 primis
1597 1751 2066 1838 confirmavit,
2135 1750 2482 1840 laudavit,
2549 1751 2934 1825 declaravit
2999 1757 3070 1825 et
3124 1751 3486 1838 diffinivit,

392 1875 473 1942 ut
528 1869 795 1942 subditi
846 1871 1153 1962 partium
1206 1871 1413 1943 iuxta
1465 1870 1755 1961 antiqua
1809 1869 2065 1942 itinera
2118 1870 2336 1943 libere
2387 1872 2874 1963 perambulent
2911 1876 2982 1944 et
3019 1893 3286 1945 merces
3325 1892 3489 1943 suas

392 1991 675 2062 ducant.
750 1990 929 2063 Item
1006 1991 1445 2063 confirmavit
1512 2011 1753 2081 pacem
1824 1995 2232 2082 perpetuam
2301 1996 2462 2063 ante
2517 1992 2799 2064 Thorun
2855 1991 3135 2079 initam,
3212 1990 3491 2065 etiamsi

394 2108 607 2183 fuerit
659 2130 785 2201 per
836 2114 1203 2201 utramque
1256 2115 1526 2201 partem
1580 2115 1789 2201 rupta
1844 2113 1915 2182 et
1968 2109 2255 2182 violata.
2314 2110 2495 2183 Item
2533 2111 2885 2200 laudavit,
2943 2112 3128 2202 quod
3167 2111 3486 2198 confinia,

394 2229 677 2302 termini
714 2234 783 2302 et
820 2233 1045 2302 terrae
1096 2229 1581 2316 Pomeraniae‚
1644 2229 2036 2301 Culmensis
2076 2234 2144 2302 et
2182 2229 2791 2318 MichaloviensiS,
2841 2251 2921 2303 ac
2957 2219 3266 2303 castrum
3303 2230 3488 2321 Nyc-

396 2349 647 2436 9911911,
704 2368 861 2420 911111
916 2348 1239 2421 omnibus
1294 2347 1443 2420 suis
1496 2347 1947 2438 pertinentiis
1999 2354 2402 2421 remaneant
2440 2349 2626 2422 circa
2661 2349 3028 2438 Ordinem,
3087 2350 3292 2422 iuxta
3330 2370 3504 2450 con-t

393 2467 697 2540 cordiam
752 2467 980 2541 Caroli
1035 2467 1439 2560 Hungariae
1478 2473 1546 2540 et
1582 2467 1919 2540 Iohannis
1958 2467 2366 2552 Bohemiae‚
2423 2469 2730 2561 Regum,
2775 2475 2846 2543 91
2883 2491 3007 2562 per
3043 2470 3488 2542 donationem

394 2587 741 2660 Kazimiri
810 2587 1027 2680 Regis
1098 2588 1433 2660 Poloniae
1503 2591 1575 2661 et
1648 2609 1931 2660 suorum
2002 2589 2644 2680 praedecessorum,
2721 2595 2792 2663 et
2861 2611 2986 2682 per
3051 2590 3488 2663 concordiam

394 2709 647 2780 factam
703 2711 865 2779 ante
920 2707 1235 2793 Thorun,
1293 2711 1365 2780 et
1418 2708 1835 2780 sententiam
1892 2708 2203 2781 eiusdem
2253 2708 2690 2801 Sigismundi
2727 2711 2968 2783 Budae
3005 2712 3244 2782 latam.
3302 2710 3486 2782 Item

391 2826 909 2918 pronuntiavit,
974 2828 1158 2919 quod
1211 2827 1547 2920 Magister
1600 2832 1669 2900 et
1724 2827 1903 2900 Ordo
1960 2828 2466 2901 Cruciferorum
2519 2834 2892 2902 teneantur
2933 2831 3114 2922 Regi
3151 2828 3488 2903 Poloniae

390 2967 515 3038 pro
568 2947 1095 3038 recuperatione
1148 2947 1361 3020 castri
1418 2947 1775 3020 Zlothoria
1830 2948 2099 3020 solvere
2151 2947 2412 3041 viginti
2460 2947 2769 3041 quinque
2806 2949 3034 3021 millia
3069 2949 3488 3022 florenorum

392 3065 575 3139 infra
630 3067 805 3139 duos
860 3087 1077 3140 annos
1132 3067 1451 3159 proxime
1506 3069 1811 3156 futuros,
1869 3068 2203 3141 videlicet
2238 3068 2314 3139 in
2352 3069 2529 3141 festo
2569 3068 2807 3141 Sancti
2846 3068 3128 3162 Georgii
3167 3069 3486 3160 proxime

394 3192 690 3259 venturo
745 3207 955 3258 unam
1010 3186 1451 3260 medietatem
1472 3243 1489 3275 ,
1548 3191 1619 3260 et
1664 3187 1874 3259 aliam
1915 3187 2360 3260 medietatem
2397 3187 2472 3260 in
2511 3189 2688 3260 festo
2723 3189 3077 3280 praedicto
3117 3187 3284 3260 anni
3321 3189 3485 3260 sub-

395 3306 780 3398 sequentis.
844 3306 1025 3378 Item
1088 3305 1604 3398 pronuntiavit,
1671 3308 1855 3397 quod
1919 3307 2258 3399 Magister
2321 3311 2392 3380 et
2446 3306 2626 3379 Ordo
2693 3312 3068 3380 teneantur
3131 3309 3488 3380 destruere

394 3429 463 3498 et
514 3425 839 3497 demoliri
893 3427 1115 3498 facere
1170 3433 1477 3498 castrum
1532 3427 1793 3499 Lubicz
1852 3447 2009 3499 911111
2066 3427 2494 3515 11191911(11119,
2536 3427 2720 3518 (1119(1
2757 3431 2864 3499 991
2901 3427 2976 3498 111
3014 3429 3392 3500 Drwancza
3421 3426 3484 3516 3)

393 3544 709 3632 flumine,
765 3544 949 3616 infra
986 3565 1111 3617 sex
1148 3566 1445 3618 menses.
1504 3546 1687 3619 Item
1742 3547 2094 3632 laudavit,
2155 3546 2339 3637 quod
2377 3547 2640 3619 limites
2679 3552 2749 3618 et
2785 3547 3085 3618 confinia
3123 3547 3484 3618 inter-Du-

394 3667 625 3736 catum
690 3663 1043 3736 Masoviae
1104 3670 1175 3738 et
1229 3665 1632 3737 Dominium
1696 3666 1977 3739 Ordinis
2042 3667 2560 3738 Pruthenorum
2621 3670 3026 3738 remaneant
3103 3666 3481 3738 secundum

392 3782 671 3856 literam
700 3782 765 3870 ⁴)
802 3783 1159 3874 Rudolphi
1196 3785 1531 3857 Kunnich
1561 3784 1622 3874 5)
1662 3790 1831 3857 tunc
1868 3785 2190 3877 Magistri
2230 3785 2543 3873 OrdiniS,
2584 3806 2790 3876 quam
2827 3785 3243 3872 ratificavit,
3283 3784 3488 3856 iuxta

393 3902 537 3975 acsi
600 3906 791 3976 esset
856 3901 1093 3994 sigillo
1157 3904 1562 3977 authentico
1629 3904 1965 3997 sigillata.
2034 3905 2216 3977 Item
2271 3904 2610 3992 (19919111,
2677 3905 2861 3996 quod
2929 3925 3166 3978 omnes
3222 3903 3485 3994 captivi

391 4023 554 4095 hinc
608 4020 773 4094 inde
826 4020 971 4093 sint
1025 4022 1233 4095 liberi
1289 4028 1359 4096 et
1412 4025 1819 4096 relaxentur
1873 4034 1944 4095 et
1997 4024 2468 4096 restituantur
2529 4023 2870 4116 pristinae
2934 4023 3247 4097 libertati
3303 4023 3486 4095 infra

392 4147 533 4215 tres
590 4161 889 4213 menses,
945 4141 1127 4213 Item
1184 4133 1525 4230 (19919111,
1584 4142 1769 4233 quod
1822 4143 1907 4214 de
1960 4142 2169 4213 terris
2225 4142 2557 4214 Prussiao
2612 4146 2683 4215 et
2739 4143 3197 4235 Samagittiae
3252 4143 3482 4234 dispo-

392 4262 559 4335 sitio
622 4261 1027 4334 concordiae
1091 4267 1253 4334 ante
1316 4263 1596 4334 Thorun
1662 4263 1916 4349 factae,
1985 4260 2235 4333 debeat
2297 4280 2648 4334 remanere
2705 4263 2776 4333 in
2833 4283 2957 4333 suo
3013 4262 3290 4350 robore,
3354 4262 3486 4334 hoc

392 4382 624 4467 modo,
683 4379 1045 4467 videlicet,
1104 4381 1284 4472 qnod
1344 4380 1526 4453 Ordo
1581 4381 1765 4454 inter
1816 4369 2073 4451 flumen
2130 4380 2382 4452 Memel
2419 4385 2489 4451 et
2527 4379 2891 4472 indagines
2931 4380 3480 4472 Samagittarum

388 4501 639 4574 debeat
692 4499 1079 4592 possidere,
1136 4521 1179 4571 a
1230 4499 1517 4572 flumine
1572 4500 1829 4572 Rodaw
1858 4500 1925 4587 ⁶)
1980 4497 2490 4585 descendendo,
2557 4521 2778 4590 usque
2833 4501 2919 4571 ad
2973 4507 3279 4573 castrum
3343 4501 3484 4571 Me-

390 4622 529 4692 11191
585 4620 931 4693 11191119119
984 4625 1055 4692 91
1109 4640 1330 4707 mare;
1386 4621 1547 4690 Dux
1586 4625 1821 4690 autem
1860 4619 2302 4691 Withawdus
2335 4619 2396 4706 7)
2451 4618 2657 4691 debet
2694 4620 3050 4710 possidere
3087 4625 3306 4691 totam
3346 4624 3483 4690 ter-

386 4761 536 4812 ram
594 4739 1176 4831 Samagittarum,
1236 4740 1446 4812 etiam
1503 4758 1657 4810 cum
1713 4739 1870 4825 illa,
1928 4761 2105 4830 quae
2161 4744 2270 4810 est
2317 4737 2501 4812 inter
2538 4737 2901 4831 indagines
2939 4745 3009 4810 91
3045 4739 3301 4810 flumen
3340 4740 3483 4810 Me-

388 4860 559 4948 mel,
618 4858 1011 4950 incipiendo
1050 4860 1136 4931 ab
1177 4856 1658 4950 indaginibus,
1716 4877 1939 4949 usque
1993 4858 2077 4928 ad
2126 4861 2337 4948 caput
2385 4857 2696 4930 fluminis
2743 4859 3004 4930 Rodaw
3055 4858 3485 4949 procedendo

385 4986 577 5053 recto
632 4979 947 5065 tramite,
1007 4979 1193 5051 sicut
1247 4978 1467 5050 intrat
1504 4977 1685 5050 idem
1724 4977 1981 5050 fluvius
2019 4977 2092 5049 in
2132 4978 2419 5066 Memol,
2479 4983 2548 5051 et
2584 4979 2772 5050 ultra
2809 4977 3060 5050 Memel
3095 4997 3217 5068 per
3255 4981 3485 5049 trans-

602 5265 651 5344 ¹)
693 5273 1019 5344 appareant
1060 5264 1187 5328 Ed.
1234 5265 1415 5349 Lips.
1473 5267 1525 5346 ²)
1572 5275 1631 5328 et
1677 5264 1828 5330 Cod.
1861 5266 2051 5330 Rozr.
2101 5267 2155 5346 ³)
2195 5270 2520 5329 Derwacza
2571 5262 2720 5328 Cod.
2760 5263 2934 5328 Calv.
2967 5267 3294 5328 Drwencza
3332 5263 3484 5331 Cod.

380 5368 562 5432 Koet.
612 5367 665 5448 ⁴)
709 5371 912 5430 literas
964 5367 1119 5431 Cod.
1165 5368 1358 5432 Rozr.
1408 5367 1459 5448 ⁵)
1504 5371 1799 5447 Rndolphi
1845 5371 2110 5431 Cunnich
2160 5366 2312 5431 Cod.
2359 5367 2533 5431 Kost.
2566 5369 2886 5448 (Ludolphi
2931 5371 3212 5448 Koenig).
3264 5369 3316 5448 ο)
3362 5373 3482 5450 Ry-

382 5475 520 5535 daw
567 5467 721 5534 cod.
772 5469 947 5536 Calv.
993 5472 1217 5533 Radaw
1268 5468 1419 5534 God.
1465 5469 1641 5535 Kost.
1694 5471 1743 5554 ⁷)
1790 5473 2147 5552 Wytholdus
2198 5466 2351 5534 Cod.
2404 5467 2578 5534 Calv.
2631 5472 2992 5534 wladislaus
3043 5467 3193 5538 God.
3242 5471 3432 5538 Rozr.
