4342 6384
946 625 1096 700 382
2129 647 2358 702 mez
2408 649 2877 704 mmmmm.
3473 622 3607 727 (Α.
3649 623 3738 699 D.
3779 621 4031 724 1429.)

940 854 1086 906 00111
1140 832 1615 906 Withawdum
1670 833 2138 907 coronationis
2194 835 2524 907 honorem
2580 835 3030 923 ambientem,
3090 855 3269 906 novo
3324 855 3575 927 genere
3630 831 4024 925 persuasio-

935 953 1050 1026 nis
1105 975 1146 1025 a
1196 954 1551 1044 proposito
1608 954 2123 1042 abstraherent,
2184 959 2253 1026 et
2306 976 2431 1046 per
2477 955 2911 1034 conditiones
2960 953 3344 1027 submissas
3384 959 3453 1027 et
3490 960 3633 1025 tam
3688 953 4031 1026 charitato

837 1156 849 1170 ,
937 1082 1142 1164 q'uam
1196 1072 1600 1145 humilitate
1656 1075 1980 1161 refertas,
2038 1072 2248 1146 illum
2300 1075 2484 1166 Regi
2540 1080 2610 1146 et
2666 1076 2905 1167 Regno
2972 1083 3389 1148 conarentur
3450 1073 3724 1146 efficere
3776 1071 4025 1144 unani·

937 1213 1139 1264 mem.
1181 1192 1663 1265 Mandatorum
1702 1193 1789 1265 ad
1827 1193 2305 1266 Withawdum
2344 1197 2603 1268 Ducem
2639 1195 2814 1267 haec
2852 1217 3123 1270 summa
3172 1199 3350 1268 erat:
3410 1194 3791 1267 Convenire
3828 1193 4031 1264 illum

936 1311 1314 1403 aliquando
1371 1334 1535 1384 suae
1589 1313 2015 1404 pertinaciae
2072 1319 2140 1386 et
2196 1315 2599 1388 ambitionis
2655 1316 2861 1387 finem
2919 1317 3174 1404 facere,
3231 1336 3453 1407 neque
3510 1319 3853 1386 terrenam
3909 1333 4019 1384 co·

935 1433 1175 1504 ronam
1241 1453 1398 1505 cum
1460 1431 1980 1523 periclitatione
2043 1440 2189 1506 tam
2253 1455 2706 1525 personarum
2782 1455 2989 1526 quam
3063 1435 3540 1508 Dominiorum
3612 1433 4028 1518 desiderare,

937 1571 1162 1642 neque
1218 1551 1292 1624 in
1347 1551 1890 1626 auxiliatoribus
1945 1553 2319 1627 cruciferis
2376 1555 2609 1628 fidere.
2670 1554 2859 1628 Satis
2916 1555 3151 1648 vigere
3207 1555 3335 1626 sub
3393 1553 3723 1628 memoria
3762 1557 4029 1626 010011-

937 1670 1030 1741 lis
1085 1670 1520 1744 incommoda
1579 1672 1912 1764 utrinque
1965 1673 2051 1746 ab
2106 1674 2257 1746 illis
2314 1679 2629 1765 accepta,
2689 1696 2865 1766 quae
2920 1696 3044 1766 pro
3100 1676 3375 1748 cautela
3437 1674 3760 1764 utrisque
3798 1673 3854 1762 1)
3908 1672 4029 1743 ha·

938 1789 1166 1862 benda
1221 1793 1476 1879 forent,
1535 1797 1613 1863 ut
1654 1813 1925 1883 quoque
1963 1815 2179 1865 novos
2219 1795 2548 1885 spirituS,
2607 1817 2779 1887 quos
2819 1795 3175 1883 induerat,
3233 1815 3519 1887 magnos
3558 1793 3782 1886 magis
3824 1814 4031 1884 quam

939 1909 1186 1998 utileS,
1246 1911 1520 2003 ingenti
1583 1913 2136 1985 assentationum
2204 1914 2494 1987 licentia
2559 1920 2629 1986 et
2681 1913 3033 2006 potestate
3098 1919 3468 2008 vaganteS,
3536 1914 3915 2005 corriperet
3970 1917 4036 1984 et

941 2029 1028 2100 ad
1085 2030 1396 2102 salubria
1449 2031 1748 2104 consilia
1802 2039 2180 2106 revocaret.
2239 2033 2308 2105 Ν
2312 2054 2387 2106 00
2440 2033 2513 2106 in
2573 2035 2819 2125 opibus
2878 2035 3284 2121 confideret,
3345 2054 3523 2125 quae
3571 2033 3684 2107 illi
3724 2031 4031 2105 fereban-

943 2152 1062 2221 tur
1114 2149 1337 2242 magis
1395 2171 1599 2242 quam
1658 2158 1854 2224 erant
1907 2153 2317 2241 immensae,
2376 2160 2446 2226 et
2499 2154 2691 2246 regia
2720 2153 2781 2243 2)
2840 2155 2912 2228 111
2986 2154 3285 2228 vivendo
3350 2152 3781 2245 supellectili
3810 2149 3877 2240 ³)
3932 2155 4031 2222 at·

945 2289 1078 2358 que
1115 2291 1368 2361 pompa
1395 2271 1483 2360 ⁴),
1543 2271 2092 2363 expilationibus
2131 2277 2280 2345 tum
2318 2275 2759 2366 propriorum
2806 2274 3125 2367 quaesita
3154 2274 3240 2364 5).
3300 2274 3545 2365 Neque
3602 2271 4033 2365 Sigismundi

944 2388 1414 2462 Romanorum
1469 2391 1685 2483 Regis
1739 2392 2120 2464 amicitiam
2179 2415 2345 2466 suae
2384 2399 2865 2485 anteponeret,
2924 2394 3479 2485 antiquioremve
3524 2394 3809 2464 duceret
3848 2397 3921 2464 et
3955 2393 4030 2463 fi-

943 2505 1229 2580 diorem.
1287 2494 1600 2581 Veniun't
1653 2511 1891 2604 itaque
1947 2513 2033 2584 ad
2088 2513 2297 2584 illum
2351 2534 2475 2604 pro
2531 2515 2709 2586 festo
2760 2513 3000 2586 Sancti
3040 2503 3405 2588 Michaelis
3442 2514 3516 2586 in
3556 2513 3871 2599 Groan,
3928 2515 4029 2582 ta·

941 2625 1134 2717 lique
1186 2629 1468 2702 nomine
1503 2630 1719 2722 Regis
1763 2635 1834 2705 et
1869 2631 2098 2724 Regni
2136 2633 2342 2704 illum
2380 2633 2809 2724 aloquuntur
2846 2655 3189 2706 sermone:
3242 2633 3634 2720 SentimuS,
3676 2631 4029 2722 inquiunt,

943 2745 1385 2820 serenissime
1457 2747 1826 2842 PrincepS,
1903 2756 1972 2823 te
2035 2753 2215 2845 regii
2278 2752 2581 2825 nominis
2644 2754 2812 2825 adeo
2876 2752 3160 2826 avidum
3192 2754 3279 2843 ὓ),
3346 2757 3429 2828 ut
3482 2751 3753 2824 abiecta
3808 2749 4030 2823 chari-

941 2867 1088 2938 tate
1149 2866 1456 2940 fraterna
1518 2871 1729 2960 atque
1791 2869 2076 2959 unione,
2143 2893 2282 2944 non
2344 2873 2735 2964 prospectis
2768 2874 2827 2973 ἶ)
2882 2872 3219 2964 periculis
3283 2877 3353 2944 et
3404 2871 3679 2965 guerris
3707 2870 3796 2959 Β),
3860 2891 4031 2961 quae

944 2983 1291 3057 Dominiis
1345 2987 1603 3060 vestris
1659 2990 1990 3081 utrinque
2050 2991 2399 3063 excidium
2456 2996 2528 3064 et
2582 2991 3081 3066 desolationem
3138 2992 3579 3079 inducerent,
3638 2991 3723 3062 ad
3762 2991 4033 3062 culmen

942 3103 1213 3195 regium
1269 3105 1456 3178 omni
1510 3107 1671 3180 nisu
1725 3109 1995 3202 aspiras
2050 3117 2122 3183 et
2176 3111 2703 3204 Sigismundum
2770 3113 3242 3185 Romanorum
3296 3113 3590 3206 Regem,
3649 3109 3771 3202 qui
3808 3115 3933 3181 tuo
3970 3113 4035 3181 et

945 3222 1227 3295 Domini
1282 3226 1504 3300 nostri
1563 3227 1939 3301 Wladislai
1992 3231 2209 3323 Regis
2264 3232 2619 3322 splendori
2675 3231 3030 3320 invidenS,
3090 3231 3266 3302 mira
3321 3253 3449 3302 sua
3484 3229 3751 3302 astutia
3790 3231 4033 3302 fortem

942 3339 1130 3414 inter
1181 3365 1339 3432 vos,
1399 3345 1520 3437 qui
1575 3369 1712 3420 non
1767 3348 1903 3421 sibi
1957 3351 2468 3439 tantummodo,
2539 3352 2659 3423 sed
2714 3352 2926 3424 etiam
2985 3351 3237 3423 vicinis
3293 3350 3697 3424 nationibus
3754 3369 4031 3421 concor-

943 3460 1060 3532 dia
1115 3463 1325 3536 eratis
1383 3467 1887 3556 formidabiles,
1946 3471 2280 3542 conflavit
2334 3469 2786 3559 discordiam,
2844 3471 2927 3543 de
2982 3470 3323 3543 mittenda
3376 3491 3629 3543 corona
3690 3467 4029 3541 solicitas.

945 3581 1223 3653 Modum
1255 3584 1319 3672 9)
1374 3589 1444 3657 et
1497 3587 1866 3660 consilium
1934 3589 2501 3677 saluberrimum,
2559 3595 2703 3662 tam
2772 3589 2933 3662 fidei
3000 3611 3206 3681 quam
3251 3589 3663 3681 prudentiae
3724 3589 4029 3678 plenum,

945 3699 1331 3791 afferimuS,
1390 3727 1524 3797 quo
1581 3708 2071 3780 excellentiam
2125 3709 2390 3801 regiam
2446 3708 2901 3782 conscendere
2937 3709 3231 3800 poteri-3,
3288 3709 3621 3782 beneficio
3664 3708 3903 3780 fratris
3944 3707 4029 3795 ¹⁰)

943 3842 1082 3893 non
1135 3823 1393 3912 hostiS,
1451 3825 1845 3899 conditione
1882 3829 2353 3919 pulcherrima
2387 3850 2523 3901 non
2563 3830 2871 3917 funesta,
2932 3829 3115 3920 quod
3156 3828 3286 3901 tibi
3324 3829 3535 3902 etiam
3575 3834 3785 3920 atque
3824 3829 4031 3899 etiam

942 3960 1355 4031 persuasum
1411 3967 1561 4018 esse
1617 3947 1970 4038 cupimus,
2029 3952 2099 4020 et
2153 3948 2553 4039 cupidinem
2610 3949 2883 4020 fallacis
2923 3953 2993 4020 et
3031 3947 3279 4020 iniusti
3328 3947 3556 4040 Regni
3595 3949 3679 4020 de
3716 3953 3839 4019 tuo
3878 3967 4033 4038 pec-

947 4063 1094 4131 tore
1147 4063 1696 4139 rescindendam.
1773 4069 1872 4140 Ut
1927 4067 2145 4161 igitur
2198 4069 2389 4161 regio
2446 4067 2726 4141 satieris
2783 4069 3071 4152 honore,
3149 4090 3352 4159 quem
3409 4071 3769 4157 tantopere
3825 4087 4029 4158 appe-

945 4177 1074 4266 tis,
1131 4184 1201 4250 et
1256 4182 1612 4258 vinculum
1672 4187 2134 4261 fraternitatis
2192 4193 2262 4261 et
2314 4187 2685 4261 charitatis
2741 4192 3024 4259 mutuae
3078 4186 3263 4260 inter
3315 4185 3787 4262 Wladislaum
3826 4187 4030 4258 Polo-

945 4295 1106 4369 niae
1159 4300 1418 4392 Regem
1473 4307 1544 4376 et
1598 4311 1668 4378 te
1721 4309 1988 4379 nullam
2045 4309 2306 4380 sentiat
2338 4314 2737 4400 rupturam,
2796 4307 3231 4380 Wladislaus
3268 4307 3601 4379 Poloniae
3638 4306 3791 4378 Rex
3834 4327 4033 4377 suum

947 4415 1266 4491 diadema
1330 4421 1460 4494 tibi
1527 4424 1648 4496 dat
1712 4431 1780 4498 et
1835 4429 2130 4516 confert,
2202 4433 2271 4499 et
2324 4449 2412 4500 ne
2466 4427 2733 4520 cogaris
2805 4427 2986 4499 illud
3042 4449 3083 4496 a
3137 4424 3484 4498 communi
3542 4431 3773 4496 vestro
3829 4427 4031 4496 hoste

949 4536 1416 4612 Romanorum
1471 4544 1662 4634 Rege
1715 4549 1982 4638 petere,
2046 4547 2648 4619 consentientibus
2704 4548 2791 4618 ad
2845 4546 2917 4618 id
2971 4544 3321 4618 universis
3386 4544 3732 4618 Praelatis
3788 4550 3861 4615 et
3912 4545 4029 4616 ba-

942 4655 1231 4730 ronibus
1286 4659 1513 4752 Regni
1567 4664 1709 4752 sui,
1765 4687 1983 4756 aequo
2038 4669 2267 4739 animo
2324 4668 2407 4740 de
2459 4667 2649 4758 regio
2703 4667 2961 4738 honore
3015 4665 3231 4754 cedit,
3306 4669 3377 4736 et
3430 4669 3510 4735 ut
3564 4663 3689 4735 illo
3750 4663 4029 4750 fruariS,

946 4795 1404 4870 coronamque
1461 4783 1684 4875 Regni
1742 4785 2074 4856 Poloniae
2129 4785 2465 4876 accipias,
2532 4787 2849 4858 ultronee
2906 4785 3287 4857 consentit:
3357 4805 3513 4856 cum
3568 4805 3707 4854 non
3764 4783 4039 4854 dubitet

947 4897 1016 4966 te
1071 4896 1381 4971 eiusdem
1437 4903 1665 4994 Regni
1718 4904 2209 4995 gubernationi
2264 4906 2524 4976 iustius
2580 4909 2649 4978 et
2703 4905 3129 4976 commodius
3187 4925 3391 4995 quam
3432 4923 3539 4989 se,
3600 4923 3755 4972 cum
3796 4901 3891 4974 sit
3930 4923 4035 4973 se-

945 5012 1062 5126 nio
1116 5020 1507 5108 grandaevo
1563 5025 1950 5110 confectus,
2009 5045 2130 5114 pro
2187 5023 2525 5115 regimine
2578 5023 2804 5115 Regni
2863 5023 3271 5111 imbecilliS,
3338 5027 3408 5095 et
3463 5022 3695 5113 proles
3753 5042 3879 5092 sua
3934 5025 4035 5092 te·

1166 5306 1211 5386 ¹)
1257 5313 1332 5370 ab
1377 5312 1650 5387 utrinque
1695 5311 1820 5374 Ed.
1867 5311 2049 5395 Lips.
2115 5309 2169 5395 ⁹)
2214 5315 2417 5390 regiae
2466 5307 2617 5374 Cod.
2668 5311 2859 5374 Rozr.
2926 5313 2973 5392 ³)
3024 5314 3290 5387 supellex
3339 5305 3490 5372 0001.
3540 5307 3715 5370 Kost.
3782 5306 3837 5378 ⁴)
3878 5327 4039 5384 pom-

953 5423 1068 5481 pae
1116 5407 1265 5473 Cod.
1311 5410 1502 5473 Rozr.
1551 5411 1604 5464 ⁵·
1653 5417 1977 5491 quaesitae.
2037 5413 2187 5476 Oocl.
2237 5413 2428 5476 Rozr.
2478 5413 2535 5488 ⁰)
2590 5416 2827 5476 avidum
2875 5433 3006 5474 0000
3056 5407 3207 5474 Cod.
3240 5411 3432 5474 Rozr.
3484 5410 3537 5474 7)
3566 5431 3683 5472 11011
3716 5412 4042 5488 perspectis

953 5511 1078 5574 Ed.
1111 5511 1292 5598 [Αἶρε.
1343 5513 1394 5594 ⁸)
1427 5517 1600 5577 bellis
1641 5515 1794 5578 eod.
1827 5515 2025 5580 Rozr.
2073 5516 2127 5594 ¹³)
2159 5519 2485 5593 Propterea
2513 5519 2748 5578 modum
2784 5512 2936 5579 Cod.
2968 5513 3159 5578 Rozr.
3212 5515 3283 5596 ¹⁰)
3314 5517 3513 5576 fratris
3542 5516 3629 5575 tui
3662 5510 3817 5576 cod.
3846 5511 4038 5574 Rozr.
