4342 6384
824 525 977 601 256
2012 549 2240 602 91111111
2291 551 2750 608 111111119111119.
3356 529 3492 630 (Α.
3531 528 3624 608 Ι).
3665 528 3914 629 1420.)

820 853 1265 944 sigis-undu
1310 852 1732 928 nummorum
1774 855 1916 927 nox
1960 855 2446 947 proni-sionem
2490 857 2869 930 9991991199
2911 858 3089 931 inter
3131 855 3406 930 19191199
3450 861 3520 932 ot
3565 859 3918 934 &uirum

1228 974 1429 1061 11199,
1475 974 1892 1064 corrigendae
1936 993 2051 1066 1191·
2092 977 2364 1050 nuntios
2393 994 2549 1048 suos
2592 977 2857 1064 factu,
2901 994 3115 1051 eora-
3159 981 3500 1070 pernegat.

1025 1212 1359 1286 Poloniae
1412 1213 1607 1306 Rege
1663 1213 2054 1287 wladislao
2116 1235 2206 1288 cx
2275 1215 2522 1288 Iedlna
2583 1214 2658 1288 in
2722 1216 2944 1290 Ilzam
2983 1217 3036 1305 ¹)
3109 1216 3222 1290 dic
3277 1215 3643 1290 Dominico
3707 1218 3916 1290 Invo-

817 1330 1007 1404 cavit
1059 1331 1476 1421 divertente,
1533 1331 1745 1406 biduo
1799 1333 2035 1406 nuntii
2090 1333 2527 1427 Sigismundi
2579 1336 3050 1409 Romanorum
3105 1341 3176 1410 et
3211 1336 3618 1430 Hungariae
3673 1337 3918 1429 Regis,

822 1452 1152 1525 videlicet
1222 1452 1573 1524 Iohannes
1646 1453 1921 1526 Schenk
1950 1451 2013 1543 ²)
2086 1454 2171 1528 119
2245 1454 2533 1547 Seydow
2563 1453 2628 1544 3)
2709 1460 2780 1528 91
2851 1455 3202 1530 Iohannes
3273 1456 3830 1548 czesermeyster
3857 1458 3919 1546 ⁴)

821 1572 1010 1645 Iuris
1064 1570 1380 1645 canonici
1444 1574 1724 1660 Doctor,
1788 1573 2178 1647 0999919119
2243 1574 2618 1666 Pragcnsis
2637 1631 2653 1664 ,
2727 1575 2816 1647 ad
2879 1597 3078 1648 suam
3143 1576 3604 1652 Serenitatem
3674 1597 3920 1669 perve-

820 1691 1060 1781 niunt,
1136 1689 1473 1784 legationi
1525 1692 1759 1784 regiae
1830 1698 1901 1766 et
1965 1694 2234 1782 ducali,
2299 1715 2424 1786 per
2479 1695 2860 1788 Sbigncum
2923 1696 3008 1769 de
3063 1694 3520 1770 Oleschnicza
3582 1701 3654 1768 et
3707 1696 3921 1769 Nico-

821 1812 1012 1884 laum
1068 1811 1416 1884 Ozebulka
1469 1811 1653 1901 apud
1707 1811 2242 1886 wratislaviam
2295 1819 2689 1905 peroratae,
2755 1815 3182 1906 responsuri.
3255 1817 3349 1888 Et
3401 1815 3570 1890 licet
3633 1817 3722 1888 ad
3775 1816 3920 1888 sin-

818 1929 991 2024 gula
1041 1929 1419 2023 legationis
1473 1929 1706 2023 regiae
1758 1930 1991 2024 capita
2040 1933 2420 2007 coloratam
2471 1934 3046 2027 pronuntiassent
3098 1934 3656 2028 responsionem,
3713 1955 3926 2027 super

822 2049 1203 2144 principali
1256 2054 1491 2123 tamen
1528 2071 1636 2139 re,
1694 2073 1833 2142 qua
1870 2052 2306 2127 wladislaus
2343 2054 2678 2128 Poloniae
2715 2055 2872 2128 Rex
2927 2061 2998 2128 et
3033 2033 3438 2130 Alexander
3473 2055 3923 2128 Withawdus

824 2171 1123 2264 Magnus
1175 2169 1597 2244 Lithuaniae
1634 2172 1821 2258 Dum
1878 2193 2038 2245 eum
2092 2171 2167 2244 in
2207 2173 2510 2246 favorem
2546 2173 3054 2247 cruciferorum
3107 2175 3423 2267 iniquam
3477 2180 3549 2248 91
3584 2174 3925 2248 iniustam

827 2290 1249 2365 sententiam
1303 2289 1591 2378 tulisse,
1646 2291 1971 2382 pluribus
2026 2292 2100 2364 id
2150 2293 2588 2385 respectibus
2645 2300 2715 2366 et
2769 2293 3304 2368 deductionibus
3358 2294 3924 2383 demonstrando,

826 2411 1317 2503 culpaverunt,
1374 2411 1641 2484 nullam
1696 2411 2086 2505 legitimam
2137 2413 2694 2505 responsionem,
2753 2413 3074 2505 quamvis
3130 2415 3354 2488 forent
3390 2414 3530 2487 viri
3580 2435 3742 2488 rara
3777 2415 3922 2487 elo·

828 2517 1118 2623 quentia
1168 2530 1504 2623 praediti,
1570 2531 1981 2622 afferebant,
2046 2537 2326 2625 praeter
2389 2553 2570 2605 eam:
2638 2534 2826 2625 quod
2889 2532 3386 2626 sigismundus
3448 2535 3924 2608 Romanorum

826 2654 898 2724 et
950 2649 1357 2743 Hungariae
1419 2652 1575 2725 Rex
1638 2651 1724 2724 de
1778 2651 2058 2724 iustitia
2120 2655 2191 2724 et
2245 2651 2396 2725 iure
2459 2652 2676 2744 Regis
2731 2651 3065 2725 Poloniae
3128 2652 3510 2726 wladislai
3571 2657 3642 2727 et
3704 2652 3926 2726 Ducis

825 2769 1063 2864 Magni
1115 2770 1499 2844 withawdi
1561 2792 1807 2863 parum
1874 2771 2290 2844 informatus
2307 2827 2324 2860 ,
2391 2793 2620 2846 errore
2685 2771 2906 2864 magis
2971 2793 3178 2862 quam
3244 2771 3535 2846 crimine
3597 2776 3722 2844 aut
3785 2771 3921 2844 ini·

826 2891 1101 2983 quitata
1154 2891 1533 2979 9111199199,
1588 2890 2160 2982 praeiudicialem
2218 2895 2290 2965 et
2331 2913 2614 2984 gravem
2670 2891 2744 2966 in
2779 2893 3042 2984 Regem
3097 2895 3168 2964 et
3203 2892 3464 2964 Ducem
3503 2892 3925 2966 sententiam

824 3009 1233 3104 protulerit,
1300 3009 1625 3099 offerens,
1694 3033 1777 3084 ea
1837 3033 2018 3103 quae
2078 3033 2438 3104 perperam
2504 3011 3116 3104 pronuntiaverat,
3191 3031 3266 3085 se
3328 3015 3800 3085 correcturum
3855 3017 3930 3085 et

828 3129 1144 3223 singula,
1201 3151 1379 3222 quae
1415 3135 1687 3221 partem
1720 3131 1937 3224 Regis
1991 3131 2410 3224 gravabant,
2453 3136 2964 3205 revocaturum.
3020 3131 3467 3225 Replicatum
3505 3135 3741 3204 autem
3787 3131 3930 3204 fuit

830 3249 1264 3324 sufficienter
1332 3249 1605 3324 nuntiis
1677 3251 2019 3343 praedicti
2082 3251 2516 3346 Sigismundi
2580 3253 2796 3345 Regis
2867 3274 2992 3345 per
3053 3253 3416 3326 Praelatos
3487 3257 3561 3324 et
3631 3251 3931 3326 barones

826 3369 1163 3444 Poloniae
1193 3367 1281 3458 ⁵),
1338 3368 1460 3462 qui
1522 3369 2174 3446 wratislaviensem
2236 3372 2879 3464 pronuntiationem
2932 3372 3280 3462 audituri,
3344 3371 3522 3445 illuc
3587 3371 3932 3444 destinati

828 3495 1027 3564 erant
1082 3490 1362 3584 (plures
1418 3489 1601 3565 enim
1658 3513 1745 3565 ex
1784 3491 1885 3566 eis
1940 3492 2423 3582 assistebant):
2483 3494 2828 3584 Quonam,
2884 3493 3248 3585 inquiunt,
3305 3495 3510 3584 pacto
3546 3490 3931 3564 Dominum

826 3617 1141 3686 vestrum
1216 3609 1743 3704 Sigismundum
1808 3613 2280 3685 Romanorum
2345 3617 2415 3684 ct
2478 3611 2886 3704 Hungariae
2949 3613 3210 3704 Regem
3291 3633 3375 3684 ca
3445 3609 3930 3698 excusatione,

828 3731 1013 3824 quod
1068 3753 1206 3805 non
1261 3730 1677 3804 informatus
1736 3732 1809 3804 in
1864 3731 2286 3806 sententiam
2350 3753 2391 3802 a
2443 3730 2726 3805 iustitia
2789 3731 3272 3806 abhorrentem
3325 3730 3756 3823 proruperit,
3814 3730 3930 3803 iu-

828 3852 1134 3925 stificare
1188 3850 1559 3943 poteritis?
1614 3873 1772 3925 cum
1826 3851 2188 3943 publicum
2245 3857 2316 3924 et
2353 3851 2700 3926 notorium
2759 3852 2886 3940 sit,
2926 3851 3460 3924 Wratislaviam
3509 3851 3715 3923 illum
3752 3871 3933 3922 11911-

828 3971 971 4044 nisi
1024 3976 1228 4044 nocte
1282 3970 1509 4044 media
1562 3971 1956 4066 ingressum
2013 3992 2197 4061 esse,
2258 3976 2328 4044 91
2365 3973 2522 4044 11199
2577 3972 3065 4063 subsequenti,
3122 3970 3676 4063 Epiphaniarnm
3731 3969 3934 4042 vide·

828 4091 999 4163 licet
1034 4091 1171 4179 die,
1212 4111 1350 4162 non
1388 4088 1889 4165 instructiones
1928 4090 2228 4182 aliquae,
2270 4113 2406 4163 non
2435 4091 2902 4179 avisamenta,
2942 4112 3078 4163 non
3117 4090 3304 4179 iura,
3343 4110 3484 4162 non
3519 4088 3934 4181 privilegia,

832 4231 1010 4302 quae
1060 4231 1189 4298 nos
1242 4210 1477 4282 nuntii
1541 4211 1719 4304 regii
1782 4233 2013 4284 coram
2065 4210 2195 4282 1119
2261 4215 2332 4284 91
2385 4232 2550 4284 voce
2616 4214 2686 4282 et
2750 4209 3010 4303 scripto
3064 4211 3584 4301 proferebamus
3603 4264 3620 4299 ,
3689 4207 3946 4283 audire

832 4334 903 4404 et
957 4329 1194 4422 videre
1248 4329 1584 4404 voluisse.
1642 4331 1736 4403 Et
1788 4330 2108 4422 quamvis
2164 4329 2658 4421 multipliciter
2711 4352 2754 4402 a
2799 4329 3000 4402 nobis
3055 4329 3454 4403 solicitatus
3511 4329 3793 4417 fuisset,
3851 4335 3948 4402 ut

828 4449 1239 4543 priusquam
1294 4450 1383 4522 ad
1438 4451 1899 4542 prolationem
1958 4449 2347 4525 sententiae
2398 4451 2832 4544 procederet,
2887 4449 3139 4522 merita
3192 4470 3443 4523 causae
3477 4448 3712 4541 regiae
3765 4467 3946 4522 exa—

828 4571 1157 4659 minaret,
1232 4570 1516 4664 singula
1544 4571 1633 4660 6),
1691 4593 1869 4663 quae
1922 4571 2442 4665 ingerebamuS,
2499 4569 3038 4662 contempsisse,
3113 4575 3184 4643 ct
3237 4570 3350 4644 dic
3405 4569 3673 4657 eadem,
3729 4575 3948 4659 parte

828 4691 1023 4785 regia
1092 4711 1231 4763 non
1296 4691 1571 4780 audita,
1646 4693 1736 4764 ad
1806 4690 2446 4784 pronuntiationem
2520 4691 2911 4764 sententiae
2981 4689 3513 4782 praecipitasse,
3586 4686 3946 4779 nobisque

828 4811 1101 4884 nuntiis
1153 4810 1402 4906 regiis,
1463 4811 1645 4904 quod
1699 4811 1919 4884 nullis
1974 4811 2321 4905 indigeret
2373 4810 2984 4900 instructionibus,
3037 4810 3242 4883 nulla
3276 4810 3460 4898 iura,
3517 4807 3936 4901 privilegia,

829 4936 954 5004 aut
1006 4931 1443 5006 avisamenta
1496 4932 1763 5021 videre,
1823 4936 1946 5005 aut
1978 4933 2038 5021 ⁷)
2094 4931 2494 5006 examinare
2547 4933 2794 5005 vellet:
2853 4931 2974 5004 sed
3011 4929 3198 5022 quod
3250 4930 3389 5003 iam
3444 4928 3516 5003 in
3555 4949 3723 5021 pera
3760 4948 3932 5001 sen-

1046 5221 1093 5300 ¹)
1140 5225 1374 5285 Gedlna
1404 5225 1465 5284 in
1494 5225 1709 5285 Islzam
1762 5222 1917 5287 cod.
1968 5219 2145 5287 Calo.
2197 5221 2252 5303 ς)
2297 5223 2496 5299 8911911
2544 5217 2696 5285 Cod.
2747 5217 2923 5285 Calv.
2969 5221 3091 5282 Sek
3139 5215 3292 5282 cod.
3337 5217 3530 5281 Rozr.
3579 5216 3628 5300 ³)
3673 5217 3948 5294 Saydow

837 5317 989 5387 cod.
1038 5321 1215 5389 Calv.
1284 5327 1569 5404 Szeydow
1626 5325 1753 5388 Ed.
1799 5325 1981 5410 Lipe.
2054 5323 2107 5408 ⁴)
2154 5327 2596 5402 Cesermeyster
2671 5323 2828 5388 eod.
2877 5322 3070 5388 Rozr.
3141 5321 3192 5404 ⁵)
3239 5323 3430 5398 Regni
3477 5323 3759 5383 Poloniae
3801 5319 3946 5384 Ed.

834 5423 1015 5511 Lips.
1062 5425 1117 5508 ⁸)
1165 5430 1403 5510 singula
1444 5435 1639 5492 tamen
1696 5427 1849 5494 cod.
1896 5428 2089 5493 Rozr.
2154 5429 2208 5508 ⁶¹)
2252 5435 2313 5491 et
2360 5424 2512 5491 cod.
2559 5425 2750 5491 Rozr.
