4342 6384
430 581 564 684 (Α.
604 582 695 658 D.
735 579 988 684 1426.)
1591 606 1816 658 marm
1867 605 2325 659 minuemus.
3362 580 3509 655 339

427 792 578 865 sine
631 791 934 883 strepitu
989 795 1059 864 et
1113 792 1384 883 fragore
1434 790 1846 863 micantium
1903 810 2306 863 mucronum
2370 794 2441 864 et
2492 812 2819 883 pavorem
2872 789 3165 863 nimium
3220 791 3507 864 afferen-

426 911 638 1000 tium,
712 911 1152 1002 inspectante
1216 910 1439 1003 Rege,
1513 910 1587 982 in
1649 914 1885 1002 partes
1958 910 2267 982 minutas
2340 909 2689 1001 discerpta
2728 912 2805 1001 ¹).
2890 910 3037 1003 Quo
3102 912 3283 983 facto
3354 913 3509 984 Rex

427 1030 660 1102 tristis
723 1035 796 1103 et
857 1030 1114 1102 anxius
1185 1051 1272 1103 ex
1337 1030 1632 1102 concilio
1705 1030 2054 1103 discessit.
2135 1031 2247 1103 Ne
2314 1034 2542 1102 tamen
2614 1030 2881 1103 animos
2951 1030 3509 1104 consiliariorum

426 1150 874 1224 exacerbatos
930 1150 1389 1241 relinqueret,
1446 1149 1692 1223 diebus
1749 1151 2205 1242 sequentibus
2244 1172 2437 1241 spem
2487 1150 2727 1239 dabat,
2784 1150 3283 1224 deliberatione
3321 1173 3508 1223 sum-

425 1277 580 1362 pta,
635 1270 1050 1361 promissam
1105 1269 1366 1342 iurium
1421 1275 1492 1343 et
1544 1270 1951 1344 libertatum
2005 1271 2597 1345 confirmationem
2654 1276 2723 1344 et
2768 1270 3206 1343 donationem
3262 1292 3335 1343 se
3392 1272 3508 1343 da-

425 1395 686 1462 turum.
743 1389 1036 1463 Interim
1092 1395 1326 1462 tamen
1381 1412 1422 1462 a
1456 1391 1778 1482 pluribus
1833 1390 2257 1462 consiliariis
2314 1391 2704 1484 singulares
2757 1390 3002 1462 literas
3057 1389 3337 1483 exigere
3373 1412 3511 1463 non

425 1509 734 1597 destitit3
797 1509 1140 1601 paucique
1203 1509 1569 1581 admodum
1623 1510 1912 1600 reperti,
1981 1510 2103 1601 qui
2165 1510 2659 1602 largitionibus
2730 1513 2801 1583 et
2864 1510 3229 1601 promissis
3295 1510 3510 1603 regiis

423 1649 562 1699 non
617 1628 970 1718 cederent,
1027 1631 1098 1701 et
1149 1629 1453 1719 publicis
1508 1630 1714 1701 rebus
1779 1632 1987 1721 atque
2044 1628 2317 1701 iuribus
2376 1629 2746 1721 neglectiS,
2813 1651 2886 1701 se
2940 1652 3065 1721 per
3118 1629 3509 1723 singulares

425 1748 671 1820 literas
745 1749 828 1821 de
891 1747 1334 1839 suscipiendo
1399 1749 1544 1821 filio
1607 1748 1854 1843 Regis,
1927 1748 2287 1841 propiores
2358 1748 2662 1822 utilitati
2724 1750 3039 1841 privatae
3112 1772 3320 1845 quam
3376 1772 3504 1843 pu-

422 1868 680 1957 blicae,
737 1890 876 1941 non
931 1868 1345 1963 obligarent.

421 2231 846 2305 islandiam
892 2232 1157 2318 Lubias,
1209 2235 1473 2321 propter
1529 2232 1822 2303 timorem
1881 2232 2254 2319 scissionis,
2308 2232 2676 2304 Withawdo
2735 2232 3141 2321 permittitur
3196 2232 3362 2321 lagi
3370 2236 3513 2304 stro

1527 2352 1982 2423 cruciferorum
2025 2351 2415 2423 denudum.

626 2592 714 2663 In
769 2590 1006 2665 eadem
1063 2590 1355 2683 iusuper
1388 2590 1830 2664 Lanciciensi
1865 2591 2357 2681 conventione,
2416 2594 2579 2683 post
2614 2592 2878 2662 multas
2915 2590 3509 2665 considerationes

420 2714 494 2784 et
544 2716 906 2808 respectus
979 2710 1462 2802 scrupulosius
1527 2710 1856 2799 libratae,
1926 2732 2012 2784 ne
2078 2710 2381 2783 schisma
2446 2710 2730 2803 aliquod
2801 2710 2985 2783 inter
3038 2710 3510 2783 Wladislaum

421 2831 755 2903 Poloniae
809 2832 1068 2924 Regem
1127 2834 1198 2904 et
1251 2834 1514 2904 Ducem
1569 2831 2050 2903 Alexandrum
2098 2830 2575 2903 Withawdum
2629 2830 3003 2919 incideret,
3052 2830 3511 2904 deliberatum

421 2951 589 3039 fuit,
645 2954 728 3023 ut
781 2951 868 3023 ad
903 2972 1148 3043 preces
1203 2954 1598 3043 frequenter
1650 2956 1720 3025 et
1756 2956 1926 3024 tunc
1975 2950 2315 3044 repetitas
2350 2951 2649 3043 praefati
2686 2950 3075 3023 Alexandri
3102 2949 3509 3042 Withawdi,

419 3071 897 3144 molendinum
951 3072 1215 3145 Lubicz
1270 3072 1608 3165 Magistro
1665 3076 1734 3145 et
1790 3070 2034 3144 Ordini
2089 3070 2595 3144 cruciferorum
2650 3071 3023 3143 donaretur
3076 3074 3147 3143 et
3201 3070 3355 3143 eius
3392 3071 3507 3145 de-

419 3192 667 3264 molita
729 3192 1252 3283 permitteretur
1313 3192 1806 3265 reaedificatio,
1889 3190 2232 3282 Missique
2296 3195 2463 3264 sunt
2525 3212 2614 3263 ex
2680 3190 3137 3263 conventione
3198 3193 3513 3283 praefata

419 3312 509 3383 ad
561 3312 1044 3385 Alexandrum
1105 3312 1574 3385 Withawdum
1629 3312 1704 3383 in
1758 3310 2245 3399 Lithuaniam,
2306 3310 2651 3403 Sbigneus
2706 3310 3183 3383 Cracoviensis
3238 3311 3509 3402 episco-

419 3453 588 3523 pus,
645 3433 898 3505 Petrus
955 3431 1478 3523 Schaffranyecz
1536 3430 2080 3504 snccamerarius
2139 3430 2651 3518 cracoviensis,
2718 3431 3097 3503 Domarath
3152 3430 3237 3503 de
3288 3431 3509 3506 Kobi-

421 3552 586 3643 lany
643 3552 1070 3624 castellanus
1139 3551 1554 3643 Byeczensis
1622 3556 1692 3623 et
1753 3551 1822 3622 N
1825 3552 2090 3625 icolaus
2155 3551 2618 3642 Drzewyczky
2683 3549 2999 3622 notarius
3060 3549 3330 3643 regius,
3388 3551 3514 3643 qui

419 3671 745 3744 docerent-
798 3670 1038 3760 illum,
1096 3672 1358 3763 Regem
1413 3676 1484 3744 et
1537 3672 1889 3764 Regnum,
1946 3692 2086 3743 non
2123 3671 2276 3743 sine
2330 3670 2639 3761 periculo
2694 3669 2889 3761 pacis
2944 3674 3318 3761 perpetuae
3356 3692 3511 3743 cum

419 3790 794 3863 cruciferis
847 3792 1195 3880 firmatae,
1255 3798 1326 3863 et
1379 3791 1742 3883 dispendio
1798 3791 2026 3883 Regni
2081 3795 2293 3881 atque
2345 3791 2706 3878 dedecore,
2762 3789 3087 3881 precibus
3144 3789 3293 3861 suis
3348 3810 3508 3863 con-

419 3912 830 3983 descensum
894 3931 1048 3982 esse
1075 3909 1164 4000 ²),
1238 3916 1584 4002 quatenus
1645 3910 1946 4003 gratiam
2013 3916 2082 3985 et
2147 3910 2647 3984 liberalitatem
2720 3907 2948 4001 Regni
3016 3914 3085 3981 et
3148 3909 3366 4001 Regis
3439 3909 3513 3982 in

421 4052 578 4105 eum
652 4032 905 4103 factam
971 4031 1392 4120 attenderet,
1459 4032 1772 4123 Regique
1836 4036 1906 4103 et
1967 4032 2209 4123 Regno
2273 4029 2606 4102 Poloniae
2668 4028 3053 4101 fideliorem
3108 4050 3183 4103 se
3237 4030 3309 4102 in
3363 4029 3513 4103 dies

418 4155 786 4242 propterea
837 4156 1258 4241 praestaret,
1340 4154 1410 4223 et
1470 4156 1721 4242 expost
1782 4171 1894 4222 res
1959 4150 2259 4239 similes,
2325 4150 2703 4241 perniciem
2766 4149 2993 4242 Regni
3068 4171 3301 4223 secum
3370 4154 3510 4222 tra-

419 4272 699 4357 henteS‚
777 4275 1100 4361 expetere
1162 4269 1541 4358 desineret3
1616 4270 1935 4362 insuper,
2007 4276 2089 4343 ut
2153 4271 2463 4343 actiones
2528 4291 2722 4357 suae,
2802 4271 3059 4362 quibus
3132 4270 3512 4362 aliquando

418 4396 661 4464 contra
713 4390 1058 4482 promissa
1121 4394 1191 4462 et
1245 4389 1738 4481 inscriptiones
1802 4390 1982 4482 Regi
2049 4396 2118 4463 et
2172 4393 2413 4483 Regno
2479 4392 2733 4478 factm,
2800 4390 3213 4479 excedebat,
3272 4412 3505 4482 carpe-

417 4515 576 4584 rent
630 4516 700 4584 et
736 4510 1242 4601 improbarent,
1283 4510 1916 4603 correctionemque
1954 4515 2024 4584 et
2061 4511 2417 4584 emendam
2454 4509 2909 4602 requirerent.
2968 4510 3277 4583 Nuntios
3314 4532 3510 4602 prae-

419 4630 647 4703 dictos
702 4630 790 4701 ad
845 4650 919 4701 se
973 4630 1046 4701 in
1085 4631 1364 4722 Trokky
1419 4630 1812 4719 venientes,
1872 4632 2273 4704 Alexander
2301 4629 2740 4703 Withawdus
2780 4629 3125 4722 singulari
3162 4630 3511 4718 comitate,

415 4752 816 4841 honoreque
877 4749 1180 4841 excepit.
1263 4750 1575 4823 Primum
1641 4750 1920 4843 quidem
1993 4751 2333 4823 Mathiam
2400 4750 2805 4822 Vilnensem
2879 4748 3281 4842 episcopum
3356 4770 3511 4822 cum

417 4870 743 4943 omnibus
809 4869 1122 4942 Ducibus
1188 4875 1258 4943 et
1321 4871 1616 4962 Boyaris
1690 4871 2068 4945 maioribus
2134 4870 2557 4943 Lithuaniae
2628 4869 2778 4942 illis
2846 4868 3172 4941 ordinans
3240 4869 3547 4942 duobus·

417 4988 846 5062 milliaribus
901 4988 1212 5062 aWilno
1269 5010 1654 5079 occurrere,
1714 4995 1962 5083 expost
2015 5012 2178 5063 vero
2234 4997 2304 5063 et
2358 4991 2509 5082 ipse
2563 5010 2651 5062 ex
2706 4988 2998 5063 cameris
3056 4994 3125 5061 et
3182 4989 3514 5062 thalamis

415 5108 898 5201 superioribus
963 5109 1342 5182 descedens
1425 5110 1498 5182 in
1571 5116 1774 5202 porta
1845 5110 2060 5183 castri
2133 5110 2445 5183 inferiori
2516 5108 2803 5181 nuntios
2876 5108 3177 5200 excepit.
3262 5108 3516 5181 Tribus

413 5230 662 5303 diebus
743 5228 1094 5301 continuis
1165 5228 1242 5301 in
1305 5230 1665 5303 referenda
1742 5232 2092 5323 legatione
2158 5231 2506 5324 Sbigneus
2572 5227 3049 5303 cracoviensis
3120 5228 3489 5321 episcopus

631 5480 682 5565 ¹)
727 5484 1059 5563 discerptae
1103 5490 1256 5547 sunt.
1307 5480 1457 5548 cod.
1503 5482 1695 5547 Rozr.
1767 5482 1816 5566 ’)
1861 5486 2235 5546 consensisse
2282 5478 2433 5547 0001.
2478 5481 2669 5546 Rozr.
