4342 6384
365 546 498 646 (Α.
539 548 628 623 D.
671 538 924 647 1⁴40.)
1530 573 1756 625 LIBER
1807 572 2320 625 Duonncmus.
3310 554 3453 627 651

375 758 658 845 „contra
710 755 976 847 ipsum,
1036 778 1162 829 seu
1215 757 1440 849 ipsos,
1499 758 1845 831 certitudo
1900 757 2224 832 veritatis
2279 758 2707 848 constiterit,
2772 757 2827 831 ii
2883 758 3189 831 omnium
3243 759 3457 831 hono-

373 898 600 965 „rum‚
656 876 1256 969 humanitatisque
1311 882 1381 951 et
1435 878 1859 971 dignitatum
1915 900 1994 952 ac
2030 878 2483 952 nobilitatum
2538 878 2946 969 amissione,
2988 880 3225 952 ablata
3272 879 3459 952 omni

371 1018 535 1088 „spe
588 996 858 1089 gratiae
895 997 1310 1071 obtinendae
1366 999 1912 1071 condemnentur
1948 1020 2073 1071 seu
2109 999 2549 1072 condemnati
2603 999 2757 1092 ipso
2797 1002 2978 1073 facto
3016 1006 3454 1090 censeantur,

369 1117 732 1208 „quodque
788 1118 980 1189 ultra
1033 1119 1202 1191 haec
1239 1123 1619 1211 perpetuae
1674 1123 1743 1191 et
1779 1118 2181 1193 indelebilis
2238 1118 2683 1193 infidelitatis
2723 1120 2983 1193 crimen
3038 1121 3269 1195 laesae
3307 1122 3452 1193 Ma-

368 1235 709 1325 „iestatiS‚
748 1237 850 1310 rei
887 1237 1352 1330 publicaeque
1387 1239 1896 1330 perturbatoris
1931 1260 2227 1331 poenam
2266 1245 2336 1313 et
2372 1240 2710 1313 iudicium
2746 1241 3139 1329 incurrant,
3182 1263 3449 1317 omnes-

367 1378 543 1449 „que
598 1357 1076 1449 possessiones
1133 1362 1204 1431 et
1237 1358 1419 1431 bona
1475 1358 1785 1432 eiusdem
1832 1364 1900 1432 et
1939 1360 2251 1450 ipsorum
2290 1360 2629 1449 omnium,
2687 1360 2787 1433 eis
2825 1361 3165 1454 denegata
3199 1363 3449 1455 gratia,

365 1478 496 1566 „ad
549 1477 886 1551 Coronam
941 1483 1012 1550 et
1064 1478 1501 1552 Maiestatem
1557 1480 1820 1573 regiam
1884 1481 2349 1553 devolvantur
2413 1486 2483 1553 et
2536 1481 2867 1553 devoluta
2922 1481 3449 1575 intelligantur;

363 1599 654 1686 „harum
709 1604 1138 1688 nostrarum,
1197 1600 1452 1691 quibus
1509 1599 1748 1693 sigilla
1783 1605 2025 1673 nostra
2062 1620 2371 1692 appensa
2407 1605 2605 1690 sunt,
2648 1601 3047 1675 testimonio
3074 1603 3450 1689 ¹literarum

361 1718 777 1807 „mediante.
839 1720 1096 1791 Datum
1161 1720 1234 1791 in
1298 1721 1484 1793 Alba
1538 1720 1822 1813 Regali,
1880 1720 2148 1795 decima
2203 1721 2502 1814 septima
2566 1720 2826 1795 mensis
2882 1722 3088 1810 Iulii,
3156 1725 3284 1796 hoc
3340 1731 3448 1796 est

361 1838 517 1927 „die
571 1838 936 1912 Dominieo
990 1840 1308 1930 proximo
1363 1848 1524 1931 post
1570 1843 1828 1914 festum
1883 1840 2276 1914 Divisionis
2332 1842 2863 1933 Apostolorum,
2923 1843 3127 1915 Anno
3167 1844 3449 1917 Domini

359 1958 778 2047 „Millesimo
836 1959 1520 2053 quadringentesimo
1578 1961 2181 2055 quadragesimo.“

801 2324 1139 2397 Turcorum
1183 2324 1419 2397 caesar
1463 2326 1749 2397 castrum
1793 2324 2014 2395 Albam
2056 2324 2361 2415 Besalem
2414 2287 2662 2397 frustra
2700 2324 2985 2397 obsidet.

551 2562 759 2637 Feria
798 2567 1000 2636 sexta
1053 2562 1127 2635 in
1164 2564 1276 2637 die
1315 2563 1610 2636 Sanctae
1647 2563 1908 2637 Mariae
1945 2563 2429 2656 Magdalenae,
2470 2561 2906 2635 Wladislaus
2944 2564 3098 2637 Rex
3138 2584 3224 2637 ex
3254 2564 3441 2637 Alba

341 2685 594 2779 Regali
651 2705 1006 2778 egressus,
1067 2684 1370 2757 Sabbato
1409 2684 1682 2756 Budam
1736 2684 2090 2776 pervenit,
2150 2682 2471 2756 omnibus
2507 2682 3071 2775 processionibus
3128 2684 3438 2757 omnium

342 2806 825 2893 ecclesiarum,
892 2806 1075 2877 clero
1144 2810 1214 2877 et
1265 2806 1524 2897 populo
1590 2826 1747 2877 eum
1814 2803 2331 2897 excipientibus
2370 2804 2425 2893 ¹)
2481 2824 2637 2877 cum
2691 2803 2980 2896 gaudio,
3041 2804 3438 2897 mansitque

339 2929 584 3001 Budae
639 2930 858 2999 totam
911 2929 1248 2998 aestatem
1305 2930 1376 2999 et
1429 2930 1875 3014 autumnum,
1935 2923 2236 3019 negotiis
2293 2929 2363 2997 et
2419 2923 3000 3016 dispositionibus
3056 2924 3286 3017 Regni
3325 2925 3436 2998 sui

337 3046 744 3141 Hungariae
800 3068 1071 3138 semper
1129 3046 1526 3135 intendenS,
1585 3046 1962 3137 aliquando
2019 3051 2252 3119 tamen
2308 3046 2395 3117 ad
2433 3044 2739 3117 insulam
2795 3044 3046 3137 Czepel
3097 3066 3223 3137 pro
3262 3046 3431 3119 alle-

336 3168 647 3243 viatione
703 3167 1022 3239 laborum
1087 3170 1158 3239 et
1211 3166 1601 3240 taediorum
1665 3187 1952 3239 suorum
2016 3166 2103 3238 ad
2159 3164 2569 3240 venationes
2624 3164 3047 3239 discedebat.
3123 3166 3215 3237 Et
3270 3166 3436 3258 quia

335 3291 587 3365 Caesar
640 3290 1017 3361 Turcorum
1073 3289 1378 3360 castrum
1417 3286 1673 3359 Albam
1710 3286 2048 3379 Regalem
2087 3307 2212 3360 seu
2249 3285 2504 3358 Albam
2542 3284 2830 3358 Nandor
2858 3284 2920 3375 2)
2977 3286 3053 3357 in
3089 3286 3347 3359 finibus
3371 3285 3432 3376 ³)

333 3409 740 3503 Hungariae
795 3412 864 3480 et
917 3407 1213 3481 Rasciae
1267 3407 1515 3495 situm,
1574 3407 1757 3497 quod
1796 3410 1903 3479 ost
1959 3406 2243 3499 quidam
2278 3408 2523 3497 portus
2580 3409 2650 3477 et
2686 3404 2958 3496 primus
3014 3406 3101 3478 ad
3122 3406 3185 3493 4)
3225 3406 3425 3478 Hun-

330 3530 601 3625 gariam
637 3528 1005 3616 introitus,
1047 3526 1408 3600 obsidione
1445 3527 1865 3615 vallaverat,
1925 3526 2492 3616 obsidionemque
2530 3524 2755 3616 ipsam
2794 3525 3023 3598 tribus
3060 3526 3201 3597 iam
3237 3547 3427 3598 men·

330 3650 532 3725 sibus
587 3648 1148 3738 continuaverat,
1215 3646 1630 3721 existimans
1684 3646 1865 3718 illud
1929 3646 2003 3717 in
2059 3644 2598 3718 similitudinem
2664 3644 2877 3717 castri
2933 3645 3309 3717 Smiderow
3340 3644 3426 3736 5),

329 3770 635 3858 viribuS,
690 3766 1098 3861 largitione,
1156 3769 1271 3841 vel
1308 3768 1723 3841 victualium
1777 3769 2051 3841 defectu
2104 3788 2311 3859 posse
2366 3766 2795 3858 conquirere,
2853 3765 3077 3838 mittit
3114 3765 3422 3839 Wladis·
3546 3877 3553 3883 ·

325 3892 489 3963 laus
543 3890 700 3963 Rex
752 3888 1048 3961 militem
1105 3890 1448 3961 Polonum
1503 3889 1792 3961 Petrum
1845 3887 2263 3961 Lancziczki
2316 3887 2399 3959 de
2452 3886 2893 3959 Lankoszino
2924 3887 3011 3976 ⁶),
3069 3886 3157 3958 ad
3192 3885 3424 3976 illum,

327 4012 736 4106 significans
791 4008 960 4082 sibi:
1019 4008 1322 4100 qualiter
1376 4009 1697 4102 Regnum
1751 4008 2156 4101 Hungariae
2212 4008 2509 4098 adeptus
2565 4011 2703 4091 est,
2764 4012 2835 4079 et
2886 4007 3285 4098 requirenS,
3343 4013 3424 4083 ut

325 4131 546 4206 castri
600 4129 713 4203 sui
768 4126 1196 4201 obsidionem
1253 4128 1514 4215 solvat,
1574 4133 1782 4220 atque
1839 4129 2160 4221 Regnum
2218 4149 2423 4199 suum
2477 4127 2883 4220 Hungariae
2938 4126 3151 4199 armis
3206 4126 3419 4219 impe-

323 4258 476 4326 tere
529 4250 857 4336 desistat,
914 4246 1466 4338 amicitiamque,
1544 4269 1748 4340 quam
1815 4248 2315 4338 praetendebat
2381 4247 2645 4335 verbiS,
2716 4248 2945 4339 operis
3002 4246 3251 4320 effectu
3306 4248 3420 4319 de-

323 4373 690 4445 monstret.
765 4369 938 4440 Eam
991 4371 1222 4441 autem
1289 4368 1708 4460 legationem
1775 4367 2215 4439 Wladislaus
2269 4368 2426 4441 Rex
2490 4368 2870 4440 Turcorum
2926 4367 3199 4440 Caesari
3266 4367 3420 4439 ideo

322 4493 552 4565 facere
606 4488 866 4576 voluit,
923 4508 1062 4559 non
1119 4487 1302 4578 quod
1356 4508 1771 4579 magnopere
1828 4493 2135 4576 curaret,
2204 4491 2326 4559 aut
2382 4486 2870 4560 extimesceret
2926 4507 3122 4559 suam
3175 4489 3417 4578 poten-

319 4610 531 4698 tiam,
591 4608 850 4703 quippe
905 4607 1027 4700 qui
1081 4612 1386 4680 castrum
1441 4608 1876 4699 praedictum
1929 4607 2254 4699 pluribus
2312 4613 2380 4679 et
2435 4606 2767 4679 animosis
2830 4606 3157 4698 gentibus
3214 4606 3418 4679 fulci-

323 4737 512 4820 tum,
589 4736 659 4803 et
721 4729 1103 4801 Iohannem
1165 4728 1653 4819 Praepositum
1722 4729 1806 4800 de
1860 4728 2122 4801 Wrano
2157 4729 2218 4815 ⁷)
2271 4749 2677 4821 germanum
2742 4724 3143 4799 Mathkonis
3209 4726 3415 4811 Bani,

318 4850 556 4925 virum
609 4848 1022 4942 prudentem
1086 4854 1156 4920 et
1218 4848 1676 4935 industrium,
1754 4848 1826 4919 in
1893 4869 1971 4919 eo
2036 4848 2384 4939 capitanei
2447 4849 2598 4921 loco
2669 4847 3061 4939 praesidere
3128 4845 3415 4934 sciebat,

535 5158 584 5237 ¹)
631 5158 1004 5235 exigentibus
1048 5154 1176 5218 Ed.
1230 5154 1411 5238 Lips.
1488 5154 1542 5227 ⁹)
1585 5154 1968 5215 Albanander
2029 5150 2183 5217 Cod.
2229 5150 2447 5217 Przcz.
2514 5155 2573 5213 N
2575 5152 2759 5215 ander
2802 5128 2997 5215 albam
3054 5150 3181 5215 Ed.
3236 5150 3416 5235 Lips.

311 5261 646 5342 (Belgrad).
709 5258 761 5339 ³)
807 5262 870 5319 in
915 5260 1238 5321 confinibus
1288 5254 1440 5321 Cod.
1471 5256 1650 5319 Kost.
1725 5254 1776 5335 ⁴)
1825 5260 1886 5317 in
1935 5252 2086 5320 Cod.
2133 5256 2309 5319 Kost.
2376 5254 2427 5337 ⁶)
2474 5257 2800 5318 Simdcrow
2848 5251 3000 5318 Cod.
3047 5254 3224 5318 Kost.
3274 5256 3417 5316 8νὶ-

311 5366 516 5427 derow
558 5360 686 5425 Ed.
741 5361 920 5446 Lips.
992 5362 1362 5441 (Semendria
1419 5359 1548 5423 sive
1593 5361 2007 5441 Smederewo).
2078 5357 2130 5441 ⁶)
2178 5362 2528 5455 Knokosino
2592 5355 2744 5423 Cod.
2792 5356 3008 5423 Przez.
3075 5360 3418 5421 Lankesino

309 5465 442 5531 Ed.
495 5464 674 5550 Lips.
726 5464 776 5547 ⁷)
821 5468 1043 5527 Wrono
1092 5461 1244 5528 Cod.
1294 5462 1469 5527 Kost.
1517 5462 1826 5543 (Aurana).
