4342 6384
423 575 556 677 (Α.
597 578 688 655 D.
729 576 980 679 1422.)
1589 604 1817 659 amns
1867 604 2326 661 truncemus,
3364 586 3507 661 291

419 783 722 857 humano
774 786 1184 879 purgamine
1239 786 1312 861 in
1365 788 1604 861 hostes
1659 787 1948 875 emissa,
2014 792 2291 863 tantum
2342 787 2647 861 obsessis
2702 789 3037 861 foetorem
3088 786 3393 861 attulere
3428 788 3511 876 ¹),

417 907 502 975 ut
547 903 870 977 omnibus
925 905 1166 979 dentes
1220 905 1466 981 infecti
1519 911 1642 979 aut
1689 906 2115 995 deciderent,
2171 910 2296 979 aut
2332 912 2683 981 nutarent.
2740 906 3243 981 'toleraverunt
3278 910 3515 981 tamen

417 1021 584 1094 forti
621 1022 884 1113 animo,
923 1029 992 1099 et
1029 1024 1104 1099 in
1141 1026 1440 1101 hiemem
1483 1046 1709 1117 usque
1753 1030 2158 1119 protraxere
2194 1028 2577 1112 certamen,
2614 1028 2897 1115 accepto
2934 1025 3114 1099 clam
3153 1044 3241 1099 ex
3278 1025 3511 1117 Praga

417 1139 954 1231 medicamento,
1013 1164 1149 1236 quo
1204 1146 1448 1219 dentes
1503 1145 1848 1219 contineri
1899 1149 2220 1236 possent,
2274 1143 2494 1217 donec
2546 1142 2949 1217 Fridericus
3000 1143 3233 1219 senior
3286 1144 3509 1221 Bran-

419 1260 878 1352 deburgensis
949 1264 1256 1338 Marchio
1273 1320 1292 1353 ‚
1367 1264 1622 1349 infesto
1695 1266 1972 1357 agmine
2043 1264 2451 1339 Bohemiam
2502 1264 2897 1357 ingressae,
2968 1265 3176 1357 longe
3228 1265 3506 1357 lateque

412 1380 712 1469 praedas
763 1401 978 1474 agens
998 1438 1016 1471 ,
1071 1384 1460 1477 Pragenses
1513 1384 1600 1457 ab
1655 1384 2014 1458 obsidione
2065 1384 2419 1459 discedere
2472 1382 2837 1475 compulit.

412 1728 638 1803 rotoni
681 1734 944 1821 propter
987 1733 1399 1823 particulam,
1443 1750 1634 1823 quam
1675 1734 1980 1805 fretheni
2033 1733 2263 1805 stando
2315 1732 2702 1823 sigismundi
2755 1732 2951 1823 nogia
2994 1732 3264 1822 cupiunt
3308 1731 3509 1804 insert

825 1880 828 1883 ·
933 1850 1243 1923 romulae
1285 1852 1597 1939 romeus,
1635 1853 1872 1925 foedus
1913 1870 2055 1924 cun
2099 1852 2439 1925 cruciferis
2482 1852 2647 1924 inire
2690 1854 2994 1925 renuunt„

621 2095 731 2167 Ex
785 2096 1122 2169 Brzescze
1149 2093 1212 2185 2)
1267 2096 1706 2171 Wladislaus
1767 2097 2104 2169 Poloniae
2167 2098 2327 2170 Rex
2388 2096 2787 2184 discedens,
2862 2094 3507 2169 Iuniwladislaviae

413 2212 672 2283 festum
723 2214 1174 2287 Pentecostes
1229 2214 1405 2307 egit:
1463 2214 1587 2287 ubi
1642 2216 1992 2307 frequenti
2045 2216 2530 2288 Praelatorum
2584 2220 2657 2288 et
2708 2216 3047 2287 baronum
3094 2234 3381 2287 numero
3419 2214 3509 2287 ad

411 2328 620 2403 illum
673 2333 1095 2420 confluente,
1155 2332 1482 2424 quoniam
1536 2339 1825 2426 treugae
1877 2355 2035 2407 cum
2090 2334 2465 2409 cruciferis
2520 2334 2935 2426 inscriptae,
2992 2334 3067 2407 in
3114 2334 3293 2407 festo
3331 2333 3505 2405 San·

411 2452 568 2521 ctae
623 2450 1108 2542 Margarethae
1162 2452 1616 2542 subsequenti
1654 2451 2098 2543 expirabant,
2155 2452 2552 2525 consulitur
2585 2452 2766 2543 Regi
2802 2456 3087 2543 treugas
3132 2451 3509 2525 ulteriores

409 2571 494 2638 ut
545 2573 872 2661 proroget
927 2574 997 2643 et
1049 2576 1387 2643 assumat.
1445 2570 1802 2643 Antonius
1854 2570 2094 2662 itaque
2145 2572 2331 2645 Zeno
2383 2570 2815 2662 apostolicus
2866 2570 2939 2643 N
2940 2569 3217 2657 untiuS‚
3272 2567 3507 2661 quiet

409 2684 566 2775 ipse
621 2687 708 2759 ad
762 2688 1026 2779 Regem
1090 2709 1178 2761 ex
1242 2688 1572 2763 cracovia
1635 2688 1954 2777 veniens,
2021 2688 2481 2767 ineundamm
2544 2692 2951 2779 treugarum
3014 2688 3270 2759 author
3328 2690 3506 2776 erat,

410 2805 662 2878 scribit
716 2805 1087 2881 cruciferis
1103 2862 1122 2895 ,
1179 2807 1532 2898 suscipere
1585 2811 1871 2900 treugas
1916 2807 2343 2899 persuadens
2372 2805 2463 2896 ³),
2516 2827 2809 2897 quorum
2844 2810 2928 2879 ut
2964 2805 3241 2879 facilior
3274 2806 3505 2879 firma·

409 2924 512 2998 tio
564 2925 998 3015 proveniret,
1055 2930 1324 3017 partem
1377 2930 1746 3017 utramque
1799 2926 1876 2998 in
1928 2924 2261 3018 oppidum
2316 2924 2605 3017 Solyecz
2634 2925 2723 3014 ⁴),
2782 2926 2869 2997 ad
2904 2924 3383 3018 placitandum
3420 2924 3507 2999 de

409 3043 714 3136 treugis,
775 3050 1184 3137 comportat.
1244 3045 1394 3136 Quo
1445 3065 1604 3119 cum
1659 3044 1936 3117 nomine
1991 3044 2209 3136 Regis
2263 3043 2562 3117 Iacobus
2610 3043 3015 3119 Ploczensis
3052 3046 3122 3116 et
3157 3043 3507 3117 Iohannes

407 3163 618 3235 Pella
669 3162 1326 3251 wladislaviensis,
1383 3163 1723 3255 episcopi,
1783 3162 2131 3255 Sbigneus
2187 3162 2272 3235 de
2326 3161 2785 3237 Oleschnicza
2834 3161 3293 3253 Praepositus
3330 3160 3503 3235 Sau-

409 3282 514 3353 cti
566 3281 920 3369 Floriani,
977 3282 1282 3355 Mathias
1325 3282 1412 3355 de
1447 3281 1830 3355 Labischin
1883 3280 2326 3354 Brzestensis
2380 3286 2453 3354 et
2502 3281 2875 3355 Ianussius
2912 3281 2998 3355 de
3034 3280 3505 3372 Kosczyelecz

408 3399 1064 3488 wladislaviensis,
1119 3400 1453 3492 palatini;
1519 3400 1796 3472 nomine
1851 3418 2014 3471 vero
2069 3399 2395 3491 Magistri
2458 3403 2530 3471 et
2583 3398 2865 3472 Ordinis
2882 3454 2899 3487 ,
2963 3400 3313 3473 Iohannes
3366 3398 3502 3471 Ob·

407 3532 614 3609 czyer
643 3517 706 3605 5)
761 3519 1130 3611 episcopus
1169 3518 1630 3606 Varmiensis,
1671 3518 1958 3591 Ulricus
1995 3516 2303 3609 czanger
2335 3517 2400 3607 ⁶)
2454 3518 2873 3605 Marsalcus,
2928 3516 3269 3589 Nicolaus
3306 3516 3501 3589 com-

407 3639 776 3711 mendator
836 3637 1244 3729 primarius,
1319 3636 1720 3709 Ludovicus
1783 3635 2291 3724 Thomnensis,
2364 3635 2999 3723 CommendatoreS,
3080 3633 3504 3709 Franciscus

409 3756 674 3828 Doctor
737 3757 1222 3843 Decretorum,
1299 3756 1714 3831 secretarius
1777 3753 2131 3846 Magistri,
2212 3754 2381 3827 item
2444 3754 2716 3845 aliquot
2778 3754 3125 3827 militares
3192 3757 3262 3827 et
3314 3752 3503 3827 cives

409 3874 937 3962 convenissent,
995 3874 1302 3947 Antonio
1357 3876 1538 3948 Zeno
1593 3872 1976 3965 apostolico
2029 3871 2303 3945 Nuntio
2356 3878 2427 3946 et
2482 3872 2883 3946 solicitante
2919 3876 2991 3945 et
3026 3875 3264 3963 partes
3312 3891 3499 3943 com-

409 3997 737 4065 monente
793 3993 881 4066 ad
932 4014 1204 4084 pacem,
1261 3998 1508 4085 treuga
1562 4014 1604 4065 a
1655 3997 1852 4083 parte
1905 3996 2202 4083 utraque
2240 3996 2566 4082 suscepta
2602 3995 2734 4063 est.
2790 3991 3099 4082 cumque
3136 4011 3260 4083 pro
3298 3988 3500 4061 illius

406 4112 656 4185 robore
727 4111 1043 4185 minutae
1103 4117 1474 4201 conceptae
1540 4117 1610 4183 et
1663 4132 1704 4183 a
1757 4110 2076 4201 partibus
2139 4110 2465 4182 laudatae
2532 4111 2789 4196 forent,
2866 4108 3201 4183 cruciferi
3263 4108 3502 4179 dolum

399 4251 442 4300 a
496 4228 951 4320 sigismundo
1005 4230 1475 4303 Romanorum
1530 4230 1720 4321 Rege
1771 4228 2074 4302 inserere
2126 4233 2409 4320 treugae
2462 4226 2690 4301 edocti
2743 4232 2813 4301 et
2866 4227 3077 4315 iussi,
3158 4247 3299 4299 non
3355 4246 3499 4297 atn-

401 4348 598 4439 plius
653 4349 973 4421 valentes
1027 4348 1410 4435 continere,
1469 4346 1986 4421 conditionibus
2042 4351 2443 4439 treugarum
2496 4367 2647 4419 eam
2702 4346 3092 4419 clausulam
3148 4348 3503 4436 expetunt

405 4466 701 4557 apponi,
769 4471 850 4537 ut
909 4466 1210 4539 firmatio
1275 4470 1676 4559 treugarum
1739 4487 2024 4559 prorsus
2088 4469 2487 4539 censeretur
2549 4464 2893 4551 invalida,
2973 4464 3037 4535 si
3112 4462 3499 4554 apostolico

407 4585 772 4672 mandato,
849 4590 974 4657 aut
1035 4584 1413 4675 imperiali,
1481 4586 1568 4657 ad
1631 4584 2102 4676 abrogandum
2167 4584 2367 4655 illam
2433 4582 2769 4657 Cruciferi
2833 4584 3302 4668 arctarentur,
3358 4600 3500 4651 non

407 4722 612 4777 secus
667 4724 878 4794 quam
934 4724 1060 4795 per
1111 4702 1473 4794 religionis
1529 4702 1826 4793 speciem
1881 4702 2349 4774 machinatam
2403 4700 2713 4773 fraudem
2730 4756 2747 4787 ,
2804 4721 2943 4790 quo
3000 4698 3279 4771 facilius
3332 4696 3496 4770 irri-

403 4828 558 4895 tum
613 4824 812 4895 fieret
867 4822 1142 4908 foedus,
1209 4820 1527 4893 celaturi.
1593 4820 1798 4893 Nihil
1851 4824 2086 4893 autem
2137 4819 2215 4891 in
2270 4819 2570 4910 speciem
2624 4839 2844 4909 prava
2894 4816 3235 4909 religione
3286 4816 3494 4887 falla-

291 5012 294 5017 .
405 4940 561 5013 cius
595 4940 684 5027 ⁷).
743 4940 966 5011 Erant
1019 4940 1160 5011 iam
1214 4939 1525 5013 Praelati
1579 4943 1651 5010 et
1695 4940 1988 5011 barones
2041 4937 2376 5010 Poloniae
2412 4937 2673 5009 dudum
2710 4940 2874 5009 ante
2909 4934 3054 5007 doli
3086 4932 3494 5007 huiusmodi

621 5226 668 5307 ¹)
713 5226 968 5287 intulere
1029 5220 1182 5287 Ood.
1243 5222 1435 5286 Rozr.
1499 5220 1550 5302 Ψ)
1596 5224 1872 5284 Brzescie
1933 5218 2083 5285 Cod.
2145 5220 2323 5285 Kost.
2388 5220 2444 5300 a)
2490 5222 2857 5299 persuadens
2919 5222 3038 5281 illis
3104 5216 3259 5283 Cod.
3306 5214 3499 5281 Rozr.

406 5328 458 5409 ⁴)
505 5332 714 5391 Solccz
764 5324 917 5391 Cod.
963 5326 1156 5390 Roma
1205 5324 1256 5403 ⁵)
1307 5326 1558 5403 Opczicr
1603 5321 1754 5387 Ood.
1799 5323 1976 5387 Kost.
2023 5324 2343 5404 (Abezier).
2406 5322 2459 5403 ⁶)
2505 5325 2815 5398 czangyer
2878 5319 3029 5384 ced.
3085 5318 3279 5384 Rozr.
3328 5322 3500 5400 (Zen-

403 5432 555 5512 gcr).
605 5429 658 5511 7)
701 5432 989 5491 fallatum.
1033 5428 1162 5491 Ed.
1206 5426 1389 5511 Lips.
