<?xml version="1.0" encoding="UTF-8"?>
<!DOCTYPE html PUBLIC "-//W3C//DTD XHTML 1.0 Transitional//EN"
    "http://www.w3.org/TR/xhtml1/DTD/xhtml1-transitional.dtd">
<html xmlns="http://www.w3.org/1999/xhtml" xml:lang="en" lang="en">
 <head>
  <title>
</title>
<meta http-equiv="Content-Type" content="text/html;charset=utf-8" />
  <meta name='ocr-system' content='tesseract 3.04.00' />
  <meta name='ocr-capabilities' content='ocr_page ocr_carea ocr_par ocr_line ocrx_word'/>
</head>
<body>
  <div class='ocr_page' id='page_1' title='image "./dzieawszystkie00unkngoog_0552.png"; bbox 0 0 4342 6384; ppageno 0'>
   <div class='ocr_carea' id='block_1_1' title="bbox 335 560 3409 673">
    <p class='ocr_par' dir='ltr' id='par_1_1' title="bbox 335 560 3409 673">
     <span class='ocr_line' id='line_1_1' title="bbox 335 560 3409 673; baseline -0.004 -26"><span class='ocrx_word' id='word_1_1' title='bbox 335 564 458 673; x_wconf 80' lang='grc' dir='ltr'><strong>(Α.</strong></span> <span class='ocrx_word' id='word_1_2' title='bbox 494 571 587 648; x_wconf 87' lang='lat' dir='ltr'><strong>D.</strong></span> <span class='ocrx_word' id='word_1_3' title='bbox 628 560 884 670; x_wconf 71' lang='grc'>1434.)</span> <span class='ocrx_word' id='word_1_4' title='bbox 1511 590 1742 645; x_wconf 72' lang='lat' dir='ltr'><strong>ma</strong></span> <span class='ocrx_word' id='word_1_5' title='bbox 1791 589 2253 646; x_wconf 64' lang='lat' dir='ltr'><strong>annuemus.</strong></span> <span class='ocrx_word' id='word_1_6' title='bbox 3266 562 3409 636; x_wconf 72' lang='lat' dir='ltr'><strong>5ss</strong></span> 
     </span>
    </p>
   </div>
   <div class='ocr_carea' id='block_1_2' title="bbox 293 772 3419 4825">
    <p class='ocr_par' dir='ltr' id='par_1_2' title="bbox 293 772 3419 4825">
     <span class='ocr_line' id='line_1_2' title="bbox 331 772 3413 880; baseline -0.003 -27"><span class='ocrx_word' id='word_1_7' title='bbox 331 779 682 853; x_wconf 86' lang='lat' dir='ltr'><strong>convenire</strong></span> <span class='ocrx_word' id='word_1_8' title='bbox 737 799 851 852; x_wconf 91' lang='lat' dir='ltr'><strong>eos</strong></span> <span class='ocrx_word' id='word_1_9' title='bbox 914 776 1002 849; x_wconf 91' lang='lat' dir='ltr'><strong>ad</strong></span> <span class='ocrx_word' id='word_1_10' title='bbox 1066 797 1140 849; x_wconf 88' lang='lat' dir='ltr'><strong>se</strong></span> <span class='ocrx_word' id='word_1_11' title='bbox 1210 776 1286 850; x_wconf 92' lang='lat' dir='ltr'><strong>in</strong></span> <span class='ocrx_word' id='word_1_12' title='bbox 1351 776 1617 850; x_wconf 89' lang='lat' dir='ltr'><strong>curiam</strong></span> <span class='ocrx_word' id='word_1_13' title='bbox 1681 778 2147 869; x_wconf 90' lang='lat' dir='ltr'><strong>episcopalem</strong></span> <span class='ocrx_word' id='word_1_14' title='bbox 2216 774 2486 880; x_wconf 86' lang='lat' dir='ltr'><strong>obtinet</strong></span> <span class='ocrx_word' id='word_1_15' title='bbox 2552 778 2623 847; x_wconf 90' lang='lat' dir='ltr'><strong>et</strong></span> <span class='ocrx_word' id='word_1_16' title='bbox 2676 772 2972 848; x_wconf 77' lang='lat' dir='ltr'><strong>inducit.</strong></span> <span class='ocrx_word' id='word_1_17' title='bbox 3051 773 3199 864; x_wconf 77' lang='lat' dir='ltr'><strong>Quo</strong></span> <span class='ocrx_word' id='word_1_18' title='bbox 3255 792 3413 845; x_wconf 89' lang='lat' dir='ltr'><strong>cum</strong></span> 
     </span>
     <span class='ocr_line' id='line_1_3' title="bbox 333 892 3411 989; baseline -0.003 -18"><span class='ocrx_word' id='word_1_19' title='bbox 333 902 643 989; x_wconf 76' lang='lat' dir='ltr'><strong>frequens</strong></span> <span class='ocrx_word' id='word_1_20' title='bbox 698 914 934 971; x_wconf 80' lang='lat' dir='ltr'><strong>eorum</strong></span> <span class='ocrx_word' id='word_1_21' title='bbox 987 914 1322 969; x_wconf 79' lang='lat' dir='ltr'><strong>numerus</strong></span> <span class='ocrx_word' id='word_1_22' title='bbox 1376 897 1850 985; x_wconf 81' lang='lat' dir='ltr'><strong>convenisset,</strong></span> <span class='ocrx_word' id='word_1_23' title='bbox 1905 904 1976 970; x_wconf 83' lang='lat' dir='ltr'><strong>et</strong></span> <span class='ocrx_word' id='word_1_24' title='bbox 2029 917 2269 969; x_wconf 86' lang='lat' dir='ltr'><strong>omnes</strong></span> <span class='ocrx_word' id='word_1_25' title='bbox 2324 916 2463 967; x_wconf 80' lang='lat' dir='ltr'><strong>uno</strong></span> <span class='ocrx_word' id='word_1_26' title='bbox 2516 893 2975 968; x_wconf 82' lang='lat' dir='ltr'><strong>consiliorum</strong></span> <span class='ocrx_word' id='word_1_27' title='bbox 3036 897 3111 967; x_wconf 79' lang='lat' dir='ltr'><strong>et</strong></span> <span class='ocrx_word' id='word_1_28' title='bbox 3161 892 3411 964; x_wconf 83' lang='lat' dir='ltr'><strong>volun·</strong></span> 
     </span>
     <span class='ocr_line' id='line_1_4' title="bbox 332 1014 3413 1110; baseline -0.002 -19"><span class='ocrx_word' id='word_1_29' title='bbox 332 1022 545 1093; x_wconf 89' lang='lat' dir='ltr'><strong>tatum</strong></span> <span class='ocrx_word' id='word_1_30' title='bbox 605 1023 877 1106; x_wconf 90' lang='lat' dir='ltr'><strong>tenore,</strong></span> <span class='ocrx_word' id='word_1_31' title='bbox 935 1017 1118 1089; x_wconf 86' lang='lat' dir='ltr'><strong>male</strong></span> <span class='ocrx_word' id='word_1_32' title='bbox 1173 1016 1496 1110; x_wconf 80' lang='lat' dir='ltr'>Regnum</span> <span class='ocrx_word' id='word_1_33' title='bbox 1551 1022 1626 1091; x_wconf 90' lang='lat' dir='ltr'><strong>et</strong></span> <span class='ocrx_word' id='word_1_34' title='bbox 1675 1036 1820 1090; x_wconf 83' lang='lat' dir='ltr'><strong>rem</strong></span> <span class='ocrx_word' id='word_1_35' title='bbox 1857 1018 2212 1109; x_wconf 85' lang='lat' dir='ltr'><strong>publicam</strong></span> <span class='ocrx_word' id='word_1_36' title='bbox 2266 1037 2395 1109; x_wconf 90' lang='lat' dir='ltr'><strong>per</strong></span> <span class='ocrx_word' id='word_1_37' title='bbox 2446 1032 2739 1109; x_wconf 84' lang='lat' dir='ltr'><strong>puerum</strong></span> <span class='ocrx_word' id='word_1_38' title='bbox 2794 1014 2869 1088; x_wconf 93' lang='lat' dir='ltr'><strong>in</strong></span> <span class='ocrx_word' id='word_1_39' title='bbox 2905 1014 3167 1107; x_wconf 81' lang='lat' dir='ltr'><strong>Regem</strong></span> <span class='ocrx_word' id='word_1_40' title='bbox 3223 1033 3413 1086; x_wconf 90' lang='lat' dir='ltr'><strong>coro·</strong></span> 
     </span>
     <span class='ocr_line' id='line_1_5' title="bbox 332 1134 3414 1229; baseline -0.002 -18"><span class='ocrx_word' id='word_1_41' title='bbox 332 1139 626 1211; x_wconf 86' lang='lat' dir='ltr'><strong>nandum</strong></span> <span class='ocrx_word' id='word_1_42' title='bbox 681 1138 862 1229; x_wconf 88' lang='lat' dir='ltr'><strong>regi,</strong></span> <span class='ocrx_word' id='word_1_43' title='bbox 920 1138 1576 1229; x_wconf 77' lang='lat' dir='ltr'><strong>conclusionemque</strong></span> <span class='ocrx_word' id='word_1_44' title='bbox 1630 1138 1714 1210; x_wconf 91' lang='lat' dir='ltr'><strong>de</strong></span> <span class='ocrx_word' id='word_1_45' title='bbox 1771 1159 1848 1211; x_wconf 91' lang='lat' dir='ltr'><strong>eo</strong></span> <span class='ocrx_word' id='word_1_46' title='bbox 1905 1137 2292 1211; x_wconf 86' lang='lat' dir='ltr'><strong>coronando</strong></span> <span class='ocrx_word' id='word_1_47' title='bbox 2347 1134 2871 1210; x_wconf 88' lang='lat' dir='ltr'><strong>rescindendam</strong></span> <span class='ocrx_word' id='word_1_48' title='bbox 2944 1134 3414 1220; x_wconf 75' lang='lat' dir='ltr'><strong>decernerent,</strong></span> 
     </span>
     <span class='ocr_line' id='line_1_6' title="bbox 330 1253 3414 1351; baseline -0.002 -20"><span class='ocrx_word' id='word_1_49' title='bbox 330 1258 756 1351; x_wconf 77' lang='lat' dir='ltr'><strong>prepositum</strong></span> <span class='ocrx_word' id='word_1_50' title='bbox 813 1278 1050 1331; x_wconf 88' lang='lat' dir='ltr'><strong>eorum</strong></span> <span class='ocrx_word' id='word_1_51' title='bbox 1105 1257 1532 1331; x_wconf 79' lang='lat' dir='ltr'><strong>Goworkone</strong></span> <span class='ocrx_word' id='word_1_52' title='bbox 1585 1258 1674 1330; x_wconf 84' lang='lat' dir='ltr'><strong>de</strong></span> <span class='ocrx_word' id='word_1_53' title='bbox 1709 1258 2162 1345; x_wconf 79' lang='lat' dir='ltr'><strong>Chrobrzani,</strong></span> <span class='ocrx_word' id='word_1_54' title='bbox 2221 1259 2306 1331; x_wconf 89' lang='lat' dir='ltr'><strong>de</strong></span> <span class='ocrx_word' id='word_1_55' title='bbox 2360 1256 2629 1331; x_wconf 86' lang='lat' dir='ltr'><strong>familia</strong></span> <span class='ocrx_word' id='word_1_56' title='bbox 2680 1256 2926 1344; x_wconf 74' lang='lat' dir='ltr'><strong>Bawa,</strong></span> <span class='ocrx_word' id='word_1_57' title='bbox 2982 1253 3261 1327; x_wconf 82' lang='lat' dir='ltr'><strong>homine</strong></span> <span class='ocrx_word' id='word_1_58' title='bbox 3297 1273 3414 1325; x_wconf 73' lang='lat' dir='ltr'><strong>ve-</strong></span> 
     </span>
     <span class='ocr_line' id='line_1_7' title="bbox 330 1371 3414 1469; baseline -0.002 -18"><span class='ocrx_word' id='word_1_59' title='bbox 330 1384 556 1451; x_wconf 87' lang='lat' dir='ltr'><strong>terano</strong></span> <span class='ocrx_word' id='word_1_60' title='bbox 612 1378 1048 1451; x_wconf 71' lang='lat' dir='ltr'><strong>confortante</strong></span> <span class='ocrx_word' id='word_1_61' title='bbox 1113 1380 1184 1449; x_wconf 90' lang='lat' dir='ltr'><strong>et</strong></span> <span class='ocrx_word' id='word_1_62' title='bbox 1236 1383 1436 1469; x_wconf 83' lang='lat' dir='ltr'><strong>gesta</strong></span> <span class='ocrx_word' id='word_1_63' title='bbox 1509 1384 1668 1469; x_wconf 89' lang='lat' dir='ltr'><strong>post</strong></span> <span class='ocrx_word' id='word_1_64' title='bbox 1736 1382 2028 1451; x_wconf 90' lang='lat' dir='ltr'><strong>mortem</strong></span> <span class='ocrx_word' id='word_1_65' title='bbox 2083 1377 2432 1451; x_wconf 81' lang='lat' dir='ltr'><strong>Kazimiri</strong></span> <span class='ocrx_word' id='word_1_66' title='bbox 2486 1375 2729 1469; x_wconf 86' lang='lat' dir='ltr'><strong>Regis,</strong></span> <span class='ocrx_word' id='word_1_67' title='bbox 2786 1392 2965 1467; x_wconf 81' lang='lat' dir='ltr'><strong>quae</strong></span> <span class='ocrx_word' id='word_1_68' title='bbox 3018 1371 3414 1465; x_wconf 76' lang='lat' dir='ltr'><strong>ambiguam</strong></span> 
     </span>
     <span class='ocr_line' id='line_1_8' title="bbox 331 1495 3418 1591; baseline -0.002 -20"><span class='ocrx_word' id='word_1_69' title='bbox 331 1498 526 1571; x_wconf 84' lang='lat' dir='ltr'><strong>fidem</strong></span> <span class='ocrx_word' id='word_1_70' title='bbox 585 1498 964 1584; x_wconf 75' lang='lat' dir='ltr'><strong>faciebant,</strong></span> <span class='ocrx_word' id='word_1_71' title='bbox 1019 1495 1390 1585; x_wconf 80' lang='lat' dir='ltr'><strong>referente,</strong></span> <span class='ocrx_word' id='word_1_72' title='bbox 1433 1498 1784 1591; x_wconf 86' lang='lat' dir='ltr'><strong>Sbigneus</strong></span> <span class='ocrx_word' id='word_1_73' title='bbox 1823 1497 2227 1589; x_wconf 77' lang='lat' dir='ltr'><strong>episcopuS,</strong></span> <span class='ocrx_word' id='word_1_74' title='bbox 2284 1496 2484 1589; x_wconf 87' lang='lat' dir='ltr'><strong>copia</strong></span> <span class='ocrx_word' id='word_1_75' title='bbox 2520 1495 2849 1589; x_wconf 87' lang='lat' dir='ltr'><strong>loquendi</strong></span> <span class='ocrx_word' id='word_1_76' title='bbox 2887 1496 3105 1583; x_wconf 74' lang='lat' dir='ltr'><strong>facta,</strong></span> <span class='ocrx_word' id='word_1_77' title='bbox 3145 1510 3418 1566; x_wconf 81' lang='lat' dir='ltr'><strong>omnem</strong></span> 
     </span>
     <span class='ocr_line' id='line_1_9' title="bbox 329 1614 3417 1710; baseline -0.001 -21"><span class='ocrx_word' id='word_1_78' title='bbox 329 1617 734 1689; x_wconf 73' lang='lat' dir='ltr'><strong>discordiam</strong></span> <span class='ocrx_word' id='word_1_79' title='bbox 791 1621 861 1690; x_wconf 90' lang='lat' dir='ltr'><strong>et</strong></span> <span class='ocrx_word' id='word_1_80' title='bbox 916 1615 1334 1689; x_wconf 83' lang='lat' dir='ltr'><strong>divisionem</strong></span> <span class='ocrx_word' id='word_1_81' title='bbox 1389 1618 1650 1710; x_wconf 83' lang='lat' dir='ltr'><strong>Regni,</strong></span> <span class='ocrx_word' id='word_1_82' title='bbox 1709 1620 1908 1692; x_wconf 83' lang='lat' dir='ltr'><strong>velut</strong></span> <span class='ocrx_word' id='word_1_83' title='bbox 1961 1617 2455 1709; x_wconf 84' lang='lat' dir='ltr'><strong>perniciosam,</strong></span> <span class='ocrx_word' id='word_1_84' title='bbox 2513 1616 2741 1709; x_wconf 88' lang='lat' dir='ltr'><strong>capite</strong></span> <span class='ocrx_word' id='word_1_85' title='bbox 2790 1636 2931 1688; x_wconf 90' lang='lat' dir='ltr'><strong>non</strong></span> <span class='ocrx_word' id='word_1_86' title='bbox 2968 1618 3289 1702; x_wconf 77' lang='lat' dir='ltr'><strong>extante3</strong></span> <span class='ocrx_word' id='word_1_87' title='bbox 3327 1614 3417 1687; x_wconf 88' lang='lat' dir='ltr'><strong>ad</strong></span> 
     </span>
     <span class='ocr_line' id='line_1_10' title="bbox 331 1734 3415 1828; baseline -0.001 -18"><span class='ocrx_word' id='word_1_88' title='bbox 331 1736 894 1828; x_wconf 80' lang='lat' dir='ltr'><strong>concordiamque</strong></span> <span class='ocrx_word' id='word_1_89' title='bbox 947 1740 1020 1808; x_wconf 88' lang='lat' dir='ltr'><strong>et</strong></span> <span class='ocrx_word' id='word_1_90' title='bbox 1057 1756 1296 1827; x_wconf 81' lang='lat' dir='ltr'><strong>pacem</strong></span> <span class='ocrx_word' id='word_1_91' title='bbox 1335 1738 1604 1809; x_wconf 86' lang='lat' dir='ltr'><strong>animos</strong></span> <span class='ocrx_word' id='word_1_92' title='bbox 1657 1736 2147 1824; x_wconf 72' lang='lat' dir='ltr'><strong>innectendos,</strong></span> <span class='ocrx_word' id='word_1_93' title='bbox 2189 1736 2819 1827; x_wconf 85' lang='lat' dir='ltr'><strong>abstinendumque</strong></span> <span class='ocrx_word' id='word_1_94' title='bbox 2857 1737 2913 1823; x_wconf 80' lang='lat'><strong>¹)</strong></span> <span class='ocrx_word' id='word_1_95' title='bbox 2967 1735 3053 1807; x_wconf 87' lang='lat' dir='ltr'><strong>ab</strong></span> <span class='ocrx_word' id='word_1_96' title='bbox 3092 1734 3415 1807; x_wconf 83' lang='lat' dir='ltr'><strong>omnibus</strong></span> 
     </span>
     <span class='ocr_line' id='line_1_11' title="bbox 323 1854 3417 1947; baseline -0.001 -18"><span class='ocrx_word' id='word_1_97' title='bbox 323 1856 891 1929; x_wconf 80' lang='lat' dir='ltr'><strong>conventionibus</strong></span> <span class='ocrx_word' id='word_1_98' title='bbox 957 1861 1026 1928; x_wconf 88' lang='lat' dir='ltr'><strong>et</strong></span> <span class='ocrx_word' id='word_1_99' title='bbox 1091 1854 1762 1947; x_wconf 88' lang='lat' dir='ltr'><strong>conspirationibus,</strong></span> <span class='ocrx_word' id='word_1_100' title='bbox 1839 1877 2018 1947; x_wconf 87' lang='lat' dir='ltr'><strong>quas</strong></span> <span class='ocrx_word' id='word_1_101' title='bbox 2091 1861 2606 1928; x_wconf 77' lang='lat' dir='ltr'><strong>monstruosam</strong></span> <span class='ocrx_word' id='word_1_102' title='bbox 2678 1862 2753 1929; x_wconf 82' lang='lat' dir='ltr'><strong>et</strong></span> <span class='ocrx_word' id='word_1_103' title='bbox 2820 1856 3197 1928; x_wconf 82' lang='lat' dir='ltr'><strong>deformem</strong></span> <span class='ocrx_word' id='word_1_104' title='bbox 3268 1874 3417 1927; x_wconf 88' lang='lat' dir='ltr'><strong>rem</strong></span> 
     </span>
     <span class='ocr_line' id='line_1_12' title="bbox 323 1974 3416 2068; baseline -0.001 -20"><span class='ocrx_word' id='word_1_105' title='bbox 323 1976 666 2068; x_wconf 84' lang='lat' dir='ltr'><strong>publicam</strong></span> <span class='ocrx_word' id='word_1_106' title='bbox 723 1977 993 2049; x_wconf 83' lang='lat' dir='ltr'><strong>efficere</strong></span> <span class='ocrx_word' id='word_1_107' title='bbox 1047 1980 1368 2067; x_wconf 85' lang='lat' dir='ltr'><strong>possent,</strong></span> <span class='ocrx_word' id='word_1_108' title='bbox 1423 1976 1748 2067; x_wconf 83' lang='lat' dir='ltr'><strong>pluribus</strong></span> <span class='ocrx_word' id='word_1_109' title='bbox 1786 1976 2054 2064; x_wconf 85' lang='lat' dir='ltr'><strong>verbis,</strong></span> <span class='ocrx_word' id='word_1_110' title='bbox 2111 1976 2456 2068; x_wconf 86' lang='lat' dir='ltr'><strong>exemplis</strong></span> <span class='ocrx_word' id='word_1_111' title='bbox 2492 1976 2893 2049; x_wconf 84' lang='lat' dir='ltr'><strong>recentibus</strong></span> <span class='ocrx_word' id='word_1_112' title='bbox 2949 1978 3020 2047; x_wconf 89' lang='lat' dir='ltr'><strong>et</strong></span> <span class='ocrx_word' id='word_1_113' title='bbox 3057 1974 3416 2047; x_wconf 84' lang='lat' dir='ltr'><strong>veteribus</strong></span> 
     </span>
     <span class='ocr_line' id='line_1_13' title="bbox 322 2094 3417 2188; baseline -0.001 -18"><span class='ocrx_word' id='word_1_114' title='bbox 322 2096 614 2170; x_wconf 83' lang='lat' dir='ltr'><strong>edocuit.</strong></span> <span class='ocrx_word' id='word_1_115' title='bbox 671 2095 739 2168; x_wconf 87' lang='lat' dir='ltr'>N</span> <span class='ocrx_word' id='word_1_116' title='bbox 743 2116 819 2167; x_wconf 88' lang='lat' dir='ltr'><strong>ec</strong></span> <span class='ocrx_word' id='word_1_117' title='bbox 875 2116 1026 2169; x_wconf 84' lang='lat' dir='ltr'><strong>esse</strong></span> <span class='ocrx_word' id='word_1_118' title='bbox 1080 2095 1276 2167; x_wconf 83' lang='lat' dir='ltr'><strong>aliud</strong></span> <span class='ocrx_word' id='word_1_119' title='bbox 1329 2106 1644 2188; x_wconf 87' lang='lat' dir='ltr'><strong>tempus,</strong></span> <span class='ocrx_word' id='word_1_120' title='bbox 1699 2096 1841 2169; x_wconf 88' lang='lat' dir='ltr'><strong>nisi</strong></span> <span class='ocrx_word' id='word_1_121' title='bbox 1894 2096 2108 2184; x_wconf 87' lang='lat' dir='ltr'><strong>illud,</strong></span> <span class='ocrx_word' id='word_1_122' title='bbox 2164 2095 2531 2184; x_wconf 81' lang='lat' dir='ltr'><strong>disseruit,</strong></span> <span class='ocrx_word' id='word_1_123' title='bbox 2590 2095 2773 2186; x_wconf 90' lang='lat' dir='ltr'><strong>quod</strong></span> <span class='ocrx_word' id='word_1_124' title='bbox 2828 2095 2919 2166; x_wconf 91' lang='lat' dir='ltr'><strong>ad</strong></span> <span class='ocrx_word' id='word_1_125' title='bbox 2955 2095 3259 2168; x_wconf 88' lang='lat' dir='ltr'><strong>salutem</strong></span> <span class='ocrx_word' id='word_1_126' title='bbox 3299 2094 3417 2167; x_wconf 77' lang='lat' dir='ltr'><strong>vel</strong></span> 
     </span>
     <span class='ocr_line' id='line_1_14' title="bbox 323 2212 3417 2308; baseline -0.001 -19"><span class='ocrx_word' id='word_1_127' title='bbox 323 2214 696 2307; x_wconf 87' lang='lat' dir='ltr'><strong>perniciem</strong></span> <span class='ocrx_word' id='word_1_128' title='bbox 749 2215 1010 2308; x_wconf 82' lang='lat' dir='ltr'><strong>Regni,</strong></span> <span class='ocrx_word' id='word_1_129' title='bbox 1077 2216 1293 2288; x_wconf 90' lang='lat' dir='ltr'><strong>semel</strong></span> <span class='ocrx_word' id='word_1_130' title='bbox 1327 2215 1720 2290; x_wconf 83' lang='lat' dir='ltr'><strong>inclinatis</strong></span> <span class='ocrx_word' id='word_1_131' title='bbox 1781 2216 2037 2288; x_wconf 84' lang='lat' dir='ltr'><strong>animis</strong></span> <span class='ocrx_word' id='word_1_132' title='bbox 2099 2221 2341 2308; x_wconf 83' lang='lat' dir='ltr'><strong>posset</strong></span> <span class='ocrx_word' id='word_1_133' title='bbox 2402 2214 2715 2288; x_wconf 82' lang='lat' dir='ltr'><strong>converti</strong></span> <span class='ocrx_word' id='word_1_134' title='bbox 2746 2212 2835 2303; x_wconf 82' lang='lat'><strong>²).</strong></span> <span class='ocrx_word' id='word_1_135' title='bbox 2920 2213 3081 2287; x_wconf 86' lang='lat' dir='ltr'><strong>Non</strong></span> <span class='ocrx_word' id='word_1_136' title='bbox 3135 2218 3417 2286; x_wconf 59' lang='lat' dir='ltr'><strong>eonten⁴</strong></span> 
     </span>
     <span class='ocr_line' id='line_1_15' title="bbox 323 2333 3411 2427; baseline -0.001 -21"><span class='ocrx_word' id='word_1_137' title='bbox 323 2336 617 2408; x_wconf 84' lang='lat' dir='ltr'><strong>dendum</strong></span> <span class='ocrx_word' id='word_1_138' title='bbox 675 2335 760 2407; x_wconf 89' lang='lat' dir='ltr'><strong>de</strong></span> <span class='ocrx_word' id='word_1_139' title='bbox 815 2334 1258 2409; x_wconf 79' lang='lat' dir='ltr'><strong>coronatione</strong></span> <span class='ocrx_word' id='word_1_140' title='bbox 1313 2334 1530 2427; x_wconf 88' lang='lat' dir='ltr'><strong>Regis</strong></span> <span class='ocrx_word' id='word_1_141' title='bbox 1585 2356 1769 2408; x_wconf 87' lang='lat' dir='ltr'><strong>esse:</strong></span> <span class='ocrx_word' id='word_1_142' title='bbox 1828 2357 1984 2408; x_wconf 91' lang='lat' dir='ltr'><strong>cum</strong></span> <span class='ocrx_word' id='word_1_143' title='bbox 2024 2334 2377 2407; x_wconf 89' lang='lat' dir='ltr'><strong>contentio</strong></span> <span class='ocrx_word' id='word_1_144' title='bbox 2431 2335 2587 2426; x_wconf 84' lang='lat' dir='ltr'><strong>ipsa</strong></span> <span class='ocrx_word' id='word_1_145' title='bbox 2648 2339 2721 2407; x_wconf 87' lang='lat' dir='ltr'><strong>et</strong></span> <span class='ocrx_word' id='word_1_146' title='bbox 2784 2333 3049 2405; x_wconf 87' lang='lat' dir='ltr'><strong>dudum</strong></span> <span class='ocrx_word' id='word_1_147' title='bbox 3104 2334 3411 2425; x_wconf 84' lang='lat' dir='ltr'><strong>promul·</strong></span> 
     </span>
     <span class='ocr_line' id='line_1_16' title="bbox 319 2452 3412 2547; baseline -0 -20"><span class='ocrx_word' id='word_1_148' title='bbox 319 2459 480 2547; x_wconf 84' lang='lat' dir='ltr'><strong>gato</strong></span> <span class='ocrx_word' id='word_1_149' title='bbox 535 2455 609 2526; x_wconf 91' lang='lat' dir='ltr'><strong>in</strong></span> <span class='ocrx_word' id='word_1_150' title='bbox 662 2454 1124 2528; x_wconf 87' lang='lat' dir='ltr'><strong>conventione</strong></span> <span class='ocrx_word' id='word_1_151' title='bbox 1185 2454 1549 2528; x_wconf 88' lang='lat' dir='ltr'><strong>Brestensi</strong></span> <span class='ocrx_word' id='word_1_152' title='bbox 1580 2453 1668 2544; x_wconf 75' lang='grc'><strong>3),</strong></span> <span class='ocrx_word' id='word_1_153' title='bbox 1734 2456 1809 2527; x_wconf 88' lang='lat' dir='ltr'><strong>in</strong></span> <span class='ocrx_word' id='word_1_154' title='bbox 1863 2455 2014 2527; x_wconf 87' lang='lat' dir='ltr'><strong>vita</strong></span> <span class='ocrx_word' id='word_1_155' title='bbox 2079 2455 2330 2547; x_wconf 76' lang='lat' dir='ltr'><strong>RegiS,</strong></span> <span class='ocrx_word' id='word_1_156' title='bbox 2400 2458 2470 2527; x_wconf 89' lang='lat' dir='ltr'><strong>et</strong></span> <span class='ocrx_word' id='word_1_157' title='bbox 2530 2453 2865 2526; x_wconf 78' lang='lat' dir='ltr'><strong>innovato</strong></span> <span class='ocrx_word' id='word_1_158' title='bbox 2919 2452 3187 2545; x_wconf 84' lang='lat' dir='ltr'><strong>pridem</strong></span> <span class='ocrx_word' id='word_1_159' title='bbox 3253 2475 3412 2526; x_wconf 87' lang='lat' dir='ltr'><strong>con-</strong></span> 
     </span>
     <span class='ocr_line' id='line_1_17' title="bbox 321 2572 3417 2663; baseline -0.001 -16"><span class='ocrx_word' id='word_1_160' title='bbox 321 2594 530 2647; x_wconf 88' lang='lat' dir='ltr'><strong>sensu</strong></span> <span class='ocrx_word' id='word_1_161' title='bbox 585 2575 895 2647; x_wconf 87' lang='lat' dir='ltr'><strong>omnium</strong></span> <span class='ocrx_word' id='word_1_162' title='bbox 951 2575 1262 2663; x_wconf 84' lang='lat' dir='ltr'><strong>decreto,</strong></span> <span class='ocrx_word' id='word_1_163' title='bbox 1329 2574 1609 2647; x_wconf 87' lang='lat' dir='ltr'><strong>sublata</strong></span> <span class='ocrx_word' id='word_1_164' title='bbox 1674 2573 1804 2663; x_wconf 89' lang='lat' dir='ltr'><strong>sit;</strong></span> <span class='ocrx_word' id='word_1_165' title='bbox 1879 2574 2002 2647; x_wconf 90' lang='lat' dir='ltr'><strong>sed</strong></span> <span class='ocrx_word' id='word_1_166' title='bbox 2053 2578 2135 2644; x_wconf 91' lang='lat' dir='ltr'><strong>ut</strong></span> <span class='ocrx_word' id='word_1_167' title='bbox 2202 2573 2385 2645; x_wconf 87' lang='lat' dir='ltr'><strong>idem</strong></span> <span class='ocrx_word' id='word_1_168' title='bbox 2450 2594 2689 2645; x_wconf 87' lang='lat' dir='ltr'><strong>omnes</strong></span> <span class='ocrx_word' id='word_1_169' title='bbox 2746 2572 3087 2659; x_wconf 81' lang='lat' dir='ltr'><strong>sentiant,</strong></span> <span class='ocrx_word' id='word_1_170' title='bbox 3146 2592 3417 2645; x_wconf 83' lang='lat' dir='ltr'><strong>summa</strong></span> 
     </span>
     <span class='ocr_line' id='line_1_18' title="bbox 319 2692 3416 2787; baseline 0 -22"><span class='ocrx_word' id='word_1_171' title='bbox 319 2694 394 2766; x_wconf 82' lang='lat' dir='ltr'><strong>vi</strong></span> <span class='ocrx_word' id='word_1_172' title='bbox 443 2694 788 2787; x_wconf 85' lang='lat' dir='ltr'><strong>agendum</strong></span> <span class='ocrx_word' id='word_1_173' title='bbox 843 2712 1019 2767; x_wconf 88' lang='lat' dir='ltr'><strong>esse.</strong></span> <span class='ocrx_word' id='word_1_174' title='bbox 1078 2694 1216 2767; x_wconf 87' lang='lat' dir='ltr'><strong>Sed</strong></span> <span class='ocrx_word' id='word_1_175' title='bbox 1250 2714 1474 2785; x_wconf 88' lang='lat' dir='ltr'><strong>neque</strong></span> <span class='ocrx_word' id='word_1_176' title='bbox 1527 2698 1768 2766; x_wconf 82' lang='lat' dir='ltr'><strong>extare</strong></span> <span class='ocrx_word' id='word_1_177' title='bbox 1805 2693 2122 2781; x_wconf 87' lang='lat' dir='ltr'><strong>modum,</strong></span> <span class='ocrx_word' id='word_1_178' title='bbox 2180 2714 2341 2785; x_wconf 86' lang='lat' dir='ltr'><strong>quo,</strong></span> <span class='ocrx_word' id='word_1_179' title='bbox 2400 2693 2587 2766; x_wconf 80' lang='lat' dir='ltr'><strong>iusto</strong></span> <span class='ocrx_word' id='word_1_180' title='bbox 2644 2696 2717 2765; x_wconf 93' lang='lat' dir='ltr'><strong>et</strong></span> <span class='ocrx_word' id='word_1_181' title='bbox 2752 2692 3069 2785; x_wconf 87' lang='lat' dir='ltr'><strong>legitimo</strong></span> <span class='ocrx_word' id='word_1_182' title='bbox 3120 2692 3416 2766; x_wconf 85' lang='lat' dir='ltr'><strong>haerede</strong></span> 
     </span>
     <span class='ocr_line' id='line_1_19' title="bbox 319 2813 3419 2907; baseline -0.001 -22"><span class='ocrx_word' id='word_1_183' title='bbox 319 2814 590 2887; x_wconf 87' lang='lat' dir='ltr'><strong>deserto</strong></span> <span class='ocrx_word' id='word_1_184' title='bbox 646 2814 765 2887; x_wconf 82' lang='lat' dir='ltr'><strong>vel</strong></span> <span class='ocrx_word' id='word_1_185' title='bbox 813 2815 1158 2907; x_wconf 89' lang='lat' dir='ltr'><strong>neglecto,</strong></span> <span class='ocrx_word' id='word_1_186' title='bbox 1213 2814 1398 2886; x_wconf 88' lang='lat' dir='ltr'><strong>alius</strong></span> <span class='ocrx_word' id='word_1_187' title='bbox 1451 2814 1697 2905; x_wconf 86' lang='lat' dir='ltr'><strong>quaeri</strong></span> <span class='ocrx_word' id='word_1_188' title='bbox 1751 2814 2116 2906; x_wconf 87' lang='lat' dir='ltr'><strong>optarique</strong></span> <span class='ocrx_word' id='word_1_189' title='bbox 2151 2814 2432 2887; x_wconf 83' lang='lat' dir='ltr'><strong>debeat:</strong></span> <span class='ocrx_word' id='word_1_190' title='bbox 2490 2813 2895 2886; x_wconf 75' lang='lat' dir='ltr'><strong>enitendum</strong></span> <span class='ocrx_word' id='word_1_191' title='bbox 2946 2813 3295 2885; x_wconf 82' lang='lat' dir='ltr'><strong>duntaxat</strong></span> <span class='ocrx_word' id='word_1_192' title='bbox 3348 2816 3419 2885; x_wconf 88' lang='lat' dir='ltr'><strong>et</strong></span> 
     </span>
     <span class='ocr_line' id='line_1_20' title="bbox 319 2932 3414 3027; baseline -0.001 -21"><span class='ocrx_word' id='word_1_193' title='bbox 319 2933 870 3027; x_wconf 81' lang='lat' dir='ltr'><strong>invigilandum,</strong></span> <span class='ocrx_word' id='word_1_194' title='bbox 926 2937 1010 3005; x_wconf 91' lang='lat' dir='ltr'><strong>ut</strong></span> <span class='ocrx_word' id='word_1_195' title='bbox 1062 2934 1159 3021; x_wconf 90' lang='lat' dir='ltr'><strong>is,</strong></span> <span class='ocrx_word' id='word_1_196' title='bbox 1219 2934 1341 3026; x_wconf 89' lang='lat' dir='ltr'><strong>qui</strong></span> <span class='ocrx_word' id='word_1_197' title='bbox 1394 2934 1662 3023; x_wconf 88' lang='lat' dir='ltr'><strong>melior,</strong></span> <span class='ocrx_word' id='word_1_198' title='bbox 1718 2934 2269 3025; x_wconf 89' lang='lat' dir='ltr'><strong>prudentiorque</strong></span> <span class='ocrx_word' id='word_1_199' title='bbox 2324 2954 2413 3007; x_wconf 83' lang='lat' dir='ltr'><strong>ex</strong></span> <span class='ocrx_word' id='word_1_200' title='bbox 2451 2933 2746 3021; x_wconf 83' lang='lat' dir='ltr'><strong>duobus,</strong></span> <span class='ocrx_word' id='word_1_201' title='bbox 2802 2932 3150 3025; x_wconf 83' lang='lat' dir='ltr'><strong>probabili</strong></span> <span class='ocrx_word' id='word_1_202' title='bbox 3204 2932 3414 3006; x_wconf 84' lang='lat' dir='ltr'><strong>aesti-</strong></span> 
     </span>
     <span class='ocr_line' id='line_1_21' title="bbox 321 3052 3417 3145; baseline -0.001 -18"><span class='ocrx_word' id='word_1_203' title='bbox 321 3054 628 3127; x_wconf 88' lang='lat' dir='ltr'><strong>matione</strong></span> <span class='ocrx_word' id='word_1_204' title='bbox 684 3053 955 3126; x_wconf 85' lang='lat' dir='ltr'><strong>censeri</strong></span> <span class='ocrx_word' id='word_1_205' title='bbox 1007 3054 1266 3145; x_wconf 88' lang='lat' dir='ltr'><strong>possit,</strong></span> <span class='ocrx_word' id='word_1_206' title='bbox 1323 3059 1713 3128; x_wconf 82' lang='lat' dir='ltr'><strong>coronetur.</strong></span> <span class='ocrx_word' id='word_1_207' title='bbox 1770 3052 1995 3127; x_wconf 80' lang='lat' dir='ltr'><strong>Movit</strong></span> <span class='ocrx_word' id='word_1_208' title='bbox 2048 3055 2221 3127; x_wconf 87' lang='lat' dir='ltr'><strong>haec</strong></span> <span class='ocrx_word' id='word_1_209' title='bbox 2274 3054 2496 3127; x_wconf 84' lang='lat' dir='ltr'><strong>oratio</strong></span> <span class='ocrx_word' id='word_1_210' title='bbox 2551 3055 2813 3126; x_wconf 85' lang='lat' dir='ltr'><strong>multos</strong></span> <span class='ocrx_word' id='word_1_211' title='bbox 2868 3074 2957 3126; x_wconf 83' lang='lat' dir='ltr'><strong>ex</strong></span> <span class='ocrx_word' id='word_1_212' title='bbox 3010 3052 3236 3145; x_wconf 82' lang='lat' dir='ltr'><strong>plebe,</strong></span> <span class='ocrx_word' id='word_1_213' title='bbox 3295 3053 3417 3145; x_wconf 89' lang='lat' dir='ltr'><strong>qui</strong></span> 
     </span>
     <span class='ocr_line' id='line_1_22' title="bbox 316 3172 3418 3266; baseline 0.001 -22"><span class='ocrx_word' id='word_1_214' title='bbox 316 3172 410 3245; x_wconf 88' lang='lat' dir='ltr'><strong>ad</strong></span> <span class='ocrx_word' id='word_1_215' title='bbox 461 3174 832 3261; x_wconf 23' lang='lat' dir='ltr'><strong>novandas.</strong></span> <span class='ocrx_word' id='word_1_216' title='bbox 883 3190 997 3246; x_wconf 90' lang='lat' dir='ltr'><strong>res</strong></span> <span class='ocrx_word' id='word_1_217' title='bbox 1062 3174 1253 3247; x_wconf 81' lang='lat' dir='ltr'><strong>avidi</strong></span> <span class='ocrx_word' id='word_1_218' title='bbox 1317 3174 1492 3248; x_wconf 88' lang='lat' dir='ltr'><strong>illuc</strong></span> <span class='ocrx_word' id='word_1_219' title='bbox 1555 3176 2068 3263; x_wconf 83' lang='lat' dir='ltr'><strong>confluxerant,</strong></span> <span class='ocrx_word' id='word_1_220' title='bbox 2145 3176 2667 3266; x_wconf 86' lang='lat' dir='ltr'><strong>multorumque</strong></span> <span class='ocrx_word' id='word_1_221' title='bbox 2726 3172 2945 3245; x_wconf 86' lang='lat' dir='ltr'><strong>animi</strong></span> <span class='ocrx_word' id='word_1_222' title='bbox 3008 3174 3125 3246; x_wconf 82' lang='lat' dir='ltr'><strong>vel</strong></span> <span class='ocrx_word' id='word_1_223' title='bbox 3188 3173 3418 3246; x_wconf 78' lang='lat' dir='ltr'><strong>sanati</strong></span> 
     </span>
     <span class='ocr_line' id='line_1_23' title="bbox 313 3292 3415 3387; baseline -0 -22"><span class='ocrx_word' id='word_1_224' title='bbox 313 3293 437 3366; x_wconf 78' lang='lat' dir='ltr'><strong>vel</strong></span> <span class='ocrx_word' id='word_1_225' title='bbox 486 3292 800 3366; x_wconf 86' lang='lat' dir='ltr'><strong>restricti</strong></span> <span class='ocrx_word' id='word_1_226' title='bbox 837 3299 1026 3381; x_wconf 88' lang='lat' dir='ltr'><strong>sunt,</strong></span> <span class='ocrx_word' id='word_1_227' title='bbox 1068 3298 1138 3365; x_wconf 89' lang='lat' dir='ltr'><strong>et</strong></span> <span class='ocrx_word' id='word_1_228' title='bbox 1175 3316 1382 3386; x_wconf 88' lang='lat' dir='ltr'><strong>opera</strong></span> <span class='ocrx_word' id='word_1_229' title='bbox 1418 3294 1646 3387; x_wconf 87' lang='lat' dir='ltr'><strong>ipsius</strong></span> <span class='ocrx_word' id='word_1_230' title='bbox 1683 3294 2026 3387; x_wconf 85' lang='lat' dir='ltr'><strong>episcopi,</strong></span> <span class='ocrx_word' id='word_1_231' title='bbox 2067 3294 2533 3386; x_wconf 89' lang='lat' dir='ltr'><strong>prudentique</strong></span> <span class='ocrx_word' id='word_1_232' title='bbox 2572 3292 3088 3381; x_wconf 84' lang='lat' dir='ltr'><strong>exhortatione,</strong></span> <span class='ocrx_word' id='word_1_233' title='bbox 3128 3294 3415 3382; x_wconf 87' lang='lat' dir='ltr'><strong>malum,</strong></span> 
     </span>
     <span class='ocr_line' id='line_1_24' title="bbox 316 3412 3415 3506; baseline 0 -21"><span class='ocrx_word' id='word_1_234' title='bbox 316 3413 504 3504; x_wconf 89' lang='lat' dir='ltr'><strong>quod</strong></span> <span class='ocrx_word' id='word_1_235' title='bbox 559 3412 710 3486; x_wconf 88' lang='lat' dir='ltr'><strong>illic</strong></span> <span class='ocrx_word' id='word_1_236' title='bbox 765 3414 1086 3502; x_wconf 89' lang='lat' dir='ltr'><strong>conflari,</strong></span> <span class='ocrx_word' id='word_1_237' title='bbox 1145 3414 1566 3506; x_wconf 86' lang='lat' dir='ltr'><strong>formarique</strong></span> <span class='ocrx_word' id='word_1_238' title='bbox 1620 3418 1944 3506; x_wconf 88' lang='lat' dir='ltr'><strong>coeptum</strong></span> <span class='ocrx_word' id='word_1_239' title='bbox 1982 3424 2165 3501; x_wconf 85' lang='lat' dir='ltr'><strong>erat,</strong></span> <span class='ocrx_word' id='word_1_240' title='bbox 2222 3414 2489 3506; x_wconf 88' lang='lat' dir='ltr'><strong>inipso</strong></span> <span class='ocrx_word' id='word_1_241' title='bbox 2544 3414 2657 3485; x_wconf 86' lang='lat' dir='ltr'><strong>sui</strong></span> <span class='ocrx_word' id='word_1_242' title='bbox 2696 3416 2945 3486; x_wconf 85' lang='lat' dir='ltr'><strong>exortu</strong></span> <span class='ocrx_word' id='word_1_243' title='bbox 2999 3412 3415 3498; x_wconf 82' lang='lat' dir='ltr'><strong>extinctum,</strong></span> 
     </span>
     <span class='ocr_line' id='line_1_25' title="bbox 315 3531 3415 3626; baseline 0 -21"><span class='ocrx_word' id='word_1_244' title='bbox 315 3532 778 3624; x_wconf 87' lang='lat' dir='ltr'><strong>sedatumque</strong></span> <span class='ocrx_word' id='word_1_245' title='bbox 813 3538 972 3620; x_wconf 79' lang='lat' dir='ltr'><strong>est,</strong></span> <span class='ocrx_word' id='word_1_246' title='bbox 1030 3537 1101 3605; x_wconf 89' lang='lat' dir='ltr'><strong>et</strong></span> <span class='ocrx_word' id='word_1_247' title='bbox 1155 3533 1443 3625; x_wconf 86' lang='lat' dir='ltr'><strong>Sbignei</strong></span> <span class='ocrx_word' id='word_1_248' title='bbox 1498 3533 1978 3607; x_wconf 82' lang='lat' dir='ltr'><strong>Cracoviensis</strong></span> <span class='ocrx_word' id='word_1_249' title='bbox 2033 3533 2346 3626; x_wconf 88' lang='lat' dir='ltr'><strong>episcopi</strong></span> <span class='ocrx_word' id='word_1_250' title='bbox 2401 3531 2785 3626; x_wconf 86' lang='lat' dir='ltr'><strong>persuasio,</strong></span> <span class='ocrx_word' id='word_1_251' title='bbox 2844 3531 3028 3624; x_wconf 86' lang='lat' dir='ltr'><strong>quod</strong></span> <span class='ocrx_word' id='word_1_252' title='bbox 3082 3532 3415 3624; x_wconf 86' lang='lat' dir='ltr'><strong>prudens,</strong></span> 
     </span>
     <span class='ocr_line' id='line_1_26' title="bbox 312 3652 3419 3745; baseline 0 -21"><span class='ocrx_word' id='word_1_253' title='bbox 312 3653 506 3745; x_wconf 88' lang='lat' dir='ltr'><strong>quod</strong></span> <span class='ocrx_word' id='word_1_254' title='bbox 536 3652 598 3742; x_wconf 87' lang='lat'><strong>⁴)</strong></span> <span class='ocrx_word' id='word_1_255' title='bbox 655 3652 1116 3725; x_wconf 87' lang='lat' dir='ltr'><strong>saluberrima</strong></span> <span class='ocrx_word' id='word_1_256' title='bbox 1165 3653 1271 3725; x_wconf 89' lang='lat' dir='ltr'><strong>rei</strong></span> <span class='ocrx_word' id='word_1_257' title='bbox 1307 3653 1632 3744; x_wconf 85' lang='lat' dir='ltr'><strong>publicae</strong></span> <span class='ocrx_word' id='word_1_258' title='bbox 1683 3657 1758 3726; x_wconf 89' lang='lat' dir='ltr'><strong>et</strong></span> <span class='ocrx_word' id='word_1_259' title='bbox 1793 3654 2037 3745; x_wconf 86' lang='lat' dir='ltr'><strong>Regno</strong></span> <span class='ocrx_word' id='word_1_260' title='bbox 2077 3654 2411 3726; x_wconf 85' lang='lat' dir='ltr'><strong>Poloniae</strong></span> <span class='ocrx_word' id='word_1_261' title='bbox 2460 3654 2635 3725; x_wconf 88' lang='lat' dir='ltr'><strong>foret</strong></span> <span class='ocrx_word' id='word_1_262' title='bbox 2662 3652 2753 3741; x_wconf 67' lang='grc' dir='ltr'><strong>ὅ),</strong></span> <span class='ocrx_word' id='word_1_263' title='bbox 2812 3652 3071 3725; x_wconf 84' lang='lat' dir='ltr'><strong>iudicio</strong></span> <span class='ocrx_word' id='word_1_264' title='bbox 3110 3653 3419 3725; x_wconf 86' lang='lat' dir='ltr'><strong>omnium</strong></span> 
     </span>
     <span class='ocr_line' id='line_1_27' title="bbox 310 3772 3419 3866; baseline -0 -20"><span class='ocrx_word' id='word_1_265' title='bbox 310 3778 392 3846; x_wconf 81' lang='lat' dir='ltr'><strong>et</strong></span> <span class='ocrx_word' id='word_1_266' title='bbox 444 3772 942 3845; x_wconf 82' lang='lat' dir='ltr'><strong>acclamatione</strong></span> <span class='ocrx_word' id='word_1_267' title='bbox 996 3772 1272 3845; x_wconf 89' lang='lat' dir='ltr'><strong>decreta</strong></span> <span class='ocrx_word' id='word_1_268' title='bbox 1327 3782 1458 3846; x_wconf 90' lang='lat' dir='ltr'><strong>est.</strong></span> <span class='ocrx_word' id='word_1_269' title='bbox 1518 3773 1951 3865; x_wconf 77' lang='lat' dir='ltr'><strong>Quapropter</strong></span> <span class='ocrx_word' id='word_1_270' title='bbox 2005 3773 2307 3866; x_wconf 82' lang='lat' dir='ltr'><strong>singuli,</strong></span> <span class='ocrx_word' id='word_1_271' title='bbox 2364 3773 2489 3865; x_wconf 87' lang='lat' dir='ltr'><strong>qui</strong></span> <span class='ocrx_word' id='word_1_272' title='bbox 2540 3772 3056 3846; x_wconf 87' lang='lat' dir='ltr'><strong>coronationem</strong></span> <span class='ocrx_word' id='word_1_273' title='bbox 3112 3774 3419 3846; x_wconf 84' lang='lat' dir='ltr'><strong>futuram</strong></span> 
     </span>
     <span class='ocr_line' id='line_1_28' title="bbox 307 3891 3419 3986; baseline -0 -20"><span class='ocrx_word' id='word_1_274' title='bbox 307 3892 538 3983; x_wconf 81' lang='lat' dir='ltr'><strong>Regis</strong></span> <span class='ocrx_word' id='word_1_275' title='bbox 592 3892 932 3984; x_wconf 88' lang='lat' dir='ltr'><strong>impedire</strong></span> <span class='ocrx_word' id='word_1_276' title='bbox 991 3892 1481 3980; x_wconf 89' lang='lat' dir='ltr'><strong>moliebantur,</strong></span> <span class='ocrx_word' id='word_1_277' title='bbox 1558 3914 1808 3986; x_wconf 76' lang='lat' dir='ltr'><strong>magna</strong></span> <span class='ocrx_word' id='word_1_278' title='bbox 1872 3894 2197 3966; x_wconf 85' lang='lat' dir='ltr'><strong>molestia</strong></span> <span class='ocrx_word' id='word_1_279' title='bbox 2260 3898 2331 3966; x_wconf 89' lang='lat' dir='ltr'><strong>et</strong></span> <span class='ocrx_word' id='word_1_280' title='bbox 2392 3893 2628 3966; x_wconf 86' lang='lat' dir='ltr'><strong>dolore</strong></span> <span class='ocrx_word' id='word_1_281' title='bbox 2690 3891 2863 3979; x_wconf 89' lang='lat' dir='ltr'><strong>acti,</strong></span> <span class='ocrx_word' id='word_1_282' title='bbox 2930 3913 3018 3965; x_wconf 85' lang='lat' dir='ltr'><strong>ex</strong></span> <span class='ocrx_word' id='word_1_283' title='bbox 3084 3892 3419 3983; x_wconf 84' lang='lat' dir='ltr'><strong>Opathow</strong></span> 
     </span>
     <span class='ocr_line' id='line_1_29' title="bbox 305 4012 3416 4105; baseline 0 -20"><span class='ocrx_word' id='word_1_284' title='bbox 305 4012 721 4087; x_wconf 84' lang='lat' dir='ltr'><strong>discedunt:</strong></span> <span class='ocrx_word' id='word_1_285' title='bbox 780 4012 1063 4086; x_wconf 88' lang='lat' dir='ltr'><strong>fremitu</strong></span> <span class='ocrx_word' id='word_1_286' title='bbox 1117 4012 1388 4104; x_wconf 86' lang='lat' dir='ltr'><strong>ingenti</strong></span> <span class='ocrx_word' id='word_1_287' title='bbox 1442 4012 1514 4084; x_wconf 93' lang='lat' dir='ltr'><strong>in</strong></span> <span class='ocrx_word' id='word_1_288' title='bbox 1555 4013 1936 4105; x_wconf 87' lang='lat' dir='ltr'><strong>Sbigneum</strong></span> <span class='ocrx_word' id='word_1_289' title='bbox 1975 4013 2501 4086; x_wconf 83' lang='lat' dir='ltr'><strong>Cracoviensem</strong></span> <span class='ocrx_word' id='word_1_290' title='bbox 2538 4012 2941 4104; x_wconf 86' lang='lat' dir='ltr'><strong>episcopum</strong></span> <span class='ocrx_word' id='word_1_291' title='bbox 2996 4012 3416 4101; x_wconf 79' lang='lat' dir='ltr'><strong>saevientes,</strong></span> 
     </span>
     <span class='ocr_line' id='line_1_30' title="bbox 305 4131 3417 4226; baseline 0 -22"><span class='ocrx_word' id='word_1_292' title='bbox 305 4133 506 4224; x_wconf 89' lang='lat' dir='ltr'><strong>quod</strong></span> <span class='ocrx_word' id='word_1_293' title='bbox 562 4131 714 4205; x_wconf 90' lang='lat' dir='ltr'><strong>eius</strong></span> <span class='ocrx_word' id='word_1_294' title='bbox 770 4133 1076 4205; x_wconf 84' lang='lat' dir='ltr'><strong>adventu</strong></span> <span class='ocrx_word' id='word_1_295' title='bbox 1142 4138 1209 4205; x_wconf 91' lang='lat' dir='ltr'><strong>et</strong></span> <span class='ocrx_word' id='word_1_296' title='bbox 1272 4132 1702 4223; x_wconf 87' lang='lat' dir='ltr'><strong>praesentia,</strong></span> <span class='ocrx_word' id='word_1_297' title='bbox 1779 4132 2070 4224; x_wconf 90' lang='lat' dir='ltr'><strong>eiusque</strong></span> <span class='ocrx_word' id='word_1_298' title='bbox 2134 4132 2428 4206; x_wconf 87' lang='lat' dir='ltr'><strong>consilio</strong></span> <span class='ocrx_word' id='word_1_299' title='bbox 2484 4137 2557 4205; x_wconf 90' lang='lat' dir='ltr'><strong>et</strong></span> <span class='ocrx_word' id='word_1_300' title='bbox 2605 4132 3091 4225; x_wconf 87' lang='lat' dir='ltr'><strong>persuasione,</strong></span> <span class='ocrx_word' id='word_1_301' title='bbox 3150 4132 3417 4226; x_wconf 86' lang='lat' dir='ltr'><strong>singuli</strong></span> 
     </span>
     <span class='ocr_line' id='line_1_31' title="bbox 303 4252 3417 4344; baseline 0 -19"><span class='ocrx_word' id='word_1_302' title='bbox 303 4272 558 4325; x_wconf 81' lang='lat' dir='ltr'><strong>eorum</strong></span> <span class='ocrx_word' id='word_1_303' title='bbox 614 4255 905 4325; x_wconf 84' lang='lat' dir='ltr'><strong>conatus</strong></span> <span class='ocrx_word' id='word_1_304' title='bbox 967 4254 1244 4325; x_wconf 84' lang='lat' dir='ltr'><strong>fuerant</strong></span> <span class='ocrx_word' id='word_1_305' title='bbox 1305 4252 1700 4344; x_wconf 87' lang='lat' dir='ltr'><strong>languidati</strong></span> <span class='ocrx_word' id='word_1_306' title='bbox 1765 4257 1836 4325; x_wconf 89' lang='lat' dir='ltr'><strong>et</strong></span> <span class='ocrx_word' id='word_1_307' title='bbox 1890 4252 2250 4325; x_wconf 86' lang='lat' dir='ltr'><strong>confracti.</strong></span> <span class='ocrx_word' id='word_1_308' title='bbox 2334 4252 2631 4343; x_wconf 88' lang='lat' dir='ltr'><strong>Propter</strong></span> <span class='ocrx_word' id='word_1_309' title='bbox 2686 4252 2871 4344; x_wconf 90' lang='lat' dir='ltr'><strong>quod</strong></span> <span class='ocrx_word' id='word_1_310' title='bbox 2936 4256 3005 4325; x_wconf 88' lang='lat' dir='ltr'><strong>et</strong></span> <span class='ocrx_word' id='word_1_311' title='bbox 3058 4272 3099 4325; x_wconf 87' lang='lat' dir='ltr'><strong>a</strong></span> <span class='ocrx_word' id='word_1_312' title='bbox 3154 4252 3417 4343; x_wconf 84' lang='lat' dir='ltr'><strong>Sophia</strong></span> 
     </span>
     <span class='ocr_line' id='line_1_32' title="bbox 297 4370 3419 4465; baseline 0 -20"><span class='ocrx_word' id='word_1_313' title='bbox 297 4372 594 4463; x_wconf 84' lang='lat' dir='ltr'><strong>Regina</strong></span> <span class='ocrx_word' id='word_1_314' title='bbox 647 4377 732 4445; x_wconf 77' lang='lat' dir='ltr'><strong>et·</strong></span> <span class='ocrx_word' id='word_1_315' title='bbox 771 4372 968 4445; x_wconf 74' lang='lat' dir='ltr'><strong>filiis·</strong></span> <span class='ocrx_word' id='word_1_316' title='bbox 994 4370 1242 4465; x_wconf 69' lang='lat' dir='ltr'><strong>regne,</strong></span> <span class='ocrx_word' id='word_1_317' title='bbox 1301 4372 1693 4445; x_wconf 82' lang='lat' dir='ltr'><strong>wladislao</strong></span> <span class='ocrx_word' id='word_1_318' title='bbox 1750 4378 1821 4445; x_wconf 91' lang='lat' dir='ltr'><strong>et</strong></span> <span class='ocrx_word' id='word_1_319' title='bbox 1857 4372 2242 4460; x_wconf 77' lang='lat' dir='ltr'><strong>Kazimir0‚</strong></span> <span class='ocrx_word' id='word_1_320' title='bbox 2300 4371 2759 4464; x_wconf 88' lang='lat' dir='ltr'><strong>omnibusque</strong></span> <span class='ocrx_word' id='word_1_321' title='bbox 2812 4371 3309 4445; x_wconf 83' lang='lat' dir='ltr'><strong>ecclesiasticis</strong></span> <span class='ocrx_word' id='word_1_322' title='bbox 3346 4376 3419 4445; x_wconf 88' lang='lat' dir='ltr'><strong>et</strong></span> 
     </span>
     <span class='ocr_line' id='line_1_33' title="bbox 297 4491 3413 4585; baseline -0.001 -19"><span class='ocrx_word' id='word_1_323' title='bbox 297 4495 388 4566; x_wconf 78' lang='lat' dir='ltr'><strong>ot</strong></span> <span class='ocrx_word' id='word_1_324' title='bbox 443 4492 927 4565; x_wconf 82' lang='lat' dir='ltr'><strong>saecularibus</strong></span> <span class='ocrx_word' id='word_1_325' title='bbox 983 4491 1408 4564; x_wconf 87' lang='lat' dir='ltr'><strong>consiliariis</strong></span> <span class='ocrx_word' id='word_1_326' title='bbox 1471 4494 1739 4585; x_wconf 84' lang='lat' dir='ltr'><strong>gratiae</strong></span> <span class='ocrx_word' id='word_1_327' title='bbox 1793 4492 2115 4585; x_wconf 89' lang='lat' dir='ltr'><strong>ingentes</strong></span> <span class='ocrx_word' id='word_1_328' title='bbox 2171 4492 2245 4564; x_wconf 92' lang='lat' dir='ltr'><strong>in</strong></span> <span class='ocrx_word' id='word_1_329' title='bbox 2281 4491 2577 4565; x_wconf 88' lang='lat' dir='ltr'><strong>concilio</strong></span> <span class='ocrx_word' id='word_1_330' title='bbox 2606 4492 2670 4581; x_wconf 67' lang='grc' dir='ltr'><strong>θ)</strong></span> <span class='ocrx_word' id='word_1_331' title='bbox 2728 4492 3031 4585; x_wconf 82' lang='lat' dir='ltr'><strong>Sbigneo</strong></span> <span class='ocrx_word' id='word_1_332' title='bbox 3086 4492 3413 4583; x_wconf 83' lang='lat' dir='ltr'><strong>episcopo</strong></span> 
     </span>
     <span class='ocr_line' id='line_1_34' title="bbox 293 4610 3415 4707; baseline 0 -22"><span class='ocrx_word' id='word_1_333' title='bbox 293 4610 762 4685; x_wconf 77' lang='lat' dir='ltr'><strong>cracoviensi</strong></span> <span class='ocrx_word' id='word_1_334' title='bbox 813 4610 1096 4684; x_wconf 83' lang='lat' dir='ltr'><strong>habitae</strong></span> <span class='ocrx_word' id='word_1_335' title='bbox 1151 4617 1346 4684; x_wconf 89' lang='lat' dir='ltr'><strong>sunt:</strong></span> <span class='ocrx_word' id='word_1_336' title='bbox 1406 4614 1590 4704; x_wconf 90' lang='lat' dir='ltr'><strong>quod</strong></span> <span class='ocrx_word' id='word_1_337' title='bbox 1623 4614 1888 4685; x_wconf 90' lang='lat' dir='ltr'><strong>malum</strong></span> <span class='ocrx_word' id='word_1_338' title='bbox 1940 4613 2280 4707; x_wconf 73' lang='lat' dir='ltr'><strong>gliscenS,</strong></span> <span class='ocrx_word' id='word_1_339' title='bbox 2338 4634 2467 4685; x_wconf 81' lang='lat' dir='ltr'><strong>sua</strong></span> <span class='ocrx_word' id='word_1_340' title='bbox 2502 4612 2955 4701; x_wconf 84' lang='lat' dir='ltr'><strong>authoritate,</strong></span> <span class='ocrx_word' id='word_1_341' title='bbox 3009 4610 3307 4685; x_wconf 86' lang='lat' dir='ltr'><strong>consilio</strong></span> <span class='ocrx_word' id='word_1_342' title='bbox 3344 4615 3415 4685; x_wconf 87' lang='lat' dir='ltr'><strong>et</strong></span> 
     </span>
     <span class='ocr_line' id='line_1_35' title="bbox 293 4730 2758 4825; baseline 0 -21"><span class='ocrx_word' id='word_1_343' title='bbox 293 4730 706 4819; x_wconf 86' lang='lat' dir='ltr'><strong>industria,</strong></span> <span class='ocrx_word' id='word_1_344' title='bbox 763 4730 928 4803; x_wconf 87' lang='lat' dir='ltr'><strong>aliis</strong></span> <span class='ocrx_word' id='word_1_345' title='bbox 985 4730 1602 4806; x_wconf 82' lang='lat' dir='ltr'><strong>dissimulantibus</strong></span> <span class='ocrx_word' id='word_1_346' title='bbox 1619 4789 1635 4822; x_wconf 92' lang='lat'>‚</span> <span class='ocrx_word' id='word_1_347' title='bbox 1695 4732 2153 4825; x_wconf 86' lang='lat' dir='ltr'><strong>oppresserit,</strong></span> <span class='ocrx_word' id='word_1_348' title='bbox 2210 4732 2758 4825; x_wconf 81' lang='lat' dir='ltr'><strong>extinxeritque.</strong></span> 
     </span>
    </p>
   </div>
   <div class='ocr_carea' id='block_1_3' title="bbox 281 4996 3416 5189">
    <p class='ocr_par' dir='ltr' id='par_1_3' title="bbox 281 4996 3416 5189">
     <span class='ocr_line' id='line_1_36' title="bbox 535 4996 3416 5087; baseline 0 -21"><span class='ocrx_word' id='word_1_349' title='bbox 535 5004 582 5084; x_wconf 91' lang='lat'><strong>¹)</strong></span> <span class='ocrx_word' id='word_1_350' title='bbox 627 5006 1042 5067; x_wconf 77' lang='lat' dir='ltr'><strong>abstinendum</strong></span> <span class='ocrx_word' id='word_1_351' title='bbox 1074 5006 1250 5067; x_wconf 87' lang='lat' dir='ltr'><strong>etiam</strong></span> <span class='ocrx_word' id='word_1_352' title='bbox 1291 5002 1443 5068; x_wconf 79' lang='lat' dir='ltr'><strong>Ood.</strong></span> <span class='ocrx_word' id='word_1_353' title='bbox 1467 4996 1661 5067; x_wconf 77' lang='lat' dir='ltr'><strong>Rozr.</strong></span> <span class='ocrx_word' id='word_1_354' title='bbox 1710 4998 1768 5087; x_wconf 74' lang='lat'><strong>¹)</strong></span> <span class='ocrx_word' id='word_1_355' title='bbox 1815 5004 2113 5067; x_wconf 81' lang='lat' dir='ltr'><strong>committi.</strong></span> <span class='ocrx_word' id='word_1_356' title='bbox 2149 5000 2302 5068; x_wconf 78' lang='lat' dir='ltr'><strong>cod.</strong></span> <span class='ocrx_word' id='word_1_357' title='bbox 2338 5000 2516 5067; x_wconf 78' lang='lat' dir='ltr'><strong>Oalv.</strong></span> <span class='ocrx_word' id='word_1_358' title='bbox 2566 5000 2619 5084; x_wconf 85' lang='lat'><strong>⁸)</strong></span> <span class='ocrx_word' id='word_1_359' title='bbox 2666 5002 3005 5067; x_wconf 78' lang='lat' dir='ltr'><strong>Brzestensi</strong></span> <span class='ocrx_word' id='word_1_360' title='bbox 3036 4998 3191 5068; x_wconf 64' lang='lat' dir='ltr'><strong>ced.</strong></span> <span class='ocrx_word' id='word_1_361' title='bbox 3222 4998 3416 5067; x_wconf 76' lang='lat' dir='ltr'><strong>Rozr.</strong></span> 
     </span>
     <span class='ocr_line' id='line_1_37' title="bbox 281 5103 2589 5189; baseline 0.001 -21"><span class='ocrx_word' id='word_1_362' title='bbox 281 5107 362 5189; x_wconf 76' lang='lat'><strong>⁴)</strong></span> <span class='ocrx_word' id='word_1_363' title='bbox 415 5113 482 5169; x_wconf 82' lang='lat' dir='ltr'><strong>et</strong></span> <span class='ocrx_word' id='word_1_364' title='bbox 528 5103 682 5172; x_wconf 77' lang='lat' dir='ltr'><strong>Cod.</strong></span> <span class='ocrx_word' id='word_1_365' title='bbox 726 5106 920 5171; x_wconf 81' lang='lat' dir='ltr'><strong>Roz-r.</strong></span> <span class='ocrx_word' id='word_1_366' title='bbox 971 5106 1022 5188; x_wconf 79' lang='lat'><strong>⁶)</strong></span> <span class='ocrx_word' id='word_1_367' title='bbox 1069 5111 1229 5169; x_wconf 86' lang='lat' dir='ltr'><strong>esset</strong></span> <span class='ocrx_word' id='word_1_368' title='bbox 1275 5103 1427 5170; x_wconf 78' lang='lat' dir='ltr'><strong>Ood.</strong></span> <span class='ocrx_word' id='word_1_369' title='bbox 1458 5106 1654 5171; x_wconf 83' lang='lat' dir='ltr'><strong>Rozr.</strong></span> <span class='ocrx_word' id='word_1_370' title='bbox 1703 5106 1755 5187; x_wconf 82' lang='lat'><strong>⁸)</strong></span> <span class='ocrx_word' id='word_1_371' title='bbox 1803 5128 1877 5169; x_wconf 85' lang='lat' dir='ltr'><strong>ex</strong></span> <span class='ocrx_word' id='word_1_372' title='bbox 1923 5110 2168 5170; x_wconf 88' lang='lat' dir='ltr'><strong>consilio</strong></span> <span class='ocrx_word' id='word_1_373' title='bbox 2214 5104 2365 5171; x_wconf 80' lang='lat' dir='ltr'><strong>Cod.</strong></span> <span class='ocrx_word' id='word_1_374' title='bbox 2411 5105 2589 5171; x_wconf 78' lang='lat' dir='ltr'><strong>Kost.</strong></span> 
     </span>
    </p>
   </div>
  </div>
 </body>
</html>
