4342 6384
319 609 451 713 (Α.
492 614 583 688 D.
624 610 880 711 1430.)
1505 638 1732 691 mann
1783 636 2245 693 unnncnms.
3248 624 3343 697 41
3362 620 3401 697 7

317 942 470 1015 1)ιοί
515 942 846 1032 svitrigal
889 943 1158 1033 Hagnas
1200 942 1585 1015 Litbuaniac
1605 944 1892 1016 nuestus
1936 946 2301 1018 confertur:
2347 946 2455 1037 qui
2498 946 2797 1021 beneficii
2842 948 3019 1021 tanti
3062 948 3314 1022 immam
3322 967 3413 1037 or,

1081 1062 1434 1135 wladislao
1479 1063 1636 1153 Regi
1681 1065 1754 1135 et
1795 1064 2054 1137 Polonis
2097 1066 2303 1138 struit
2344 1064 2642 1139 insidias.

522 1300 746 1373 Morte
807 1300 1024 1374 Ducis
1078 1300 1462 1375 Withawdi
1525 1305 1796 1391 secuta,
1869 1303 2034 1376 dum
2100 1304 2409 1378 omnium
2480 1305 2699 1379 animi
2762 1306 3274 1380 Lithuanorum
3340 1313 3411 1380 et

316 1420 802 1494 Ruthenorum
858 1419 1182 1513 suspensi
1217 1425 1484 1509 essent,
1543 1421 1867 1512 quisnam
1923 1427 2119 1495 tanto
2157 1424 2369 1514 Duci‚
2425 1426 2621 1516 prole
2668 1426 3058 1499 masculina
3112 1448 3251 1499 non
3286 1446 3409 1501 ex-

316 1542 542 1628 tante,
599 1539 849 1613 debeat
903 1540 1270 1613 succedere
1325 1542 1412 1612 ad
1445 1540 1823 1633 regendum
1861 1542 2389 1616 multitudinem
2426 1544 2884 1635 inconditam,
2943 1566 3069 1618 nec
3106 1545 3404 1639 legibuS,

313 1678 538 1750 neque
603 1658 956 1731 institutis
1020 1659 1258 1733 vivere
1331 1664 1714 1732 assuetam:
1789 1663 2102 1735 restabat
2174 1662 2454 1754 quidem
2526 1678 2898 1757 germanus
2969 1665 3189 1738 Ducis
3255 1664 3407 1739 Wi-

313 1778 605 1868 thawdi,
663 1779 826 1851 Dux
884 1778 1409 1871 SigismunduS,
1469 1779 1590 1853 sed
1643 1780 1706 1852 is
1745 1780 2035 1854 obscure
2089 1802 2163 1854 se
2217 1782 2291 1854 in
2328 1782 2480 1855 vita
2512 1782 2897 1856 Withawdi
2950 1805 3230 1877 gerens,
3270 1805 3409 1857 non

311 1897 596 1989 aliquod
649 1898 936 1971 dederat
989 1898 1209 1972 bonae
1245 1918 1412 1971 suae
1447 1898 1706 1971 indolis
1745 1906 2293 1974 monumentum.
2350 1902 2693 1975 Restabat
2746 1908 2815 1977 et
2851 1904 3015 1976 Dux
3052 1904 3409 1997 Switrigal

310 2016 692 2090 wladislai
728 2018 945 2111 Regis
999 2038 1404 2111 germanus,
1463 2018 1584 2091 sed
1621 2019 1946 2094 ebrietati
2001 2026 2072 2092 et
2109 2021 2385 2093 solatiis
2442 2022 2755 2112 deditus,
2812 2022 3081 2116 ingenii
3118 2023 3399 2115 quidem

310 2139 658 2228 liberalis,
719 2140 840 2213 sed
876 2139 1244 2212 variabilis
1299 2144 1370 2211 et
1407 2139 1869 2228 vehementiS,
1928 2144 1998 2213 et
2034 2161 2279 2231 parum
2319 2140 2583 2214 sensati
2638 2146 2849 2234 atque
2886 2142 3141 2216 dextri.
3198 2141 3406 2215 Nihil
3472 2170 3479 2178 ·

311 2258 498 2351 apud
550 2259 758 2332 illum
811 2258 993 2332 ratio
1049 2263 1172 2331 aut
1207 2258 1522 2350 gravitas
1559 2258 1820 2345 valuit,
1879 2259 2110 2331 omnia
2147 2259 2253 2331 ira
2290 2260 2663 2333 vehemens
2718 2266 2788 2334 et
2834 2262 3135 2335 mutatio
3172 2262 3412 2335 crebra

312 2377 562 2467 animi,
617 2379 819 2451 velut
871 2380 1084 2451 flatus
1141 2378 1423 2470 quidam
1479 2398 1721 2467 aurae,
1795 2378 2262 2471 gubernabat,
2318 2383 2401 2451 ut
2454 2400 2726 2472 semper
2780 2381 3093 2455 crederes
3146 2381 3222 2454 in
3277 2381 3405 2454 illo

312 2497 546 2571 varios
601 2502 672 2573 et
725 2498 1038 2571 diversos
1092 2498 1384 2591 perflare
1439 2502 1692 2569 motus,
1750 2497 2213 2571 Liberalitate
2268 2504 2501 2571 tamen
2554 2500 2865 2572 maxima
2926 2504 2997 2573 et
3052 2498 3403 2574 miscendo

313 2638 390 2690 se
427 2617 919 2706 ebrietatibus,
977 2619 1358 2691 multorum
1396 2616 1534 2689 sibi
1570 2616 1840 2689 animos
1893 2617 2298 2691 mortalium
2336 2618 2863 2709 conciliaverat,
2921 2620 3407 2693 Ruthenorum

313 2736 777 2830 singularius,
849 2738 924 2810 in
989 2757 1282 2829 quorum
1351 2737 1566 2811 ritum
1585 2793 1601 2825 ,
1679 2737 1848 2810 licet
1919 2744 2106 2812 esset
2179 2740 2533 2812 Romanae
2602 2739 2966 2832 religionis
3036 2739 3403 2831 PrincepS,

313 2857 665 2930 ferebatur
717 2856 1144 2931 inclinatior.
1203 2856 1382 2947 Quia
1437 2862 1668 2928 tamen
1725 2857 2008 2949 singula
2061 2878 2148 2930 ex
2204 2858 2583 2932 wladislai
2634 2858 2853 2952 Regis
2907 2858 3241 2931 Poloniae
3296 2878 3404 2931 ar-

307 2975 521 3049 bitrio
584 2977 1007 3068 pendebant,
1083 2976 1308 3048 omnis
1374 2976 1756 3048 multitudo
1821 2976 2229 3068 Principum
2302 2982 2373 3048 et
2436 2976 2773 3051 baronum
2846 2977 3269 3051 Lithuaniae
3335 2980 3407 3050 et

309 3095 614 3170 Russiae
667 3097 742 3170 in
795 3096 1001 3169 illum
1056 3116 1262 3169 versa
1314 3100 1496 3185 erat,
1553 3094 1896 3188 illumque
1936 3098 2360 3189 sequebatur
2396 3098 2477 3186 ¹),
2535 3097 2780 3190 ignara
2832 3118 2922 3169 an
2960 3098 3153 3170 solus
3206 3116 3405 3188 prae-

309 3235 464 3289 esse
519 3216 766 3305 vellet,
825 3215 1030 3307 v012)
1086 3216 1306 3289 alium
1360 3216 1436 3289 iu
1488 3217 1720 3288 locum
1775 3216 1994 3290 Ducis
2050 3216 2433 3290 Withawdi
2463 3214 2524 3306 ³)
2582 3215 3036 3290 substituere.
3094 3216 3405 3289 Wladis·

309 3335 469 3408 laus
523 3341 757 3409 autem
811 3336 1001 3425 Rex,
1061 3336 1435 3425 charitate,
1501 3356 1640 3428 qua
1693 3336 1958 3409 Ducem
2012 3336 2401 3429 Switrigal‚
2467 3340 2551 3408 ut
2602 3356 3006 3429 germanum
3024 3392 3041 3424 ‚
3100 3336 3403 3427 comple-

309 3455 650 3545 ctebatur,
709 3456 1108 3545 devinctus,
1180 3456 1460 3529 venisse
1521 3460 1798 3547 tempus
1860 3460 2091 3545 ratus,
2163 3476 2300 3547 quo
2363 3456 2603 3543 illum,
2680 3455 2882 3527 annis
2944 3454 3271 3546 plurimis
3326 3453 3403 3527 in

311 3576 608 3648 obscura
661 3580 848 3648 sorte
902 3575 1265 3668 degentem
1321 3580 1392 3650 et
1443 3575 1662 3649 variis
1718 3576 2054 3648 iactatum
2109 3574 2547 3663 turbinibus,
2612 3574 2907 3648 attolere
2962 3578 3032 3646 et
3084 3573 3403 3665 magnifi-

309 3715 466 3768 care
519 3700 788 3788 posset,
845 3695 1195 3769 Praelatis
1259 3700 1330 3769 et
1381 3695 1759 3770 baronibus
1822 3694 2195 3787 utriusque
2257 3690 2599 3783 Dominii‚
2666 3692 3001 3767 Poloniae
3029 3693 3093 3782 ⁴)
3159 3697 3230 3765 et
3282 3692 3403 3765 Li·

307 3815 674 3905 thuaniae,
739 3815 862 3907 qui
923 3835 1330 3907 magnorum
1394 3820 1466 3888 et
1517 3814 1843 3906 Principe
1907 3814 2277 3907 dignorum
2342 3834 2626 3905 operum
2692 3812 3199 3906 Switrigellum
3264 3832 3403 3885 non

309 3940 648 4027 putavere
701 3955 1022 4026 capacem
1078 3933 1481 4025 (verebatur
1535 3933 1718 4007 enim
1769 3954 1858 4006 ne
1912 3934 2337 4006 contrarium
2391 3933 2894 4022 decernerent),
2952 3930 3401 4021 inconsultiS,

307 4055 760 4129 secretarium
815 4076 1022 4127 suum
1077 4054 1458 4128 Iohannem
1513 4054 1827 4126 Manszik
1859 4053 1921 4142 ⁵)
1979 4053 2062 4126 de
2116 4052 2557 4141 Dambrowa,
2629 4052 2713 4125 de
2766 4054 2968 4125 domo
3022 4052 3400 4140 Wadwicz‚

307 4175 432 4267 qui
487 4176 658 4248 duos
713 4174 942 4266 pisces
1007 4178 1236 4246 trutas
1299 4194 1424 4266 pro
1487 4173 1753 4267 insigni
1816 4173 2170 4263 deferunt,
2246 4172 2334 4245 ad
2396 4174 2661 4245 Ducem
2726 4172 3084 4265 Switrigal
3148 4171 3400 4260 mittit,

303 4296 658 4367 Ducatum
720 4295 1048 4388 Magnum
1112 4293 1536 4366 Lithuaniae
1597 4293 1736 4366 sibi
1765 4293 1828 4382 ⁶)
1893 4294 2289 4381 contemne,
2366 4296 2437 4365 et
2499 4286 2759 4365 annulo
2828 4291 3119 4385 speciali
3172 4290 3311 4363 sibi
3340 4290 3403 4380 7)

303 4414 557 4504 misso,
613 4414 848 4507 ipsum
901 4414 1284 4487 instituens
1338 4412 1422 4485 de
1477 4412 1738 4485 eodem.
1797 4411 1992 4503 Quod
2045 4412 2170 4485 ubi
2222 4411 2733 4484 Lithuanorum
2788 4416 2859 4485 et
2912 4412 3397 4485 Ruthenorum

300 4555 626 4626 proceres
687 4554 1124 4627 persensere,
1189 4533 1384 4605 illico
1439 4532 1630 4625 Rege
1694 4532 2002 4625 deserto,
2069 4532 2158 4605 ad
2222 4532 2483 4604 Ducem
2542 4531 2897 4624 Switrigal
2961 4530 3395 4623 confugiunt,

301 4654 556 4747 illique
619 4658 950 4745 tanquam
1014 4675 1245 4727 rerum
1308 4652 1730 4725 Lithuaniae
1794 4672 2134 4724 summam
2200 4652 2484 4742 adepto,
2559 4650 2930 4725 adhaerere
2993 4654 3390 4742 coeperunt,

302 4774 382 4848 in
437 4795 770 4867 suamque
799 4772 863 4864 8)
919 4778 1032 4865 (ut
1086 4775 1500 4866 plerumque
1553 4772 1705 4845 eius
1757 4771 1990 4865 gentis
2045 4776 2213 4845 sunt
2260 4770 2571 4863 ingenia,
2628 4770 3041 4844 mutabilem
3094 4755 3229 4861 pro*
3272 4790 3395 4841 va·

299 4896 556 4970 rietate
625 4897 946 4968 fortunae
1007 4892 1320 4987 gerentia
1348 4891 1412 4982 ⁹)
1475 4892 1713 4981 fidem)
1786 4912 1996 4983 super
2057 4890 2529 4983 captivatione
2591 4890 2807 4983 Regis
2874 4888 3254 4962 Wladislai
3330 4892 3401 4962 et

302 5018 728 5089 Polonorum
783 5015 1164 5103 occisione,
1229 5014 1332 5087 ire
1397 5011 1851 5102 sententiam,
1917 5011 2403 5104 unusquisque
2464 5031 2589 5102 pro
2644 5032 2721 5083 se
2782 5008 3263 5082 assistentiam
3328 5011 3401 5080 et

520 5306 568 5383 ¹)
617 5325 794 5368 versa
837 5313 930 5369 est
986 5308 1269 5383 illumque
1314 5311 1518 5368 secuta
1568 5298 1696 5369 Ed.
1743 5300 1926 5391 Lips.
1997 5300 2050 5387 ⁹)
2095 5323 2172 5366 an
2216 5298 2344 5368 Ed.
2391 5297 2574 5389 Lips.
2648 5302 2701 5385 ³)
2746 5300 3071 5365 Withawdi
3115 5298 3404 5365 demortui

301 5406 459 5475 Cod.
505 5407 699 5472 Rozr.
749 5406 806 5495 ⁴)
851 5411 1132 5472 videlicet
1171 5412 1456 5471 Poloniae
1503 5404 1655 5472 Cod.
1685 5406 1880 5472 Rozr.
1930 5408 1986 5489 ⁶)
2029 5410 2229 5488 Mazik
2285 5404 2437 5471 Ood.
2471 5406 2665 5471 Rozr.
2714 5406 2767 5487 ⁶)
2814 5408 3005 5469 eidem
3048 5404 3185 5467 Eat·
3218 5403 3401 5489 Lips-

301 5512 356 5594 Ἰ)
407 5514 462 5574 ei
511 5508 663 5575 Cod.
695 5509 884 5575 Rozr.
933 5510 986 5593 ⁸)
1035 5518 1095 5574 et
1133 5513 1198 5573 in
1240 5514 1430 5590 ipsius
1478 5506 1629 5575 Cod.
1664 5508 1858 5574 Rozr.
1909 5509 1962 5591 ⁹)
2007 5513 2339 5589 gerentium
2394 5508 2547 5574 cod.
2598 5504 2776 5573 Calv.

349 5664 396 5707 J.
422 5663 614 5715 mago..
641 5662 814 5705 metor.
839 5662 1001 5706 roien.
1027 5664 1077 5705 r.
1105 5662 1188 5705 Π.
3014 5638 3083 5695 53
