4342 6384
419 577 554 684 (Α.
595 579 687 660 D.
733 577 964 684 1419.)
1589 603 1816 660 mann
1867 601 2324 661 monemus.
3366 582 3523 662 233

417 791 851 882 insidebant,
916 792 1088 866 item
1144 797 1412 884 septem
1477 792 1658 866 alios
1715 813 1930 886 equos
1985 794 2327 883 militum,
2398 815 2703 870 sessores
2757 793 3044 868 illorum
3082 797 3139 886 ¹)
3194 795 3268 868 in
3324 798 3524 869 nullo
3602 867 3606 872 .

419 911 797 987 offendens.
855 911 1128 986 Occidit
1163 917 1233 986 et
1270 935 1526 1004 equum
1581 913 1828 1006 RegiS,
1886 914 2000 986 cui
2035 914 2513 988 cubicularius
2550 915 2939 990 Forszthek
2994 916 3079 989 de
3132 917 3431 1009 Czczyca
3460 915 3524 1003 2)

417 1033 728 1106 lanceam
785 1032 1188 1106 vibratilem
1243 1033 1458 1126 Regis
1515 1034 1746 1108 ferens
1779 1032 1840 1124 ³)
1899 1033 2281 1124 insidebat,
2340 1034 2774 1126 chlamydem
2812 1035 3122 1110 eiusdem
3162 1037 3521 1110 cubicula·

416 1151 511 1225 rii
563 1154 953 1227 Forszthek
1015 1175 1141 1247 per
1203 1153 1508 1232 medium
1573 1154 2012 1248 discerpens,
2079 1177 2331 1248 corpus
2396 1176 2560 1230 vero
2625 1176 2765 1228 non
2819 1156 3255 1248 contingens.
3324 1157 3521 1231 Wla-

421 1272 689 1346 dislaus
745 1278 981 1347 autem
1034 1274 1371 1348 Poloniae
1423 1275 1581 1348 Rex
1635 1280 1900 1350 terrore
1955 1276 2281 1349 horribili
2336 1275 2654 1349 fulminis
2702 1277 3187 1366 tremefactus,
3246 1277 3520 1351 baroni-

416 1391 548 1466 bus
604 1398 675 1467 et
727 1393 1078 1468 militibus
1116 1395 1204 1467 ad
1240 1415 1435 1484 eum,
1491 1397 1941 1488 percussione
1996 1396 2314 1469 fulminis
2370 1397 2764 1486 desinente,
2832 1397 3393 1486 accurrentibus,
3452 1403 3522 1470 et

417 1530 719 1604 quonam
773 1515 976 1589 modo
1025 1536 1099 1590 se
1133 1515 1454 1606 haberet,
1513 1517 2076 1605 sciscitantibuS,
2133 1517 2342 1610 longo
2380 1521 2723 1610 tempore,
2765 1517 2916 1590 sive
2954 1517 3026 1590 id
3064 1517 3517 1606 exanimatio,

417 1632 566 1706 sive
622 1633 869 1727 ingens
925 1641 1152 1709 metus
1201 1637 1567 1726 causabat,
1625 1638 1902 1710 nullum
1939 1658 2351 1729 responsum
2390 1636 2635 1726 edenS,
2676 1658 2815 1710 non
2852 1659 3054 1711 secus
3092 1659 3300 1731 quam
3338 1659 3517 1711 mor-

415 1757 582 1826 tuus
640 1776 684 1826 a
736 1755 1086 1829 militibus
1140 1757 1536 1850 lugebatur.
1595 1758 1890 1851 Erigens
1945 1757 2224 1831 tandem
2282 1779 2387 1846 se,
2447 1757 2715 1830 viribus
2772 1777 2945 1849 quas
3000 1764 3229 1831 metus
3276 1758 3507 1831 occlu-

413 1878 632 1962 serat,
688 1875 1101 1968 resumptis,
1168 1877 1365 1969 loqui
1437 1879 1694 1971 coepit,
1779 1899 2018 1951 casum
2081 1883 2226 1950 tam
2280 1877 2701 1952 horrendum
2765 1880 3099 1969 profitens
3172 1897 3295 1970 pro
3360 1879 3513 1951 suis

414 1993 776 2068 demeritis
832 1996 1019 2070 iuste
1076 1998 1414 2080 evenisse.
1471 1999 1780 2072 Pertulit
1835 2002 2067 2071 autem
2123 1998 2564 2071 Wladislaus
2620 1998 2773 2071 Rex
2815 1983 2914 2072 ex'
2941 1998 3236 2071 fulmine
3272 1999 3517 2071 huius-

415 2115 602 2187 modi
666 2115 740 2188 in
806 2115 1056 2190 dextra
1118 2139 1326 2190 manu
1389 2119 1698 2193 dolorem
1761 2119 1944 2192 infra
2010 2117 2160 2192 dies
2216 2139 2475 2211 paucos
2531 2116 2996 2206 desinentem,
3054 2122 3126 2190 et
3179 2118 3253 2190 in
3311 2139 3519 2192 sensu

415 2234 700 2308 auditus
765 2236 1148 2329 aliqualem
1213 2239 1712 2327 occlusionem,
1790 2239 1912 2312 sed
1977 2244 2046 2312 et
2108 2239 2533 2312 vestimenta
2586 2238 2739 2311 eius
2796 2239 3134 2330 sulphure
3210 2238 3515 2312 olebant.

417 2354 626 2427 Hunc
679 2377 920 2430 casum
973 2357 1313 2431 ultionem
1359 2361 1502 2434 irae
1547 2361 1680 2433 Dei
1741 2359 2257 2453 designantem,
2314 2357 2632 2451 religiosi
2686 2363 2759 2431 et
2813 2357 3124 2431 timorati
3188 2357 3325 2431 viri
3379 2378 3518 2430 non

415 2475 498 2546 ob
553 2474 752 2549 aliud
807 2476 1200 2550 Wladislao
1265 2479 1446 2572 Regi
1507 2479 1842 2552 rebantur
1904 2478 2275 2567 accidisse,
2342 2477 2483 2550 nisi
2540 2478 2706 2570 quia
2760 2498 3062 2552 sororem
3125 2498 3252 2570 per
3305 2477 3511 2570 spiri-

413 2596 676 2668 tualem
733 2597 1216 2691 cognationem
1270 2619 1704 2690 germanam,
1771 2599 2140 2672 Elisabeth
2195 2599 2651 2686 Granowska,
2709 2598 3061 2690 accepisse
3116 2598 3321 2670 illum
3374 2619 3513 2669 non

413 2715 719 2805 pudebat
773 2716 849 2789 in
901 2738 1216 2791 uxorem.
1271 2718 1597 2792 Liberius
1655 2725 1888 2792 tamen
1942 2719 2306 2811 aliquanto
2345 2739 2386 2791 a
2426 2717 2728 2809 Sbigneo
2770 2718 2855 2791 de
2894 2717 3350 2792 Oleschnicza
3406 2739 3511 2790 se-

417 2835 715 2908 cretario
745 2857 872 2909 suo
899 2838 1055 2912 Rex
1084 2845 1472 2930 correptus:
1515 2839 2067 2927 Elementorum,
2110 2839 2376 2930 inquit,
2414 2843 2507 2926 te,
2538 2860 2577 2910 o
2606 2839 2794 2912 Rex!
2831 2839 3257 2926 ferientium,
3296 2860 3513 2930 quan-

414 2959 559 3026 tum
627 2956 931 3044 facinus,
998 2957 1350 3032 miscendo
1415 2965 1484 3034 te
1549 2961 1768 3034 sorori
1831 2980 2235 3053 germanae,
2310 2958 2936 3032 commaternitatis
3009 2959 3281 3052 vigore,
3359 2958 3511 3030 eius

416 3075 675 3167 quippe
728 3080 950 3150 mater
995 3081 1062 3150 te
1109 3078 1193 3151 de
1231 3080 1422 3152 fonte
1477 3080 1867 3169 levaverat,
1929 3077 2331 3167 admiseris,
2388 3077 2871 3152 testimonium
2924 3077 3291 3170 accepisti,
3349 3077 3513 3150 dum

412 3198 481 3265 et
515 3215 872 3268 murorum
912 3200 978 3269 te
1014 3197 1226 3270 robur
1277 3219 1415 3271 non
1455 3200 1864 3273 sustinendo
1919 3199 2371 3292 praecipitat,
2430 3205 2502 3272 et
2556 3199 2827 3272 coelum
2882 3198 3176 3271 fulmine
3222 3203 3291 3270 et
3328 3198 3514 3290 ignis

411 3313 828 3406 fulgurando
883 3316 1324 3406 condemnat,
1381 3319 1608 3392 undae
1638 3319 1726 3408 ⁴),
1783 3319 1924 3392 nisi
1961 3319 2428 3410 poenitueris,
2467 3319 2879 3392 metuendae
2918 3323 3085 3391 sunt
3122 3339 3209 3391 ne
3245 3318 3510 3390 demer-

408 3439 578 3525 gant
609 3433 696 3522 5),
753 3438 940 3508 terra
993 3436 1226 3510 timori
1289 3438 1604 3510 habenda
1657 3461 1744 3512 ne
1798 3438 2193 3512 absorbeat.
2259 3439 2434 3510 Tum
2492 3459 2767 3530 quoque
2828 3439 3131 3530 primum
3200 3438 3509 3512 Wladis-

408 3554 564 3626 laus
620 3555 956 3630 Poloniae
1008 3557 1197 3647 Rex,
1255 3558 1464 3652 plaga
1517 3559 1840 3633 horribili
1897 3581 2195 3652 superne
2248 3563 2562 3650 accepta,
2620 3558 2868 3631 timere
2924 3557 3060 3632 sibi
3116 3557 3381 3650 coepit,
3440 3564 3541 3641 et,

408 3675 929 3748 matrimonium
960 3677 1023 3766 θ)
1078 3678 1223 3750 Deo
1279 3685 1349 3752 et
1401 3679 1802 3753 hominibus
1859 3680 2151 3769 odibile,
2210 3680 2395 3771 quod
2448 3700 2607 3752 cum
2661 3677 3030 3751 Elisabeth
3084 3677 3509 3752 Granowska

408 3801 888 3885 contraxerat,
946 3797 1279 3871 execrari.
1339 3801 1659 3873 Assertio
1716 3800 1926 3873 etiam
1983 3800 2285 3873 habebat
2339 3798 2768 3891 aliquorum,
2828 3798 3012 3889 quod
3065 3796 3389 3870 dubietas
3426 3800 3506 3870 fi-

407 3914 518 3988 dei
575 3916 1002 3991 christianae
1055 3917 1120 3991 ei
1175 3919 1500 3992 veniebat
1556 3920 1628 3992 in
1681 3925 1982 3994 mentem
2038 3920 2238 3993 velut
2290 3918 2671 4010 neophyto,
2722 3939 2881 3990 cum
2928 3917 3161 3989 subito
3214 3917 3508 3990 fulmine

404 4055 780 4125 percussus
837 4041 966 4111 est.
1025 4037 1161 4111 Sed
1217 4059 1342 4112 nec
1385 4039 1538 4131 ipse
1575 4044 1781 4129 tunc,
1837 4045 1961 4113 aut
2015 4039 2381 4131 expost'1),
2440 4037 2710 4110 facinus
2768 4059 2935 4110 suae
2985 4037 3060 4111 in
3099 4037 3233 4110 fide
3287 4038 3504 4110 vacil-

403 4154 693 4229 lationis
747 4157 1085 4247 prodidit,
1143 4179 1268 4232 nec
1323 4160 1678 4253 cuiquam,
1735 4182 1825 4234 an
1879 4161 1952 4232 id
2007 4180 2250 4234 verum
2306 4157 2549 4246 fuerit,
2609 4157 2814 4230 facilc
2870 4157 3217 4231 succurrit
3244 4156 3333 4247 8).

619 4445 670 4528 ¹)
716 4466 915 4509 eorum
971 4447 1124 4511 eod.
1181 4447 1374 4512 Rozr.
1439 4449 1488 4532 2)
1539 4451 1733 4530 Ozyca
1780 4446 1932 4514 Coa.
1979 4449 2171 4513 Rozr.
2237 4449 2293 4529 ³)
2336 4469 2550 4527 gerens
2608 4445 2759 4512 Cod.
2807 4446 3001 4524 Rom·⁸
3062 4445 3117 4528 ⁴)
3158 4449 3333 4509 Unde
3378 4445 3504 4510 Ed.

401 4545 585 4632 Lips.
637 4548 694 4631 ⁵)
737 4554 1059 4614 metuenda
1103 4559 1242 4614 sunt
1285 4572 1357 4614 ea
1401 4573 1476 4615 ne
1521 4560 1580 4615 te
1627 4557 1972 4632 demergant
2019 4549 2170 4617 Cod.
2216 4553 2409 4616 Rozr.
2474 4551 2525 4632 ⁶)
2572 4553 3003 4614 matrimonium
3050 4553 3330 4612 horribile
3375 4549 3502 4612 Ed.

399 4649 582 4736 Lips.
634 4649 690 4734 ⁷)
739 4661 949 4732 postea
997 4651 1150 4718 God.
1203 4654 1396 4719 Rozr.
1447 4655 1498 4738 ⁸)
1547 4659 1884 4720 sucurrerit.
1929 4656 2056 4720 Ed.
2103 4655 2284 4742 Lips.
2426 4727 2428 4730 Α

449 5647 500 5696 3.
529 5647 722 5704 ninam.
747 5651 870 5696 mut.
895 5651 1058 5698 roien.
1082 5655 1135 5699 τ.
1161 5651 1242 5698 rr.
2898 5631 2915 5644 ⁵
3085 5641 3156 5697 30
