4342 6384
880 560 1031 636 63⁰
2041 582 2271 636 mmm
2323 576 2836 634 utronno-mus·
3416 551 3562 653 (Α.
3596 549 3707 626 D.
3755 541 4044 641 mo.)

876 770 949 842 et
1001 770 1165 860 post
1218 769 1482 840 multas
1536 765 2077 842 deliberationes
2140 766 2548 840 conclusum
2601 766 2742 851 est,
2810 767 2893 836 ut
2943 761 3350 836 resistentia
3411 759 3826 833 Elisabeth
3889 755 4034 826 Re-

872 886 1077 980 ginae
1148 886 1586 980 Hungariae,
1662 888 2316 980 Praelatorumque‚
2390 885 2729 958 baronum
2800 887 2871 956 et
2943 882 3314 956 civitatum
3391 881 3534 954 sibi
3601 880 4032 952 adhaeren-

874 1005 1057 1079 tium
1121 1027 1260 1080 non
1314 1007 1672 1098 obstante,
1748 1007 2190 1082 Wladislaus
2253 1008 2410 1081 Rex
2483 1026 2731 1080 versus
2795 1005 3066 1078 Budam
3129 1003 3488 1095 procedat,
3569 999 4034 1074 electionem

876 1147 1076 1200 suam
1129 1132 1655 1220 prosecuturus,
1714 1125 1995 1202 Simone
2050 1127 2374 1219 episcopo
2429 1125 2762 1220 Agriensi
2815 1123 3056 1198 felices
3111 1144 3478 1197 successus
3535 1121 4028 1214 negotiorum

876 1246 1333 1340 promittente
1386 1252 1458 1323 et
1512 1269 1782 1322 omnem
1838 1251 2101 1324 metum
2154 1245 2608 1323 adversitatis
2663 1244 3053 1322 contrariae
3105 1248 3558 1318 extenuante.

1083 1612 1478 1686 vladislaus
1520 1612 1661 1685 nox
1678 1669 1695 1700 ,
1740 1613 1971 1688 relicto
2014 1613 2083 1686 in
2129 1613 2484 1688 Koszmrk
2528 1612 2790 1686 nicolao
2836 1610 2918 1683 do
2961 1611 3161 1683 Peren
3181 1666 3198 1697 ,
3241 1610 3520 1682 ultoniae
3565 1608 3794 1695 vadit,

1584 1737 1787 1826 atque
1826 1735 1900 1807 in
1942 1735 2336 1826 ippum
2379 1733 2730 1808 morinco
2776 1736 3098 1823 exceptu
3139 1735 3268 1803 ott.

1084 1973 1595 2051 Gubernationi
1647 1971 1929 2048 Nicolai
1980 1973 2065 2046 de
2100 1973 2326 2048 Peren
2380 1972 2704 2066 Hungari
2759 1973 2849 2046 ad
2885 1970 3257 2046 consilium
3307 1969 3618 2044 Simonis
3675 1965 4010 2060 episcopi

878 2094 1251 2189 Agriensis
1304 2091 1559 2186 oppido
1610 2094 2000 2168 Keszmark
2050 2114 2178 2187 per
2229 2092 2704 2167 Wladislaum
2758 2093 3022 2185 Regem
3077 2091 3477 2178 commisso,
3543 2089 3724 2162 licet
3781 2089 4006 2160 Prae·

877 2215 1015 2290 lati
1067 2218 1139 2288 et
1192 2215 1484 2288 barenes
1538 2213 1873 2288 Poloniae
1926 2213 2152 2287 satius
2170 2268 2188 2301 ,
2245 2213 2613 2305 tutiusque
2667 2212 3100 2289 iudicassent
3152 2211 3352 2285 illius
3404 2208 4006 2305 gubernationem

877 2335 1173 2410 Derslao
1226 2332 1685 2407 Wlostowski
1738 2334 2003 2407 Polono
2069 2333 2669 2421 committendam,
2739 2331 2914 2405 feria
2968 2337 3220 2424 quarta
3280 2331 3354 2404 in
3409 2331 3667 2423 vigilia
3723 2329 3998 2402 Ascen-

878 2454 1099 2530 siouis
1154 2452 1467 2542 Domini,
1526 2473 1705 2546 quae
1764 2453 1901 2528 fuit
1936 2453 2085 2526 dies
2142 2452 2384 2527 Sancti
2421 2452 2742 2526 Floriani
2796 2456 2866 2525 et
2903 2458 3154 2544 quarta
3207 2450 3466 2524 mensis
3521 2450 3736 2538 Maii,
3799 2471 3994 2541 egre-

876 2574 1070 2648 ditur
1140 2573 1581 2648 Wladislaus
1653 2574 1811 2647 Rex
1876 2574 1967 2646 de
2032 2575 2423 2648 Keszmark
2491 2573 2567 2647 in
2637 2570 3089 2646 rutilantium
3161 2593 3508 2644 armorum
3583 2571 3990 2662 splendore,

875 2695 1123 2770 multis
1205 2694 1525 2769 millibus
1596 2694 2019 2768 Polonorum
2093 2698 2167 2766 et
2239 2693 2734 2787 Hungarorum
2807 2693 3182 2767 comitatus
3197 2748 3216 2781 ,
3291 2691 3604 2784 facitque
3681 2688 3988 2782 primum

874 2819 1296 2890 nocturnum
1350 2815 1425 2888 in
1477 2815 1947 2906 Nowawyesz.
2023 2814 2111 2886 In
2164 2813 2474 2887 crastino
2527 2835 2715 2903 vero,
2774 2812 3106 2888 videlicet
3159 2813 3272 2885 die
3327 2811 3800 2885 Ascensionis
3853 2811 3982 2880 Do-

876 2935 1082 3025 mini,
1138 2935 1382 3010 audita
1436 2933 1653 3009 missa
1714 2933 1789 3007 in
1844 2933 1913 3008 N
1916 2954 2290 3026 owawyesz
2353 2954 2479 3026 per
2533 2932 2916 3026 Sbigneum
2980 2933 3506 3007 cracoviensem
3573 2931 3982 3024 episcopum

878 3054 1263 3130 solenniter
1314 3057 1628 3144 cantata,
1698 3054 1879 3127 facto
1944 3052 2158 3127 etiam
2221 3053 2375 3127 illic
2426 3053 2752 3145 prandio,
2809 3053 3006 3128 venit
3057 3055 3148 3126 ad
3201 3056 3475 3126 noctem
3539 3052 3616 3123 in
3673 3052 3980 3143 Podgro-

876 3174 1051 3268 dzye
1088 3175 1177 3265 ι);
1234 3173 1409 3247 feria
1446 3177 1649 3248 sexta
1683 3172 1759 3246 in
1795 3173 2103 3247 crastino
2141 3172 2600 3247 Ascensionis
2638 3173 2920 3247 Domini
2957 3195 3282 3267 egressus
3318 3173 3403 3245 de
3440 3172 3906 3265 Podgrodzye
3923 3169 3978 3258 2)

877 3293 953 3367 in
1010 3293 1332 3368 Sobinow
1362 3291 1449 3384 ³),
1506 3293 1628 3366 ubi
1682 3293 1769 3366 ad
1808 3315 2005 3367 suam
2044 3292 2507 3367 Serenitatem
2544 3293 2742 3367 venit
2779 3293 3208 3368 Wilhelmus
3247 3291 3564 3365 Nuntius
3604 3291 3906 3364 Amedei
3923 3293 3980 3380 ⁴)

876 3413 1093 3490 Ducis
1150 3413 1541 3490 sabaudiae
1594 3412 1668 3488 in
1706 3415 2180 3488 Romanorum
2233 3412 2648 3489 Pontificem
2700 3435 2827 3506 per
2861 3413 3253 3487 Concilium
3291 3411 3692 3486 Basiliense
3749 3411 3980 3497 electi,

877 3534 1109 3608 ferens
1168 3555 1404 3608 secum
1455 3534 1690 3607 bullas
1746 3533 2055 3607 eiusdem
2112 3534 2406 3610 Amedei
2432 3533 2497 3624 5)
2553 3535 2764 3608 electi
2819 3540 2891 3607 et
2946 3533 3244 3607 concilii
3300 3530 3730 3637 Basiliensis
3787 3531 3982 3603 Wla·

876 3653 1103 3727 dislao
1166 3653 1349 3748 Regi
1410 3653 1745 3727 Poloniae
1817 3653 2178 3742 titulatas,
2251 3653 2328 3727 iu
2390 3652 2647 3746 quibus
2721 3675 2890 3726 suae
2963 3652 3344 3728 Serenitati
3419 3651 3979 3744 significabatur,

878 3773 1187 3867 qualiter
1238 3775 1597 3867 praefatus
1652 3773 2003 3848 Amedeus
2032 3774 2095 3863 ⁰)
2151 3778 2319 3847 tunc
2373 3773 2448 3846 in
2503 3772 2887 3847 solitudine
2939 3772 3274 3866 Ripariae
3309 3773 3616 3846 decanus
3670 3771 3982 3844 militum

876 3893 1191 3968 existens
1252 3896 1327 3968 et
1402 3892 1795 3966 solitariam
1858 3897 2071 3985 atque
2130 3895 2590 3967 monasticam
2653 3893 2874 3966 vitam
2929 3893 3223 3982 ducena,
3288 3893 3558 3966 electus
3623 3891 3765 3963 fuit
3817 3913 3978 3964 con-

876 4013 1179 4090 corditer
1250 4034 1374 4105 per
1437 4012 1824 4087 Concilium
1889 4012 2285 4087 Basiliense
2357 4011 2432 4085 in
2495 4014 2790 4104 Papam,
2857 4019 2930 4086 et
2991 4013 3204 4086 Felix
3268 4013 3560 4104 quintus
3625 4009 3978 4103 cognomi·

876 4135 1111 4205 natus.
1196 4131 1449 4223 Sicque
1510 4131 1585 4204 in
1638 4131 1912 4224 Papatu
1994 4132 2131 4204 duo
2196 4133 2721 4225 praesidebant,
2786 4134 3050 4206 Romae
3113 4132 3473 4225 Eugenius
3549 4135 3850 4223 quartus
3911 4135 3986 4202 ot

877 4251 953 4325 in
1006 4250 1291 4327 Basilea
1343 4251 1551 4324 Felix
1605 4250 1929 4343 quintus,
1988 4251 2293 4325 schisma
2347 4273 2622 4344 quoque
2677 4253 3176 4345 gravissimum
3231 4252 3512 4325 crudele
3568 4254 3640 4322 et
3694 4271 3976 4325 execra-

876 4369 1023 4444 bile
1076 4374 1337 4444 extunc
1391 4369 1621 4462 coepit
1674 4376 1746 4444 et
1800 4371 2046 4444 multis
2100 4371 2306 4444 annis
2361 4371 2668 4446 duravit.
2746 4373 3052 4446 Sabbato
3105 4376 3269 4464 post
3325 4371 3787 4445 Ascensionis
3843 4373 3978 4443 Do-

880 4489 1087 4579 mini,
1141 4487 1435 4581 prandio
1491 4489 1699 4578 facto,
1757 4483 2195 4564 Wladislaus
2234 4481 2389 4564 Rex
2443 4492 2746 4584 praefati
2782 4492 3074 4566 Amedei
3105 4493 3169 4583 ⁷)
3207 4491 3414 4566 electi
3451 4491 3726 4564 Nuntio
3763 4491 3976 4563 licen·

878 4607 1055 4682 tiato
1116 4614 1189 4684 et
1240 4612 1721 4696 remunerato,
1786 4628 1874 4681 ex
1932 4607 2254 4683 Sobinow
2282 4608 2346 4698 ⁸)
2410 4611 2710 4684 discedit
2779 4615 2852 4685 et
2912 4612 2988 4685 in
3055 4611 3390 4704 oppidum
3443 4610 3886 4703 Apperiasch
3913 4609 3980 4696 ⁹)

876 4727 1129 4816 intrat,
1185 4727 1307 4802 ubi
1362 4749 1530 4801 suae
1584 4726 1962 4802 Serenitati
2016 4726 2258 4801 Simon
2322 4730 2406 4802 de
2461 4731 2724 4805 Czuder
2761 4731 2853 4820 ¹⁰)
2907 4753 3066 4804 cum
3122 4729 3461 4804 fratribus
3526 4737 3598 4804 et
3650 4729 3978 4822 plurimis

880 4845 1239 4939 Hungaris
1292 4845 1619 4932 occurrit,
1676 4851 1750 4921 et
1802 4869 2001 4920 suam
2058 4847 2525 4924 Serenitatem
2578 4850 2978 4926 humillime
3031 4851 3334 4943 excepit.
3392 4853 3482 4924 In
3535 4850 3794 4942 oppido
3835 4851 3974 4942 Ap·

1096 5149 1145 5226 ¹)
1187 5152 1493 5230 Podgorze
1540 5146 1694 5215 Cod.
1724 5149 1902 5214 Koet.
1947 5151 2192 5231 (Saepes
2236 5155 2563 5234 Varallya).
2661 5155 2706 5234 ²)
2754 5158 3064 5234 Podgorze
3111 5153 3265 5220 Cocl.
3297 5155 3474 5220 Kost.
3524 5155 3580 5233 ⁸)
3626 5159 3978 5218 Schubinow

886 5248 1039 5316 Cod-
1090 5249 1267 5316 Koct.
1314 5252 1677 5334 (Gibinium).
1724 5253 1779 5332 ⁴)
1832 5255 2081 5317 Amadei
2124 5253 2251 5318 Ed.
2306 5254 2486 5339 Lips.
2561 5257 2612 5336 ³)
2660 5258 2911 5320 Amadei
2961 5257 3083 5320 Ed.
3137 5258 3320 5343 Lipe.
3391 5259 3446 5338 ⁶)
3491 5261 3795 5322 Amadeus
3857 5259 3976 5321 Ed.

884 5351 1065 5518 ἓξὲξ.
1092 5353 1487 5523 ganz-dg
1510 5351 1663 5420 cod.
1710 5354 1885 5420 Kont-
1949 5357 2002 5434 8)
2048 5357 2404 5421 Schubinow
2459 5359 2612 5424 eod.
2643 5359 2820 5425 Koat.
2872 5358 2926 5445 ⁰)
2974 5363 3302 5441 Operiasch
3359 5361 3516 5424 ὠά.
3563 5359 3742 5426 Κοεε.
3794 5362 3881 5441 ¹⁰)
3907 5365 3976 5424 de
