4342 6384
858 612 1007 688 394
2031 635 2259 688 menn
2310 629 2771 687 unnncnms
3384 611 3517 712 (Α.
3558 605 3651 685 D.
3690 605 3943 710 ⁸430.)

859 822 1178 913 „damnis
1233 826 1302 894 et
1341 819 1736 912 sumptibus
1791 819 1977 892 tueri
2031 821 2285 892 debent
2340 825 2408 893 et
2446 819 2837 893 omnimode
2875 823 3246 893 teneantur
3282 821 3360 908 ¹).
3417 821 3507 892 In
3544 839 3715 892 casu
3752 840 3939 906 vero,

857 962 1036 1033 „quo
1091 941 1351 1032 aliquis
1414 940 1734 1013 aemulus
1798 939 2028 1032 Regni
2091 939 2318 1012 nostri
2384 961 2819 1032 quocumque
2882 942 3081 1012 modo
3146 940 3381 1031 ipsum
3410 938 3475 1029 2)
3543 939 3939 1026 intraverit,

855 1066 968 1150 „et
1021 1082 1178 1133 cum
1231 1061 1470 1134 eodem
1534 1059 1933 1131 conflictum
2007 1059 2195 1131 intra
2256 1064 2479 1132 metas
2546 1059 2856 1132 eiusdem
2920 1060 3148 1151 Regni
3212 1059 3600 1151 terrigenas
3666 1065 3941 1130 nostros

853 1182 1122 1270 „faeere
1175 1179 1579 1270 contigerit,
1641 1178 1902 1252 eisdem
1941 1177 2315 1270 terrigenis
2370 1201 2495 1270 pro
2534 1165 2945 1270 captivitate
3002 1179 3381 1268 duntaxat3
3440 1179 3499 1250 si
3538 1199 3705 1250 vero
3744 1185 3943 1251 extra

853 1305 1120 1390 „metas
1174 1299 1244 1370 id
1299 1299 1531 1390 ipsum
1585 1297 1738 1371 fieri
1791 1299 2195 1390 contigerit,
2252 1304 2420 1370 tunc
2474 1304 2545 1370 et
2598 1321 2721 1389 pro
2759 1299 3063 1386 damnis,
3123 1298 3183 1370 si
3222 1320 3430 1389 quae,
3490 1299 3675 1390 quod
3730 1299 3937 1386 absit,

855 1418 1354 1508 „incurrerint,
1415 1422 1486 1489 et
1536 1439 1662 1510 pro
1699 1417 2113 1509 captivitate
2169 1418 2719 1490 satisfactionem
2776 1419 3188 1510 condignam
3226 1419 3650 1510 impendere.
3709 1419 3937 1510 Capti-

855 1555 1023 1628 „vos
1078 1542 1311 1612 autem
1369 1538 1753 1630 quoslibet,
1824 1558 1996 1630 quos
2053 1541 2253 1610 extra
2310 1542 2379 1610 et
2434 1539 2621 1610 intra
2674 1543 2895 1610 metas
2960 1538 3188 1630 Regni
3244 1537 3589 1628 praedicti
3642 1559 3768 1628 per
3820 1560 3939 1610 no-

857 1663 1086 1748 „stros
1160 1658 1544 1750 terrigenas
1617 1658 1772 1750 capi
1837 1658 2243 1748 contigerit,
2319 1678 2443 1750 pro
2517 1658 3002 1749 depactatione
3074 1678 3197 1748 per
3270 1658 3549 1729 eosdem
3622 1658 3943 1749 captivos

859 1777 1102 1866 „nobis
1157 1777 1472 1850 facienda
1508 1777 1810 1849 retinere
1847 1778 2171 1849 volumus
2210 1778 2493 1868 penitus
2549 1782 2621 1850 et
2654 1778 2931 1850 habere.
2989 1778 3168 1849 Item
3207 1777 3717 1870 promittimuS,
3760 1778 3945 1868 quod

858 1897 963 1986 „si
1019 1900 1327 1988 tempore
1382 1917 1456 1968 se
1512 1896 1839 1969 offerente
1900 1902 1972 1969 et
2024 1897 2445 1970 necessitate
2508 1902 2833 1988 urgente,
2899 1897 2973 1968 in
3029 1917 3222 1988 spem
3286 1896 3593 1968 alicuius
3658 1897 3941 1988 expedi-

859 2014 1118 2105 „tionis
1172 2017 1481 2104 futurae,
1539 2021 1778 2087 contra
1829 2017 2138 2088 hostium
2195 2022 2266 2088 et
2318 2017 2748 2089 aemulorum
2803 2016 3113 2088 insultus
3170 2020 3239 2088 et
3274 2016 3747 2105 hostilitateS‚
3804 2021 3943 2088 ter-

859 2135 1166 2226 „rigenis
1219 2135 1484 2206 nostris
1539 2140 1740 2207 extra
1793 2139 2017 2208 metas
2071 2137 2300 2228 Regni
2356 2135 2967 2228 expeditionaliter
3021 2135 3215 2209 exire
3269 2157 3393 2208 seu
3448 2157 3523 2208 se
3566 2138 3949 2209 transferre

863 2255 1392 2344 „mandabimus
1431 2275 1555 2326 seu
1592 2255 2077 2327 mandaremus
2109 2253 2197 2345 3),
2254 2256 2619 2347 pecuniae,
2677 2256 3008 2329 videlicet
3044 2256 3353 2346 quinque
3407 2275 3678 2327 marcas
3734 2277 3948 2348 super

859 2373 1176 2463 „hastam
1232 2373 1623 2465 quamlibet
1676 2375 1839 2446 dare
1894 2375 2010 2447 vel
2064 2375 2487 2448 distribuere
2540 2395 2667 2446 nos
2724 2375 3205 2466 promittimus
3234 2375 3333 2463 ⁴);
3389 2395 3557 2448 casu
3608 2395 3778 2447 vero
3825 2397 3949 2448 sen

860 2511 1230 2582 „successu
1286 2493 1620 2584 temporis
1677 2493 2037 2583 offerente,
2112 2495 2276 2566 dum
2332 2494 2514 2566 infra
2568 2495 2875 2585 spatium
2929 2495 3225 2566 duorum
3253 2493 3319 2584 5)
3392 2515 3733 2567 annorum
3788 2501 3952 2587 post

859 2612 1468 2703 „distributionem
1522 2613 2011 2704 pecuniarum,
2081 2613 2185 2686 sic
2236 2621 2317 2685 ut
2370 2613 2873 2705 praemittitur,
2934 2616 3217 2703 factam,
3284 2615 3372 2686 ad
3426 2614 3949 2706 expeditionem

859 2751 1041 2822 „non
1093 2733 1672 2823 processerimus,
1729 2738 1990 2806 extunc
2026 2733 2239 2806 iidem
2298 2734 2685 2826 terrigenae
2748 2733 2833 2806 ab
2879 2734 3287 2806 huiusmodi
3322 2734 3639 2824 pecuniis
3694 2741 3769 2807 et
3804 2756 3947 2808 ser-

862 2851 1103 2941 „vitiis
1155 2852 1427 2924 ratione
1479 2852 1990 2943 praedictarum
2045 2853 2503 2944 pecuniarum
2558 2851 2929 2942 faciendiS,
2997 2859 3204 2926 erunt
3266 2853 3484 2926 soluti
3536 2854 3823 2944 penitus
3882 2861 3951 2926 et

863 2971 1249 3062 „exempti;
1327 2971 1389 3042 si
1444 2975 1677 3044 autem
1732 2971 1914 3044 infra
1967 2972 2334 3045 decursum
2364 2973 2427 3062 6)
2500 2973 2873 3046 eorundem
2936 2965 3231 3045 duorum
3286 2994 3627 3046 annorum
3680 2974 3771 3045 ad
3824 2995 3945 3046 ex-

864 3089 1331 3182 „peditionem
1394 3111 1551 3162 cum
1616 3091 1874 3164 eisdem
1938 3091 2311 3184 terrigenis
2373 3093 2635 3164 nostris
2700 3093 3076 3165 transitum
3145 3093 3544 3178 fecerimuS,
3621 3098 3693 3167 et
3750 3100 3951 3166 extra

863 3212 1129 3298 „metas
1184 3207 1416 3301 Regni
1473 3229 1630 3281 eum
1686 3211 2127 3302 expeditione
2183 3212 2757 3303 processerimus,
2826 3217 3084 3284 extunc
3138 3212 3350 3284 iidem
3414 3212 3809 3305 terrigenae
3864 3215 3947 3285 ab

863 3328 1169 3418 „eisdem
1223 3328 1542 3419 pecuniis
1598 3333 1668 3401 et
1706 3330 2018 3402 servitiis
2055 3336 2428 3423 praetextu
2465 3332 2867 3419 earundem,
2926 3331 3257 3404 similiter
3293 3332 3440 3404 sint
3476 3333 3717 3405 soluti.
3766 3334 3945 3406 Item

863 3448 1386 3541 „promittimus
1449 3470 1574 3540 pro
1638 3449 1908 3522 inclitis
1970 3450 2140 3522 filiis
2207 3450 2469 3522 nostris
2532 3449 2943 3540 praedictiS,
3020 3450 3204 3541 quod
3264 3453 3673 3542 postquam,
3740 3451 3947 3522 dante

837 3568 1231 3657 „Dominm
1289 3590 1474 3640 unus
1529 3568 1814 3640 illorum
1869 3569 1942 3640 in
1996 3571 2259 3662 Regem
2315 3570 2577 3642 electus
2642 3567 2917 3660 sceptra
2968 3569 3196 3662 Regni
3250 3570 3739 3660 amplectetur,
3806 3591 3945 3642 mo-

861 3691 1137 3778 „netam
1195 3709 1282 3761 ex
1339 3709 1776 3780 quocumque
1829 3709 2080 3780 genere
2133 3689 2407 3760 metalli
2460 3687 2723 3778 absque
2777 3707 3122 3760 consensu
3176 3689 3247 3760 et
3300 3687 3596 3760 consilio
3654 3689 3943 3780 speciali

863 3808 1392 3896 „Praelatorum
1447 3812 1518 3880 et
1569 3807 1908 3880 baronum
1973 3808 2205 3901 Regni
2258 3807 2590 3880 Poloniae
2646 3807 2893 3879 cudere
2957 3828 3095 3879 non
3149 3807 3545 3898 permittet:
3621 3809 3945 3899 quemad-

865 3927 1187 4016 „modum
1241 3949 1368 3999 nos
1423 3927 1575 4000 sine
1629 3927 1943 4019 ipsorum
1999 3947 2343 3999 consensu
2399 3933 2468 4000 et
2504 3926 2798 3999 consilio
2853 3926 3256 3998 huiusmodi
3302 3931 3651 4000 monetam
3706 3928 3949 4000 endere

865 4045 1287 4136 „noluimu8,
1325 4067 1453 4118 nec
1488 4047 1838 4118 cussimus
1860 4047 1946 4134 ⁷).
2003 4045 2460 4118 Absolvimus
2497 4047 2786 4138 insuper
2820 4048 2891 4118 et
2924 4049 3259 4136 perpetuo
3296 4047 3679 4118 liberamus
3716 4067 3951 4118 omnes

867 4170 981 4254 „et
1036 4164 1354 4254 singulos
1410 4165 1717 4236 omnium
1773 4164 2279 4258 terrigenarum
2332 4171 2727 4238 nostrorum
2780 4165 3191 4238 kmethones
3220 4165 3285 4254 Β)
3338 4167 3426 4238 ab
3482 4165 3806 4238 omnibus
3844 4185 3950 4236 so-

869 4283 1336 4374 „lutionibu8,
1394 4283 2028 4356 cont-ributionibus
2093 4288 2164 4357 et
2228 4283 2743 4372 exactionibus,
2813 4285 3153 4372 vecturis,
3221 4285 3613 4372 laboribuS,
3682 4284 3953 4376 equita-

868 4402 1094 4493 „turis
1158 4402 1562 4494 Podwody
1627 4403 1870 4491 dictis,
1937 4403 2279 4494 angariis,
2345 4403 2904 4494 gravaminibus,
2979 4404 3487 4476 frumentorum
3551 4403 3955 4476 dationibus

868 4522 1122 4613 „dietis
1181 4523 1335 4614 Sep
1391 4522 1804 4614 vulgariter,
1861 4526 2348 4614 praeterquam
2404 4522 2577 4594 duos
2631 4543 2911 4613 grossos
2966 4527 3287 4596 monetae
3342 4524 3617 4595 usualis
3671 4523 3955 4594 Poloni-

869 4641 1086 4732 „calis
1153 4645 1225 4713 et
1287 4641 1361 4712 in
1425 4641 1669 4732 Regno
1725 4641 2058 4714 Poloniae
2119 4641 2579 4714 communiter
2641 4641 3107 4730 decurrentis,
3183 4663 3359 4734 quos
3425 4642 3708 4733 quidem
3782 4642 3959 4714 duos

869 4781 1191 4854 „grossos
1269 4757 1572 4852 quilibet
1644 4761 1925 4832 kmetho
1955 4761 2018 4849 ⁹)
2082 4759 2596 4850 praedictorum
2660 4761 3163 4852 terrigenarum
3226 4762 3311 4832 de
3378 4761 3695 4852 quolibet
3758 4762 3957 4834 laneo

870 4901 1269 4972 „possesso,
1346 4877 1629 4951 etiamsi
1692 4880 1895 4952 illum
1960 4879 2200 4970 plures
2264 4899 2599 4970 personae
2663 4880 3100 4971 possideant,
3178 4880 3504 4953 scultetis
3578 4901 3821 4953 eorum
3892 4884 3963 4952 et

1079 5083 1125 5162 ¹)
1175 5089 1236 5144 et
1293 5084 1625 5144 omnimode
1683 5088 1958 5144 tueantur
1973 5125 1990 5160 ,
2051 5083 2325 5157 tuerique
2380 5087 2708 5142 teneantur.
2769 5079 2895 5144 Ed.
2958 5081 3139 5165 Lips.
3218 5081 3270 5151 Ω)
3332 5083 3484 5142 illud
3548 5078 3705 5145 Cod.
3768 5080 3961 5144 Rozr.

867 5183 920 5262 ³)
968 5189 1138 5244 extra
1177 5190 1366 5244 metas
1409 5185 1602 5259 Regni
1647 5171 2161 5259 expeditionaliter
2214 5183 2375 5243 exire
2421 5201 2527 5243 seu
2571 5203 2637 5244 se
2680 5185 3000 5244 transferre
3042 5185 3453 5244 mandabimus
3500 5201 3611 5244 seu
3654 5185 3963 5246 mandare·

867 5301 999 5344 mus
1044 5281 1270 5343 desunt
1311 5283 1388 5345 in
1442 5281 1592 5344 eod.
1631 5281 1806 5346 Cal-v.
1854 5281 1908 5362 ⁴)
1955 5284 2098 5344 dare
2143 5289 2205 5344 et
2246 5284 2601 5345 distribuere
2642 5303 2751 5345 nos
2796 5286 3099 5361 contingat
3152 5280 3305 5346 cod.
3352 5282 3550 5346 Rozr.
3604 5284 3657 5366 ⁵)
3706 5288 3969 5364 quinque

869 5382 998 5446 Ed.
1043 5380 1226 5546 Lgpsi
1272 5381 1354 5543 ‘33
1373 5386 1433 5442 in
1465 5386 1716 5446 decursu
1761 5381 1885 5447 Ed.
1909 5381 2091 5466 Lips.
2142 5383 2193 5464 ⁷)
2242 5386 2528 5446 cudimus.
2574 5379 2699 5449 Ed.
2730 5383 2911 5468 Lipe.
2960 5386 3013 5465 ⁸)
3058 5387 3299 5448 colonos
3349 5381 3505 5449 cod.
3540 5385 3741 5450 Rozr.
3790 5385 3845 5471 ⁹)
3876 5407 3969 5449 eo-

869 5488 1044 5562 lonus
1143 5503 1178 5545 ο
1229 5529 1244 5544 .
1355 5503 1481 5546 ozr.
2932 5528 2939 5534 ,
