4342 6384
312 583 449 686 (Α.
489 584 580 661 D.
620 583 873 686 1440.)
1459 609 1687 664 mmm
1737 609 2252 664 nuonncnms.
3268 586 3417 661 629

314 794 403 866 ad
464 792 937 867 Wladislaum
1002 795 1267 888 Regem
1340 795 1416 868 in
1478 795 1867 870 Keszmark
1936 818 2099 870 cum
2159 795 2488 888 pluribus
2558 795 2941 870 baronibus
3013 794 3420 889 Hungariae

314 913 545 1002 venit,
602 917 673 987 et
728 937 926 988 suam
982 913 1445 989 serenitatem
1510 937 1667 989 cum
1722 916 2073 990 universis
2129 937 2383 1009 magna
2434 915 2824 989 animorum
2877 915 3242 989 hilaritate
3295 933 3418 988 ex-

318 1034 538 1126 cepit,
596 1054 919 1127 magnam
992 1040 1064 1107 et
1117 1039 1377 1108 certam
1431 1035 1825 1108 Wladislao
1898 1035 2233 1110 Poloniae
2295 1035 2477 1130 Regi
2552 1057 2746 1128 spem
2799 1035 3158 1129 ingerens,
3233 1034 3421 1128 quod

316 1154 597 1248 negotia
650 1155 995 1246 acceptati
1049 1159 1119 1228 et
1156 1156 1565 1247 acceptandi
1618 1178 1743 1248 per
1778 1178 1935 1230 eum
1972 1157 2203 1251 Regni
2241 1156 2647 1250 Hungariae
2684 1157 2739 1247 ¹)
2795 1157 3068 1231 felicem
3107 1157 3336 1229 forent
3353 1154 3419 1245 ²)

318 1275 622 1363 exitum,
698 1274 1195 1367 impedimento
1260 1275 1628 1350 Elisabeth
1690 1274 2001 1370 Reginae
2074 1275 2482 1371 Hungariae
2553 1280 2624 1351 et
2690 1274 2828 1349 sibi
2891 1273 3420 1350 adhaerentium

318 1415 459 1467 nou
513 1394 870 1485 obstante,
926 1394 1278 1470 habitura.

406 1758 799 1832 wladislau
841 1759 981 1833 Rex
1023 1763 1261 1833 nutare
1305 1761 1527 1850 eoepit
1583 1760 1665 1834 de
1709 1759 2144 1852 suscipiendis
2188 1761 2390 1852 Regni
2435 1761 2799 1852 nugariae
2853 1760 3330 1851 gubernaculis.

528 2000 676 2073 Sub
729 2000 916 2074 idem
969 2003 1248 2093 tempus
1302 2004 1650 2074 venerunt
1712 2000 1788 2074 in
1842 2001 2233 2074 Keszmark
2295 2002 2385 2074 ad
2438 1999 2912 2073 wladislaum
2977 2000 3242 2092 Regem
3293 1999 3416 2072 ba-

317 2141 526 2193 rones
580 2120 1026 2209 Lithuaniae,
1066 2121 1441 2194 Andrusko
1479 2121 1999 2214 Dowoynowicz
2039 2125 2108 2195 et
2143 2122 2446 2209 Raczko,
2489 2141 2578 2194 ex
2615 2124 2814 2212 parte
2849 2120 3333 2194 Praelatorum
3355 2117 3420 2209 ³)

320 2246 392 2315 et
453 2241 791 2314 baronum
863 2240 1287 2315 Lithuaniae
1350 2241 1587 2330 missi,
1661 2245 1977 2334 petentes
1995 2297 2011 2329 ,
2077 2247 2159 2314 ut
2226 2240 2664 2315 wladislaus
2732 2261 3140 2334 germanum
3214 2261 3420 2314 suum

319 2363 585 2435 Ducem
647 2361 1087 2434 Kazimirum
1158 2361 1236 2433 in
1297 2359 1751 2436 Lithuaniam
1768 2417 1784 2450 ‚
1859 2365 2235 2452 antequam
2299 2362 2465 2434 Dux
2526 2361 2828 2435 Michael
2901 2360 3420 2449 fortificaretur,

320 2481 599 2554 mittere
655 2503 791 2554 non
848 2481 1187 2569 tardaret3
1262 2481 1386 2572 qui
1439 2482 1727 2555 nuntios
1780 2481 2082 2575 benigne
2136 2486 2498 2574 exceptoS‚
2565 2481 2892 2555 munifice
2946 2484 3421 2555 remuneratos

320 2601 627 2690 remisit,
685 2606 756 2674 et
810 2606 891 2674 ut
944 2601 1121 2675 certi
1174 2606 1410 2675 essent
1463 2603 1548 2675 de
1601 2601 1819 2675 Ducis
1874 2601 2220 2675 Kazimiri
2275 2600 2614 2690 adventu,
2671 2602 2849 2674 bono
2905 2600 3096 2674 fideli
3151 2605 3222 2675 et
3255 2621 3418 2674 con-

322 2722 544 2794 stanti
599 2721 831 2794 animo
887 2743 1041 2795 esse
1095 2721 1331 2794 iussit.
1413 2721 1660 2796 Haesit
1714 2725 1950 2795 autem
2005 2721 2238 2795 animo
2301 2720 2554 2795 dubiae
2610 2721 3003 2796 sententiae
3059 2720 3324 2795 incerto
3354 2720 3420 2812 ⁴)

321 2841 762 2915 wladislaus
816 2841 1151 2915 Poloniae
1204 2842 1391 2930 Rex,
1449 2842 2067 2934 progredereturne
2122 2842 2198 2914 in
2252 2839 2776 2915 Pannoniorum
2805 2841 2866 2932 5)
2921 2841 3291 2930 ulteriora,
3331 2861 3423 2913 an

319 2966 608 3056 propter
660 2983 772 3036 res
827 2962 1249 3036 Lithuaniae
1302 2962 1770 3053 praesentiam
1808 2983 2006 3035 suam
2064 2981 2479 3054 magnopere
2533 2960 3032 3050 desiderante8‚
3093 2964 3166 3034 et
3220 2962 3420 3033 Hun-

320 3102 648 3174 garorum
703 3083 967 3156 fluxam
1020 3083 1226 3156 fidem
1247 3137 1265 3170 ,
1306 3087 1548 3174 coepto
1588 3081 1869 3172 omisso,
1925 3079 2381 3155 Lithuaniam
2437 3087 2508 3154 et
2542 3080 2907 3156 Poloniam
2961 3085 3306 3174 repeteret
3332 3080 3422 3170 θ).

462 3443 702 3515 Dubius
745 3442 1081 3517 'ladislai
1126 3445 1321 3535 nogia
1366 3445 1621 3518 animus
1662 3445 1748 3516 ad
1791 3442 2250 3533 perficiendum
2274 3447 2594 3534 coenum
2634 3445 2706 3516 in
2751 3443 3137 3534 nugann
3178 3443 3312 3515 iter

1692 3564 2071 3655 inponitur.

534 3801 913 3876 Duodecim
968 3803 1215 3877 diebus
1271 3803 1712 3877 Wladislaus
1767 3804 1924 3877 Rex
1960 3803 2294 3877 Poloniae
2351 3803 2781 3876 mansionem
2837 3823 3036 3875 suam
3090 3802 3165 3874 in
3201 3803 3422 3876 Kesz-

322 3924 526 3995 mark
578 3923 1071 4011 continuando,
1128 3923 1417 4015 diesque
1472 3923 1944 4016 Rogationum
2000 3923 2101 3996 ibi
2138 3923 2314 4017 egit,
2373 3924 2502 3998 sub
2541 3923 2798 4015 quibus
2850 3921 3088 3996 variae
3141 3920 3426 3995 habitae

321 4042 413 4114 de
468 4043 773 4117 transitu
835 4043 1160 4117 ulteriori
1230 4043 1305 4116 in
1368 4045 1805 4137 Hungariam
1877 4042 2429 4118 concertationes
2445 4099 2462 4132 ,
2535 4044 2848 4117 Iohanne
2921 4042 3007 4116 de
3068 4041 3424 4116 Thanczin

321 4162 641 4256 palatino
696 4162 1171 4252 cracoviensi,
1238 4163 1661 4237 Przedborio
1725 4165 1809 4238 de
1871 4165 2412 4256 Konyeczpolye
2475 4165 2858 4236 castellano
2923 4161 3424 4255 Rospergensi,

326 4287 403 4356 et
456 4282 701 4355 multis
756 4280 921 4356 aliis
976 4282 1354 4356 baronibus
1409 4283 1993 4374 persuadentibus
2047 4283 2352 4357 reditum
2405 4283 2480 4355 in
2534 4282 2933 4370 Poloniam,
2991 4287 3062 4356 et
3113 4283 3424 4375 allegan-

324 4402 520 4476 tibus
573 4403 1047 4493 periculosum
1100 4407 1173 4476 et
1224 4404 1636 4477 damnosum
1698 4405 2021 4496 Regnum
2076 4403 2482 4496 Hungariae
2533 4402 2772 4496 gladio
2825 4409 2896 4477 et
2947 4423 3200 4496 guerra
3263 4423 3424 4475 con-

325 4522 638 4615 quirere,
712 4524 899 4595 velle
972 4544 1047 4596 se
1117 4523 1356 4614 potius
1426 4522 1855 4598 redeundum
1880 4580 1896 4611 ,
1971 4528 2052 4596 ut
2123 4523 2438 4597 Praelati
2512 4528 2583 4596 et
2651 4525 2946 4597 barones
3019 4521 3426 4615 Hungariae

326 4641 614 4716 interim
668 4641 1029 4716 uniantur.
1104 4643 1603 4736 Valuissetque
1667 4643 1895 4734 ipsius
1959 4643 2300 4716 Iohannis
2363 4643 2449 4717 de
2501 4643 2853 4717 Thauczin
2906 4641 3206 4734 palatini
3261 4641 3424 4714 Gra·

324 4761 674 4835 coviensis
730 4767 803 4834 et
853 4761 1079 4855 partis
1135 4783 1303 4836 suae
1356 4761 1741 4852 sententia,
1799 4760 1941 4835 nisi
1998 4762 2346 4855 Sbigneus
2400 4761 2770 4855 episcopus
2823 4760 3302 4835 cracoviensis
3356 4765 3429 4834 et

328 4881 800 4976 Sandivogius
853 4881 938 4954 de
998 4881 1331 4975 Ostrorog
1381 4882 1743 4974 palatinus
1781 4882 2285 4956 Posnaniensis
2303 4938 2319 4969 ,
2378 4902 2671 4974 quorum
2726 4879 3094 4955 autoritati
3147 4885 3218 4954 et
3263 4901 3423 4952 con-

328 4999 495 5074 silio
548 5000 933 5094 plurimum
998 5001 1339 5075 creditum
1404 5007 1477 5075 et
1538 5003 1850 5077 delatum
1914 5007 2055 5091 eet,
2114 5001 2541 5076 contrarium
2604 5000 3146 5094 persuasissent.
3225 4999 3428 5074 Unde

548 5289 596 5369 ¹)
639 5293 921 5369 Ungarici
971 5287 1123 5356 Cod.
1156 5289 1334 5355 Kost.
1382 5289 1433 5372 ²)
1480 5293 1703 5354 ferrent
1732 5289 1857 5354 Ed.
1891 5289 2071 5374 Lips.
2120 5290 2177 5371 ³)
2221 5291 2654 5369 Praelatorum,
2685 5291 3023 5367 Principum
3071 5283 3226 5352 God.
3255 5285 3433 5351 Koet.

333 5392 387 5472 ⁴)
432 5395 627 5454 animo
672 5397 851 5457 dubio
910 5397 1319 5480 sententiaque
1380 5399 1608 5458 incerta
1670 5391 1822 5458 Cod.
1874 5391 2051 5458 Kost.
2130 5392 2183 5473 ⁵)
2227 5394 2572 5455 Pannoniae
2633 5388 2788 5456 Coa.
2835 5389 3012 5455 Koet.
3088 5389 3142 5471 ⁶)
3185 5397 3433 5471 peteret.

336 5491 489 5570 βοά.
538 5493 717 5560 Kese.
