4342 6384
390 563 523 665 (Α.
562 565 655 642 D.
696 563 925 666 1410.)
1546 590 1773 641 mmm
1828 541 2284 644 Unnncmus.
3387 559 3482 638 37

388 795 579 846 arma
634 773 825 866 prior
878 772 1199 862 inferret,
1255 772 1474 848 variis
1528 773 1853 866 precibus
1910 777 1979 848 et
2032 771 2398 848 instantiis
2451 772 2754 864 primum
2809 793 2934 864 per
2987 771 3483 856 internuntios,

388 893 659 967 deinde·
692 914 817 986 per
872 915 945 968 se
1000 894 1231 986 ipsum
1286 893 1784 968 vociferatione
1839 893 2109 988 ingenti
2164 897 2526 967 vexasset:
2585 892 2808 968 nullis
2847 897 3080 966 tamen
3132 892 3483 984 precibus,

387 1015 590 1086 nulla
626 1014 1138 1102 obsecratione,
1178 1014 1379 1088 nulla
1416 1013 1715 1106 denique
1750 1013 2049 1106 periculi
2088 1013 2614 1088 denuntiatione
2651 1036 2694 1088 a
2721 1012 2984 1088 divinis
3041 1017 3112 1088 et
3150 1012 3484 1100 oratione,

386 1133 529 1206 nisi
582 1136 1086 1226 complemento
1124 1135 1331 1224 facto,
1390 1133 1641 1208 abduci
1694 1139 1989 1226 poterat.
2048 1132 2410 1225 Siquidem
2455 1133 2740 1208 hostilis
2777 1133 3248 1208 Pruthenicus
3287 1154 3482 1208 exer-

386 1254 603 1342 citus,
663 1254 983 1346 quamvis
1036 1254 1283 1330 robore
1336 1254 1643 1342 inferior,
1701 1253 2069 1328 victoriam
2107 1256 2161 1344 ¹)
2221 1253 2361 1328 sibi
2396 1254 2834 1343 vendicasse,
2892 1258 3016 1329 aut
3069 1255 3322 1330 salt-em
3377 1253 3481 1328 in-

384 1380 662 1468 gentem
716 1375 985 1449 cladem
1058 1375 1131 1450 in
1184 1375 1373 1468 regio
1406 1374 1468 1465 2)
1539 1374 1853 1450 exercitu
1918 1374 2255 1463 edidisse,
2321 1374 2384 1452 si
2440 1375 2952 1466 quamprimum
3003 1374 3222 1466 Regis
3287 1395 3529 1460 exer-,

387 1494 639 1584 citum,
698 1495 847 1569 sine
885 1497 1071 1588 lege,
1112 1496 1265 1569 sine
1301 1496 1540 1570 ordine
1576 1495 2075 1570 consistentem
2131 1501 2204 1568 et
2239 1494 2584 1570 locatione
2623 1499 3008 1569 castrorum
3047 1499 3482 1585 occupatum,

388 1620 701 1690 armatus
738 1615 891 1708 ipse
948 1620 1017 1691 et
1054 1621 1374 1707 paratus,
1432 1615 1765 1692 inermem
1816 1620 1887 1689 et
1923 1615 2284 1688 incautum
2323 1613 2736 1692 invasisset:
2794 1613 3210 1690 existimans
3251 1618 3482 1690 tamen

385 1758 523 1809 non
581 1736 907 1825 fortuito,
965 1736 1089 1810 sed
1144 1758 1231 1810 ex
1287 1736 1703 1828 composito,
1778 1735 1963 1809 inter
2013 1735 2244 1828 gaiios
2299 1741 2371 1812 et
2433 1735 2720 1810 arbusta
2773 1734 3041 1828 regium
3097 1735 3483 1810 exercitum

382 1857 819 1944 constitisse,
876 1861 947 1932 et
982 1857 1071 1930 ad
1108 1855 1522 1931 insidiarum
1577 1857 1731 1930 loca
1768 1855 1989 1944 trahi,
2046 1857 2133 1929 ab
2190 1855 2580 1930 invadendo
2617 1855 2808 1948 regio
2863 1855 3211 1944 exercitu,
3269 1855 3485 1930 donec

382 1997 619 2050 omnes
674 1977 749 2050 in
804 1975 1082 2052 ordines
1136 1981 1209 2049 et
1262 1976 1465 2070 signa
1518 1976 1871 2065 venirent,
1930 1976 2078 2050 solo
2134 1981 2326 2050 metu
2363 1975 2614 2068 Regis,
2674 1976 2952 2048 fortuna
3004 1979 3323 2068 regente,
3362 1974 3480 2048 ab·

383 2101 691 2170 stractus
746 2100 877 2170 est.
956 2096 1162 2170 Nihil
1214 2096 1455 2188 itaque
1508 2096 1797 2186 mirum,
1856 2096 1917 2170 si
1971 2094 2151 2188 Regi
2205 2095 2536 2188 religioso
2591 2099 2662 2170 et
2715 2095 3204 2184 devotissimo,
3261 2093 3481 2170 omni-

381 2218 513 2291 bus
570 2217 889 2291 victoriis
944 2223 1013 2290 et
1065 2216 1401 2309 periculis
1466 2216 1707 2291 divina
1760 2215 2247 2308 anteponenti,
2305 2215 2662 2289 Divinitas
2716 2214 3080 2290 victoriam
3149 2216 3482 2288 famosam

383 2336 647 2430 largita
700 2342 839 2426 est,
898 2358 1075 2430 quae
1130 2336 1517 2412 Cruciferos
1572 2336 2077 2428 contempsisse
2131 2341 2204 2410 et
2255 2334 2466 2410 nihili
2519 2335 2846 2427 pendisse
2899 2335 3289 2408 constabat.
3357 2334 3484 2408 Cui

382 2463 547 2532 61116
599 2476 939 2550 pugnam,
1018 2457 1093 2530 in
1155 2479 1391 2550 pugna
1454 2461 1525 2532 et
1586 2464 1748 2549 post
1810 2477 2151 2550 pugnam,
2217 2457 2595 2532 creduntur
2659 2454 2918 2528 favisse
2985 2455 3211 2543 venti,
3285 2459 3356 2530 et
3411 2454 3484 2526 in

382 2577 700 2651 hostium
753 2579 999 2650 vultus
1054 2581 1125 2650 et
1178 2598 1299 2652 ora
1354 2577 1599 2652 flatum
1656 2582 1727 2652 et
1779 2579 2141 2669 pulverem
2197 2577 2530 2666 vertisse3
2587 2580 2668 2651 ut
2720 2597 2860 2652 non
2897 2574 3247 2654 immerito
3303 2573 3486 2652 illud

386 2697 759 2772 Claudiani
790 2697 851 2789 3)
906 2703 1151 2792 poetae
1206 2697 1473 2774 dictum
1528 2697 1665 2772 sibi
1719 2701 1959 2789 posset
2012 2698 2274 2791 aptari:

1114 2831 1209 2914 „0
1253 2829 1515 2896 nimium
1560 2829 1787 2898 dilecte
1832 2831 1971 2899 Deo
1987 2881 2005 2915 ,
2051 2831 2153 2898 cui
2199 2830 2428 2898 militat
2470 2830 2706 2916 aether,

1114 2935 1235 3022 „Et
1278 2934 1585 3002 coniurati
1628 2933 1891 3002 veniunt
1933 2933 2019 3002 ad
2062 2934 2333 3004 classica
2375 2933 2603 3002 venti.“
2635 2935 2692 3022 ⁴)

384 3223 706 3310 ordinum,
751 3223 1133 3296 vexillorum
1179 3226 1249 3297 61
1276 3224 1627 3314 insignium
1657 3181 1984 3296 terrarum
2003 3225 2238 3314 Regni,
2283 3242 2360 3297 66
2391 3225 2698 3313 virorum,
2745 3225 2854 3315 qul
2898 3225 3069 3296 bello
3098 3223 3482 3296 l’ruthenico

1458 3346 1932 3433 interfuerunt,
1980 3347 2402 3418 enumeratio.

592 3541 787 3635 Rege
858 3543 1281 3616 Polonorum
1344 3543 1737 3616 Wladislao
1800 3542 1987 3617 circa
2048 3542 2446 3617 divinornm
2508 3542 2937 3617 auditionem
3013 3546 3083 3615 et
3145 3543 3220 3616 in
3283 3542 3478 3617 obse-

384 3661 819 3736 crationibus
891 3666 1413 3754 perseverante,
1488 3663 1861 3738 universus
1930 3663 2166 3757 regius
2240 3663 2590 3738 exercitus
2670 3665 2745 3736 in
2820 3663 3097 3736 ordines
3171 3683 3335 3738 suos
3410 3666 3481 3734 et

382 3783 621 3876 signa,
678 3782 1049 3856 Zindramo
1102 3784 1187 3856 de
1241 3783 1735 3858 Maszkowicze
1786 3784 2127 3877 gladifero
2183 3783 2622 3858 cracoviensi
2675 3783 3052 3877 dirigente;
3107 3782 3478 3856 Lithuani=

380 3923 509 3976 cus
564 3923 731 3976 vero
786 3903 935 3976 6616
990 3903 1181 3975 Ι)1166
1218 3903 1469 3995 Magno
1507 3904 1911 3977 Alexandro
1965 3904 2390 3978 Lithuaniae
2444 3903 2844 3993 ordinante,
2901 3904 3078 3978 mira
3123 3903 3482 3978 celeritate

380 4023 717 4111 accessit,
773 4022 1131 4114 aciemque
1186 4023 1521 4097 adversus
1575 4023 1849 4096 hostem
1904 4023 2308 4098 constituit:
2366 4029 2437 4100 et
2491 4045 2648 4098 cum
2695 4025 3072 4104 Polonicus
3129 4023 3479 4098 exercitus

380 4144 458 4218 in
510 4145 793 4216 laevum
846 4163 1059 4216 cornu
1114 4143 1461 4231 flexisset,
1520 4143 1986 4218 Lithuanicus
2040 4145 2368 4220 dextrum
2421 4145 2674 4219 tenuit.
2749 4145 2887 4220 Sed
2941 4145 3015 4219 in
3071 4166 3152 4220 ea
3207 4166 3480 4237 quoque

379 4263 807 4338 necessitate
862 4263 1089 4336 omnis
1145 4263 1467 4338 celeritas
1524 4265 1725 4338 tarda
1778 4265 2170 4339 videbatur.
2249 4265 2778 4359 Quinquaginta
2831 4267 3064 4359 signa,
3131 4287 3308 4358 quae
3361 4287 3478 4338 ve-

378 4383 565 4457 xilla
636 4384 1107 4476 appellamu8‚
1184 4384 1259 4458 in
1324 4407 1401 4457 eo
1473 4385 1771 4476 praelio,
1849 4385 2248 4479 insignibus
2319 4392 2390 4460 et
2459 4386 2706 4479 peritis
2779 4387 3128 4464 militibus
3197 4389 3477 4474 referta,

380 4509 664 4597 praeter
744 4503 1167 4578 Lithuanica
1250 4505 1453 4598 signa
1532 4507 2158 4600 quadragenarium
2231 4529 2594 4582 numerum
2675 4508 3038 4597 habentia,
3113 4507 3336 4584 scitus
3409 4511 3481 4582 et

379 4625 585 4698 visus
642 4629 754 4696 est
806 4623 1181 4698 Polonicus
1236 4625 1592 4700 exercitus
1647 4626 1999 4702 habuisse.
2073 4627 2386 4702 Primum
2443 4628 2789 4702 vexillum
2845 4650 3172 4722 magnum
3238 4629 3478 4702 01666-

378 4743 647 4820 riensis
702 4749 961 4833 terrae,
1018 4745 1219 4817 cuius
1275 4747 1437 4819 alba
1490 4747 1729 4838 aquila
1784 4752 2140 4838 coronata,
2208 4749 2522 4821 extensis
2577 4749 2743 4838 6116,
2812 4749 2887 4823 111
2943 4771 3185 4841 campo
3237 4748 3477 4836 rubeo,

376 4869 535 4938 erat
588 4863 901 4956 insigne,
957 4863 1033 4936 in
1088 4886 1223 4956 quo
1280 4887 1516 4940 omnes
1572 4867 2120 4959 praestantiores
2175 4869 2469 4943 barones
2535 4875 2608 4943 et
2659 4871 2925 4944 milites
2988 4868 3353 4957 Poloniae,
3411 4873 3483 4944 et

374 5005 619 5058 omnes
674 4983 991 5057 veterani
1044 4990 1116 5058 et
1168 4987 1539 5060 exercitati
1602 4987 1879 5062 ordines
1944 4993 2384 5080 acceperant,
2451 4991 2694 5080 robore
2758 4995 2828 5064 et
2891 5010 3180 5062 numero
3247 4989 3481 5063 omnia

376 5105 524 5177 alia
582 5103 786 5196 signa
842 5103 1213 5177 excedens:
1282 5107 1483 5179 cuius
1539 5107 1786 5180 ductor
1840 5107 1977 5180 fuit
2029 5112 2385 5200 praefatus
2443 5111 2766 5183 Zindram
2822 5111 2906 5184 de
2961 5107 3478 5198 Maszkowicze,

600 5377 647 5457 ¹)
692 5385 890 5440 tamen
934 5385 1037 5440 ant
1064 5379 1369 5441 victoriam
1418 5375 1569 5443 God.
1602 5378 1794 5443 Rozr.
1845 5379 1901 5461 Β)
1928 5383 1991 5444 111
2020 5383 2214 5459 Regni
2263 5377 2413 5446 Cod.
2446 5379 2639 5446 Rozr.
2689 5381 2742 5463 ³)
2775 5383 3064 5446 candiani
3111 5379 3263 5448 Cod.
3301 5380 3478 5449 Calv.

378 5479 433 5564 4)
486 5477 583 5545 Cl.
620 5476 1015 5546 Claudiani:
1060 5480 1161 5544 De
1192 5483 1377 5546 tertio
1424 5481 1759 5548 consulatu
1802 5483 2087 5549 Honor-ii
2129 5481 2412 5570 Augusti
2453 5483 2838 5570 Paneqyris,
2881 5508 2939 5552 v.
2985 5487 3262 5553 96-98.
