4342 6384
868 521 1019 596 298
2045 543 2272 596 maun
2323 541 2780 596 UNDECIMUs.
3407 519 3541 620 (Α.
3581 519 3672 594 D.
3713 517 3954 620 1422.)

868 729 1054 821 apud
1108 728 1372 820 Regem
1426 727 1753 800 donativo
1790 726 2140 816 militanS,
2200 731 2537 818 cognatus
2599 725 2892 799 Henrici
2946 727 3030 799 de
3074 727 3359 798 Plawen
3423 727 3591 799 olim
3645 727 3956 820 Magistri

867 848 1213 939 generalis
1269 869 1309 920 a
1363 846 1731 919 Cruciferis
1789 847 1976 937 capti
2041 851 2111 919 et
2166 845 2239 918 in
2295 868 2444 919 eam
2500 845 2682 919 diem
2737 846 2812 918 in
2865 845 3172 919 vinculis
3228 847 3604 935 asservati,
3673 847 3748 920 in
3803 868 3953 934 con-

868 967 1245 1058 quisitione
1300 966 1518 1039 turris
1572 966 1966 1058 praedictae
2019 986 2142 1057 per
2198 966 2532 1058 lapidem,
2590 985 2747 1037 cum
2786 987 2860 1038 se
2913 987 3109 1038 muro
3165 966 3384 1038 turris
3438 967 3843 1059 appodiarot
3877 967 3953 1056 ¹),

867 1085 1085 1174 ictu8‚
1145 1086 1581 1158 desideratus
1639 1090 1769 1158 est.

1838 1447 2131 1518 castrum
2177 1447 2539 1518 Golubonso
2583 1446 3004 1536 conquiritur.

1075 1683 1345 1776 Oppido
1410 1683 1639 1756 Golub
1715 1683 2145 1774 conquisito,
2221 1683 2378 1756 Rex
2442 1704 2699 1772 arcem,
2777 1705 2953 1774 quae
3026 1683 3302 1756 civitati
3375 1684 3816 1772 imminebat,
3889 1685 3958 1756 in

868 1811 1103 1877 monte
1168 1802 1450 1875 editiori
1516 1802 1757 1889 sitam,
1825 1802 2185 1874 obsidione
2251 1803 2474 1874 vallat
2547 1807 2616 1874 et
2681 1803 3078 1876 bombardis
3133 1803 3514 1876 maioribus
3578 1804 3960 1876 fortissime

868 1924 1070 1996 illam
1126 1923 1380 2014 quatit.
1440 1922 1568 1993 Die
1604 1942 1766 1993 vero
1831 1921 2024 1994 Iovis
2087 1923 2422 1994 vicesima
2475 1923 2702 2012 prima
2739 1923 3082 2015 Augusti,
3139 1923 3220 1994 fit
3273 1923 3606 1996 militaris
3661 1923 3960 2015 impetus

871 2047 1115 2115 contra
1169 2047 1500 2115 castrum.
1584 2042 1677 2113 Et
1734 2041 2053 2131 quamvis
2120 2047 2264 2113 tam
2327 2042 2412 2113 ab
2469 2039 2750 2114 Ordinis
2815 2064 3022 2134 quam
3086 2043 3533 2116 mercenariis
3587 2043 3957 2130 militibus,

879 2162 1166 2235 Slesitis
1220 2161 1549 2234 videlicet
1604 2165 1673 2233 et
1726 2160 2274 2250 MissnensibuS,
2340 2162 2552 2252 probe
2607 2162 3113 2251 defenderetur,
3182 2163 3380 2256 equis
3434 2168 3669 2236 tamen
3724 2163 3959 2235 melio-

868 2281 1101 2370 ribus,
1160 2301 1334 2372 quos
1397 2280 1471 2352 in
1526 2284 1751 2353 castro
1817 2280 2131 2352 inferiori
2195 2280 2576 2368 habebant,
2635 2303 2720 2353 ne
2775 2281 3200 2354 Polonorum
3255 2283 3522 2355 milites
3575 2282 3728 2354 illis
3784 2282 3960 2374 poti—

869 2405 1134 2488 rentur,
1202 2399 1623 2488 interfectis,
1692 2404 1920 2471 castro
1983 2400 2272 2490 insuper
2333 2399 2683 2488 inferiori,
2758 2400 3037 2491 proprio
3103 2402 3266 2494 igne
3327 2401 3617 2489 iniecto,
3687 2407 3959 2490 exusto,

871 2527 1179 2594 castrum
1236 2520 1557 2612 superius
1613 2519 1954 2592 machinis
2019 2540 2141 2610 pro
2197 2523 2396 2610 parte
2459 2519 2707 2591 maiori
2770 2519 3220 2592 debilitatum
3285 2522 3360 2592 in
3413 2542 3665 2593 manus
3720 2527 3792 2593 et
3843 2541 3961 2612 po·

869 2644 1197 2713 testatem
1253 2639 1513 2732 regiam
1578 2639 1853 2711 tradere
1918 2639 2140 2711 coacti
2207 2643 2394 2711 sunt.
2479 2639 2744 2731 Regius
2810 2640 3162 2712 exercitus
3225 2640 3579 2727 omnibus,
3650 2661 3830 2732 quae
3891 2641 3964 2712 in

872 2766 1099 2834 castro
1156 2759 1501 2851 superiori
1554 2763 1939 2850 repererat,
1998 2757 2327 2849 direptis,
2386 2758 2776 2831 cruciferos
2832 2763 2900 2831 et
2955 2759 3132 2831 alios
3187 2760 3452 2834 milites
3505 2761 3964 2835 mercenarios

872 2881 947 2951 in
1001 2879 1485 2970 captivitatem
1541 2879 1820 2970 accipit.
1880 2877 2289 2968 Quindecim
2343 2878 2625 2950 milites·
2662 2899 2746 2951 ex
2805 2877 3060 2951 Ordine
3115 2879 3494 2966 interfecti,
3552 2880 3738 2954 inter
3793 2900 3965 2971 quos

875 2998 1297 3072 Golubensis
1336 2999 1863 3070 Commendator
1882 2996 1969 3086 ²),
2027 2997 2492 3089 quadraginta
2527 2998 2934 3070 mercenarii
2973 2999 3184 3090 capti.
3243 3000 3766 3072 Sacramentum
3806 2999 3964 3071 Cor-

871 3116 1064 3210 poris
1118 3117 1378 3190 Christi
1432 3119 1516 3190 de
1570 3122 1796 3190 castro
1852 3138 2009 3189 cum
2046 3138 2296 3209 magna
2347 3117 2770 3206 reverentia,
2829 3117 3139 3191 candelis
3179 3119 3487 3192 accensis
3539 3107 3963 3211 prosequen-

875 3238 1100 3326 tibus,
1157 3243 1358 3310 nocte
1412 3241 1765 3328 receptum
1823 3241 1891 3308 et
1928 3237 2001 3308 in
2040 3237 2568 3310 tabernaculum
2624 3238 2911 3330 Sbignei
2949 3238 3032 3310 de
3071 3237 3528 3312 Oleschnicza
3571 3239 3967 3331 Praepositi

876 3357 1117 3430 Sancti
1172 3357 1488 3429 Floriani
1542 3356 2027 3447 importatum,
2085 3357 2308 3429 altera
2363 3378 2635 3448 quoque
2687 3359 2844 3431 luce
2897 3380 2938 3430 a
2985 3358 3379 3432 celebrante
3437 3363 3793 3449 sumptum
3831 3364 3965 3432 est.

876 3477 1020 3550 Sub
1076 3498 1154 3550 eo
1211 3481 1442 3549 autem
1498 3481 1841 3567 tempore,
1909 3498 2044 3567 quo
2100 3476 2404 3568 impetus
2468 3477 2802 3549 militaris
2857 3477 3191 3550 edebatur
3245 3478 3320 3550 in
3376 3483 3718 3568 castrum,
3773 3479 3968 3570 regio

875 3598 1199 3670 mandato
1253 3596 1471 3669 turris
1529 3595 1873 3683 civitatiS,
1931 3597 2224 3670 caeteris
2279 3596 2525 3669 fortior
2578 3602 2649 3669 et
2704 3596 2978 3686 editior,
3034 3598 3110 3670 in
3147 3598 3596 3671 fundamento
3653 3619 3779 3670 suo
3819 3601 3968 3668 suf-

874 3719 1061 3791 fossa
1116 3722 1187 3790 et
1240 3717 1313 3790 in
1368 3716 1661 3789 fluvium
1716 3717 2095 3790 Drwancza
2148 3717 2643 3809 praecipitata,
2697 3717 2904 3790 ruina
2940 3738 3068 3790 sua
3121 3717 3504 3790 maximum
3559 3723 3629 3791 et
3679 3717 3970 3790 horren-

873 3839 1037 3910 dum
1095 3859 1339 3910 sonum
1393 3857 1722 3925 causam,
1778 3838 2056 3909 alveum
2094 3836 2404 3909 fluminis
2445 3838 2820 3909 Drwancza
2856 3859 2983 3910 sua
3021 3837 3199 3908 mole
3239 3839 3438 3928 quasi
3493 3857 3742 3930 aggere
3781 3859 3967 3910 com·

874 3958 1099 4049 plevit
1130 3955 1191 4046 3)
1219 4013 1235 4044 ,
1311 3958 1671 4048 undasque
1743 3957 2053 4029 fluminis
2134 3957 2430 4047 praefati
2503 3959 2878 4028 Drwaucza
2949 3957 3235 4029 fluorem
3317 3978 3520 4028 suum
3602 3957 3970 4048 aliquanto

876 4081 1185 4167 tempore
1239 4076 1646 4149 continuare
1700 4076 2109 4150 retardavit.

878 4437 1323 4527 sigismundus
1366 4437 1785 4509 Romanorum
1814 4437 1953 4509 Rex
1998 4455 2112 4527 por
2140 4438 2428 4527 legatum
2474 4456 2658 4510 sunm
2701 4442 2892 4528 rogat
2921 4437 3340 4512 wladislaum
3381 4439 3683 4511 roloniae
3712 4440 3972 4530 negem.

877 4561 954 4629 ut
998 4558 1441 4648 Sigismundus
1501 4556 1815 4629 [oributh
1875 4575 1910 4629 o
1954 4557 2257 4629 Bobenia
2317 4559 2626 4646 oxoodot,
2674 4562 2744 4630 ot
2800 4577 2884 4630 no
2942 4559 3083 4631 nox
3136 4561 3280 4649 ipso
3339 4559 3678 4632 cruciferis
3735 4559 3974 4631 boum

2297 4678 2561 4751 inferat.

1087 4918 1334 4990 Stante
1397 4914 1791 4988 Wladislao
1853 4915 2190 4990 Poloniae
2252 4918 2443 5010 Rege
2514 4917 2589 4990 in
2653 4917 2867 4990 castri
2941 4917 3169 4991 Golub
3243 4916 3640 5005 obsidione,
3712 4917 3974 4992 Petrus

880 5035 964 5109 de
1020 5037 1237 5110 Szeek
1292 5035 1781 5108 Gorbaviensis
1838 5034 2208 5126 episcopus
2266 5057 2351 5109 ex
2408 5037 2854 5130 Marieuburg
2915 5038 3293 5129 perductus
3347 5037 3663 5128 advenit,
3721 5042 3792 5110 et
3847 5059 3973 5110 au·

1098 5305 1143 5384 ¹)
1190 5327 1321 5368 cum
1376 5323 1544 5369 muro
1600 5309 1783 5377 turris
1842 5309 2192 5372 inniteretur
2254 5306 2406 5373 Cod.
2455 5308 2646 5374 Rozr.
2729 5308 2775 5390 ¹)
2824 5311 3276 5374 Commendator
3335 5311 3532 5373 fuerat
3579 5305 3730 5372 cod.
3779 5306 3978 5374 Roaer.

886 5405 938 5494 ³)
984 5409 1252 5490 implevit
1298 5405 1449 5474 Cod.
1496 5408 1688 5476 Rozr·
