4342 6384
836 584 981 654 156
2035 599 2261 652 numa
2312 600 2769 653 muniremus,
3392 579 3525 678 (Α.
3564 578 3654 653 D.
3696 580 3933 680 1413.)

843 789 1093 879 „loci8,
1150 786 1274 859 ubi
1327 786 1529 870 nobis
1585 785 1939 859 videbitur
1985 785 2349 876 expedire,
2407 785 2611 857 iuxta
2645 789 2924 858 nostrae
2958 784 3470 877 beneplacitum
3505 786 3930 871 voluntati3‚

844 907 1317 999 „temporibus
1371 905 1729 997 perpetuis
1783 905 2144 978 duraturis
2185 906 2262 994 ¹).
2319 906 2413 977 Et
2465 904 2867 978 huiusmodi
2919 905 3281 997 dignitarii
3342 925 3480 976 non
3542 906 3929 998 eligantur,

844 1028 1027 1116 „nisi
1092 1027 1237 1099 sint
1291 1026 1453 1099 fidei
1508 1025 1894 1098 catholicae
1960 1025 2269 1097 cultores
2325 1029 2395 1097 et
2449 1024 2748 1098 subiecti
2813 1029 3093 1098 sanctae
3154 1026 3503 1098 Romanae
3558 1025 3931 1098 ecclesiae.

844 1148 1034 1237 „Nec
1088 1147 1299 1220 etiam
1355 1146 1596 1236 aliqua
1650 1145 1879 1217 officia
1932 1150 2300 1236 perpetua,
2358 1148 2441 1215 ut
2495 1147 2661 1216 sunt
2724 1144 3134 1236 dignitates,
3192 1146 3737 1233 castellanatus,
3796 1149 3931 1219 etc.

846 1267 1028 1356 „nisi
1082 1266 1505 1339 christianae
1558 1265 1722 1336 fidei
1775 1263 2197 1351 cultoribus,
2255 1265 2731 1351 conferantur,
2788 1267 2860 1336 et
2911 1263 2999 1336 ad
3052 1264 3343 1337 consilia
3390 1269 3630 1336 nostra
3667 1265 3927 1337 admit-

848 1390 1134 1476 „tantur
1188 1388 1258 1458 et
1313 1385 1415 1457 eis
1472 1383 1837 1472 intersint,
1895 1384 2060 1455 dum
2114 1405 2239 1475 pro
2293 1385 2471 1457 bono
2526 1383 2807 1474 publico
2857 1387 3199 1456 tractatus
3235 1384 3708 1458 celebrantur:
3768 1385 3937 1476 quia

849 1528 1103 1598 „saepe
1157 1505 1472 1596 dispares
1528 1504 1762 1577 cultus
1818 1502 2301 1577 diversitatem
2355 1502 2698 1575 inducunt
2751 1503 3177 1590 animorum,
3235 1507 3304 1578 et
3356 1503 3652 1577 consilia
3688 1509 3939 1596 patent

850 1625 1156 1716 „talibus
1213 1625 1608 1716 divulgata,
1668 1644 1844 1714 quae
1900 1623 2277 1696 traduntur
2311 1628 2575 1696 secreto
2615 1623 3066 1695 observanda.
3123 1622 3304 1695 Item
3341 1643 3609 1711 omne3‚
3667 1624 3930 1714 quibus

850 1744 1295 1834 „huiusmodi
1360 1744 1652 1816 libertas
1719 1746 1800 1847 et·
1842 1741 2221 1835 privilegia
2281 1742 2786 1830 conceduntur,
2852 1762 3210 1833 nunquam
3270 1762 3397 1814 nos
3460 1742 3938 1814 Wladislaum

851 1866 1155 1957 „Regem
1211 1863 1577 1950 Poloniae,
1634 1867 1705 1934 et
1760 1862 2242 1934 Alexandrum
2298 1861 2774 1934 Withawdum
2818 1861 3149 1953 Magnum
3185 1862 3443 1934 Ducem
3480 1860 3935 1948 Lithuaniae,

806 1985 1349 2076 „quoadusque
1422 1980 1843 2069 vixerimuS,
1920 1986 1990 2054 et
2053 1986 2331 2054 nostros
2396 2001 2831 2054 successores
2893 1982 3121 2073 Reges
3184 1979 3515 2052 Poloniae
3576 1986 3647 2053 et
3703 1979 3933 2053 Duces

853 2103 1349 2195 „Lithuaniae‚
1408 2123 1449 2174 a
1500 2100 1702 2173 nobis
1758 2106 1827 2174 et
1879 2101 2142 2173 nostris
2200 2101 2720 2173 successoribus
2792 2101 3200 2172 statuendos
3254 2104 3324 2172 et
3384 2099 3749 2187 locandoS,
3807 2102 3927 2172 de-

859 2228 1173 2313 „sera-nt,
1231 2223 1346 2295 vel
1398 2222 1723 2294 recedant
1777 2223 1864 2293 ab
1919 2221 2212 2309 eisdem,
2272 2222 2393 2293 sed
2448 2221 2576 2293 sub
2631 2221 2767 2293 fide
2822 2226 2892 2292 et
2942 2221 3201 2293 honore
3236 2220 3497 2311 pariter
3532 2219 3936 2306 iuramenti,

858 2343 1206 2432 „fideliter
1271 2347 1343 2414 et
1404 2341 1698 2414 firmiter
1763 2340 1964 2413 nobis
2041 2345 2110 2412 et
2179 2340 2699 2413 successoribus
2770 2340 2972 2412 nobis
3036 2339 3502 2412 adhaerebunt
3557 2340 3940 2427 favoribus,

856 2461 1216 2551 „consiliis
1272 2467 1342 2534 et
1395 2459 1688 2541 auxiliis
1742 2460 2102 2552 perpetuis
2157 2460 2590 2551 temporibus
2646 2465 2716 2533 et
2770 2460 2846 2532 in
2900 2480 3168 2532 aevum.
3224 2459 3378 2531 Hoc
3421 2459 3634 2532 etiam
3671 2459 3937 2546 addito,

856 2583 1084 2674 „quod
1139 2580 1480 2673 praedicti
1534 2580 1828 2652 barones
1885 2584 1956 2651 et
1991 2581 2263 2652 nobiles
2302 2579 2760 2668 Lithuaniae,
2801 2583 2962 2671 post
2997 2583 3289 2652 mortem
3324 2579 3714 2651 Alexandri
3752 2579 3934 2651 alias

854 2701 1280 2792 „Withawdi
1336 2699 1573 2792 Magni
1628 2700 1847 2772 Ducis
1903 2699 2249 2788 moderni,
2305 2700 2584 2772 nullum
2635 2700 2993 2772 habebunt
3046 2703 3169 2771 aut
3220 2698 3481 2790 eligent
3514 2720 3639 2789 pro
3678 2700 3934 2792 Magno

856 2820 1224 2912 „Principe
1279 2825 1349 2892 et
1403 2819 1699 2892 Domino
1754 2819 2213 2906 Lithuaniae,
2271 2819 2411 2890 nisi
2467 2839 2673 2910 quem
2727 2820 2883 2891 Rex
2922 2818 3253 2891 Poloniae
3290 2821 3358 2891 et
3398 2817 3625 2908 ipsius
3662 2839 3939 2892 succes·

859 2960 1122 3029 „soreS,
1180 2961 1338 3012 cum
1396 2938 1690 3012 consilio
1745 2936 2226 3011 Praelatorum
2283 2943 2355 3011 et
2406 2938 2744 3011 baronum
2792 2939 3123 3012 Poloniae
3161 2942 3229 3010 et
3265 2942 3604 3011 terrarum
3640 2938 3937 3010 Lithua-

862 3058 1092 3150 „niae,
1133 3057 1464 3130 duxerint
1501 3056 1932 3149 eligendum,
1973 3058 2423 3131 statuendum
2461 3063 2532 3130 et
2567 3058 2960 3130 locandum.
3002 3056 3121 3130 Sic
3151 3057 3476 3129 similiter
3502 3057 3820 3129 Praelati
3851 3056 3943 3145 ²),

862 3179 1196 3267 „barones
1261 3180 1332 3248 et
1383 3176 1656 3249 nobiles
1712 3175 1938 3267 Regni
1994 3176 2360 3264 Poloniae,
2417 3176 2608 3268 Rege
2664 3176 2997 3249 Poloniae
3044 3176 3195 3248 sine
3247 3175 3488 3248 liberis
3544 3181 3615 3247 et
3664 3197 3943 3249 succes-

863 3296 1180 3386 „soribus
1235 3295 1575 3387 legitimis
1630 3295 2034 3382 decedente,
2102 3296 2364 3387 Regem
2420 3301 2489 3368 et
2544 3295 2945 3367 Dominium
3000 3315 3137 3367 non
3191 3296 3443 3368 debent
3504 3295 3683 3386 ipsis
3713 3293 3777 3384 ³)
3832 3317 3943 3367 as-

865 3437 1208 3506 „sumere‚
1268 3414 1418 3488 sine
1472 3414 1655 3487 scitu
1694 3417 1764 3486 et
1800 3414 2095 3487 consilio
2143 3419 2382 3486 nostro
2441 3415 2772 3489 videlicet
2818 3415 3206 3488 Alexandri
3240 3415 3475 3507 Magni
3512 3415 3763 3502 Ducis,
3819 3416 3943 3488 ba-

865 3556 1291 3626 „ronumque
1365 3539 1434 3606 et
1488 3533 1832 3606 nobilium
1888 3538 2232 3606 terrarum
2287 3534 2709 3607 Lithuaniae
2764 3534 3306 3625 praedictarum,
3373 3534 3577 3606 iuxta
3627 3538 3945 3608 tenorem

863 3660 974 3745 „et
1028 3659 1355 3727 contenta
1414 3653 1725 3744 priorum
1790 3653 2179 3728 literarum.
2246 3655 2615 3726 Praeterea
2678 3653 3055 3744 praedictis
3110 3653 3589 3741 libertatibu8‚
3644 3653 3943 3744 privile-

865 3773 1042 3867 „giis
1097 3778 1167 3846 et
1220 3773 1472 3865 gratiis
1537 3773 2017 3844 tantummodo
2082 3772 2196 3844 illi
2259 3773 2550 3845 barones
2606 3778 2675 3846 et
2729 3773 2999 3846 nobiles
3064 3777 3287 3846 terrae
3341 3771 3765 3844 Lithuaniae
3820 3772 3938 3844 de-

869 3894 1076 3982 „bent
1139 3893 1249 3964 uti
1314 3896 1385 3964 et
1447 3892 1779 3983 gaudere,
1848 3891 2102 3982 quibus
2167 3914 2360 3963 arma
2415 3896 2485 3964 et
2538 3893 2855 3966 clenodia
2916 3892 3257 3965 nobilium
3322 3891 3549 3984 Regni
3612 3891 3950 3964 Poloniae

870 4016 1079 4100 „sunt
1115 4032 1473 4093 concessa,
1533 4015 1604 4082 et
1651 4012 1954 4083 cultores
2011 4010 2435 4083 christianae
2471 4012 2866 4103 religieniS‚
2906 4013 3260 4084 Romanae
3288 4011 3352 4100 ⁴)
3408 4009 3743 4083 ecclesiae
3782 4011 3947 4082 sub-

872 4129 1110 4220 „iecti,
1168 4135 1238 4201 et
1291 4151 1428 4201 non
1484 4129 1918 4202 schismatici
1956 4130 2071 4201 vel
2108 4130 2235 4202 alii
2270 4131 2587 4203 infideles
2620 4130 2705 4218 5).
2763 4132 2946 4203 Item
2984 4152 3217 4203 omnes
3256 4131 3530 4217 literas»,
3572 4136 3974 4220 quascum-'

873 4271 1048 4340 „que
1101 4249 1343 4340 Regno
1396 4249 1730 4321 Poloniae
1785 4253 1854 4320 et
1909 4249 2114 4321 terris
2170 4249 2593 4322 Lithuaniae
2648 4254 2809 4322 ante
2866 4254 3128 4341 septem
3182 4251 3299 4321 vel
3350 4252 3502 4320 octo
3557 4268 3817 4337 annos,
3873 4270 3953 4320 ac

874 4372 1076 4459 „post
1129 4368 1245 4440 vel
1298 4367 1475 4439 citra
1528 4367 2041 4440 coronationem
2095 4373 2404 4439 nostram
2462 4368 2933 4441 concessimus
2971 4373 3042 4442 et
3078 4367 3427 4454 dedimuS,
3475 4370 3716 4441 tenore
3752 4389 3949 4459 prae-

875 4485 1224 4575 „sentium
1277 4487 1796 4573 confirmamus»,
1852 4485 2313 4572 ratificamuS,
2372 4487 2835 4576 approbamus
2890 4492 2959 4560 et
3012 4487 3223 4560 robur
3257 4491 3672 4577 perpetuum
3725 4487 3947 4577 impo-

875 4605 1149 4694 „nimus
1204 4604 1498 4691 eisdem,
1553 4603 1890 4676 habentes
1946 4604 2136 4694 ipsas
2193 4605 2680 4696 praesentibus
2733 4628 2858 4697 pro
2914 4607 3223 4679 insertis.
3278 4607 3429 4678 Hoc
3467 4605 3677 4679 etiam
3716 4605 3953 4677 addito

876 4725 1318 4817 „specialiter
1372 4729 1442 4798 et
1495 4745 1856 4814 expresso,
1924 4726 2107 4816 quod
2161 4726 2458 4816 praefati
2523 4727 2813 4800 barones
2869 4732 2939 4800 et
2992 4726 3261 4799 nobiles
3336 4724 3562 4816 Regni
3616 4723 3956 4797 Poloniae

878 4849 988 4932 „et
1054 4849 1395 4915 terrarum
1458 4843 1880 4916 Lithuaniae
1941 4845 2437 4917 conventiones
2503 4850 2574 4917 et
2636 4848 3104 4937 parlamenta,
3171 4848 3509 4935 quantum
3539 4844 3603 4932 6)
3668 4863 3955 4915 necesse

879 4962 1165 5051 „fuerit,
1221 4962 1297 5033 in
1350 4960 1643 5049 Lublin‚
1710 4963 1829 5033 vel
1890 4962 1964 5035 in
2027 4964 2347 5036 Parczow
2403 4968 2473 5036 et
2526 4965 2690 5037 aliis
2744 4965 2819 5036 in
2873 4964 3046 5037 locis
3102 4964 3287 5054 aptis
3343 4963 3427 5035 de
3481 4984 3828 5035 consensu
3881 4966 3953 5033 et

887 5085 1286 5154 .m..÷1unta.te
1339 5084 1581 5151 nostra
1635 5081 2116 5170 celebrabunt,
2172 5104 2296 5173 pro
2352 5084 2705 5157 commodo
2762 5088 2833 5156 et
2886 5083 3200 5156 utilitate
3253 5081 3480 5173 Regni
3514 5081 3851 5154 Poloniae
3887 5085 3959 5153 et

1095 5350 1135 5426 1)
1183 5354 1514 5412 duraturae.
1563 5348 1714 5415 Cod.
1760 5349 1951 5412 Rozr.
2003 5350 2056 5431 ⁹)
2099 5354 2389 5429 praedicti
2438 5349 2589 5417 Cod.
2640 5349 2817 5416 Calv.
2868 5353 2922 5432 ³)
2970 5355 3083 5415 sibi
3113 5355 3259 5431 ipsis
3289 5350 3413 5414 Ed.
3445 5348 3627 5433 Lipe.
3664 5348 3721 5431 ⁴)
3752 5357 3814 5412 et
3840 5353 3952 5412 Ro-

883 5474 1083 5510 maim·-
1135 5450 1282 5514 Sed.
1328 5451 1519 5516 Rozr.
1568 5451 1618 5534 ⁵)
1668 5455 1934 5514 infideles
1979 5455 2114 5515 sint.
2158 5453 2286 5516 Ed.
2334 5453 2514 5539 Lips.
2564 5454 2616 5532 ⁶)
2664 5458 2900 5533 quando
2950 5452 3100 5520 Cod.
3147 5454 3322 5519 Kost.
3354 5455 3513 5532 quod
3558 5449 3715 5516 God.
3763 5452 3954 5516 Rozr.
