4342 6384
399 530 530 631 (Α.
571 531 662 607 D.
705 528 960 633 1433.)
1568 553 1794 607 mann
1849 552 2309 607 6666611166.
2408 476 2413 482 ⁴
2598 560 2603 565 ·
3348 534 3495 608 505

399 738 596 811 liaris
659 759 701 811 a
753 737 1110 829 praedicta
1162 737 1364 826 urbe,
1421 743 1630 828 prout
1693 739 2158 812 constitutum
2214 744 2395 827 erat,
2452 738 2705 813 castris
2760 740 2990 813 locum
3043 744 3116 813 et
3154 740 3495 815 stationes

399 880 562 931 suas
625 859 900 932 firmare
969 857 1044 929 in
1110 858 1286 931 villa
1350 858 1644 931 Sobkow
1717 859 2025 951 episcopi
2099 859 2717 933 wladislaviensis
2792 859 3041 950 coepit.
3116 859 3493 934 Exercitus

397 985 628 1052 autem
691 979 1115 1051 Polonorum
1186 978 1394 1051 illum
1459 978 1910 1067 subsecutus,
1986 979 2151 1051 dum
2216 980 2305 1052 ad
2364 981 2753 1071 praefatum
2824 980 3154 1071 oppidum
3219 980 3495 1053 Tsczow

393 1098 866 1189 pervenisset,
923 1098 1286 1189 aliquanto
1342 1102 1652 1189 tempore
1706 1097 1858 1171 illic
1913 1098 2257 1172 substitit.
2330 1100 2426 1171 Et
2478 1098 2645 1172 licet
2708 1120 2834 1192 per
2887 1103 3273 1191 praefectos
3329 1101 3493 1173 sub-

396 1218 722 1291 sistentia
776 1218 1013 1309 aliqua
1067 1217 1221 1291 illic
1272 1216 1730 1306 inhiberetur,
1785 1241 1874 1292 ne
1913 1219 2302 1312 irruptione
2356 1240 2445 1292 66
2501 1218 2790 1293 civitate
2845 1221 3060 1308 facta,
3119 1220 3385 1293 incauti
3425 1226 3495 1293 et

393 1338 670 1429 praedis
743 1337 1003 1410 intenti
1067 1342 1602 1429 occuparentur3
1679 1338 1844 1429 quia
1909 1343 2140 1411 tamen
2215 1328 2482 1411 incolas
2557 1339 2755 1413 urbis
2828 1342 2973 1413 fata
3043 1342 3489 1431 appetebant,

395 1459 594 1531 nullo
649 1457 928 1551 ingenio
984 1464 1108 1531 aut
1163 1457 1625 1550 castigatione
1677 1464 1952 1549 poterat
2007 1458 2357 1533 exercitus
2404 1459 2739 1533 Poloniae
2791 1459 3129 1549 inhiberi,
3188 1481 3273 1533 ne
3310 1459 3493 1533 circa

393 1578 726 1671 oppidum
783 1580 1060 1651 Tsczow
1115 1577 1557 1651 subsisteret.
1631 1578 2002 1651 Habebant
2057 1578 2241 1650 enim
2298 1578 2633 1652 cruciferi
2686 1600 2811 1671 pro
2867 1580 3367 1653 consuetudine
3420 1592 3491 1654 et

394 1720 561 1786 usu,
617 1702 698 1769 ut
752 1718 989 1771 omnes
1044 1701 1290 1789 gentes
1347 1702 1416 1770 et
1471 1697 1964 1789 stipendiarios
2021 1718 2222 1787 suos,
2281 1720 2455 1790 quos
2508 1699 2861 1773 habebant
2914 1720 3002 1773 66
3043 1701 3371 1773 Β61161616
3405 1702 3483 1790 ¹),

395 1817 710 1906 Slesitis‚
749 1816 1122 1889 Almannis
1159 1821 1230 1889 et
1264 1818 1581 1908 Pyratis,
1639 1818 1761 1910 qui
1803 1819 2389 1891 Schewkinder
2418 1816 2479 1909 2)
2534 1825 3029 1910 nuncupantur
3059 1817 3145 1909 ³),
3186 1820 3491 1911 aliisque

391 1938 794 2011 nationibus
849 1938 1259 2025 conductos,
1329 1937 1415 2010 ad
1471 1942 1700 2010 666116
1755 1942 1877 2011 661
1931 1937 2293 2027 civitates,
2368 1938 2456 2011 ad
2509 1960 2683 2029 quas
2740 1938 3093 2013 exercitus
3156 1939 3491 2015 Poloniae

391 2056 871 2131 verisimiliter
923 2056 1355 2131 transiturus
1411 2062 1592 2145 erat,
1649 2059 2140 2145 transferrent;
2216 2062 2297 2129 ut
2350 2063 2581 2131 castra
2634 2058 2789 2149 ipsa
2854 2063 2923 2131 et
2976 2058 3303 2132 civitates
3372 2062 3488 2133 fir-

391 2182 578 2251 mata
631 2176 1031 2250 hominibus
1060 2178 1126 2265 ⁴)
1181 2180 1450 2264 essent,
1507 2180 1577 2249 61
1642 2176 2107 2266 obsidionem,
2165 2179 2893 2271 expugnationemque
2946 2178 3275 2252 hostilem
3340 2202 3475 2252 non

389 2298 978 2389 pertimescerent.
1037 2296 1472 2388 Quapropter
1527 2301 1598 2369 et
1651 2297 2008 2371 obsidione
2063 2298 2248 2389 apud
2299 2297 2689 2389 Ghoynicza
2744 2298 3009 2388 soluta,
3066 2318 3303 2371 omnes
3360 2300 3483 2372 sti-

388 2416 731 2509 pendiarii
787 2422 857 2491 et
907 2419 1150 2509 gentes
1207 2417 1710 2490 cruciferorum
1775 2417 1850 2488 in
1905 2417 2082 2489 alias
2138 2418 2347 2491 urbes
2402 2416 2899 2505 defendendas,
2966 2417 3039 2489 in
3096 2418 3325 2490 noctis
3380 2419 3482 2493 in-

387 2542 772 2631 tempestae
811 2536 1096 2609 silentio
1134 2536 1756 2629 transmigravere,
1813 2558 2187 2629 omnesque
2226 2541 2395 2610 tunc
2434 2558 2583 2609 sors
2638 2537 2712 2608 in
2743 2537 3030 2609 Tschow
3067 2540 3482 2613 contulerat.

388 2658 680 2749 Iamque
751 2678 876 2748 per
945 2657 1248 2729 Polonos
1331 2678 1419 2729 ex
1493 2656 1823 2750 insigniis
1899 2679 2279 2746 armorum,
2354 2677 2825 2749 equorumque
2903 2678 3152 2747 genere
3225 2660 3485 2750 optime

385 2777 943 2864 noscitabantur‚
1012 2796 1126 2863 eo,
1193 2776 1377 2868 quod
1442 2797 1529 2850 66
1593 2776 1845 2850 castris
1910 2782 1980 2850 et
2043 2776 2487 2866 civitatibus,
2562 2777 2749 2851 circa
2813 2798 2989 2869 quae
3060 2777 3480 2856 Polonorum

385 2896 740 2971 exercitus
796 2895 975 2985 ibat,
1033 2897 1554 2983 11666661166166,
1611 2896 1994 2988 praeludiis
2051 2896 2507 2971 certaminum
2563 2903 2839 2970 nostros
2894 2898 3349 2970 infestabant.
3405 2899 3481 2970 ln

387 3019 572 3089 huuc
628 3038 902 3109 quoque
955 3037 1215 3089 morem
1247 3016 1308 3107 ⁵)
1363 3018 1786 3089 Polonorum
1843 3017 2216 3106 exercitui,
2276 3017 2397 3109 qui
2453 3018 2853 3091 suburbana
2906 3016 3202 3111 praefati
3243 3018 3483 3110 oppidi

383 3138 662 3211 Tsczow
715 3136 986 3229 ingredi
1041 3136 1535 3226 contendebat,
1593 3157 1669 3210 se
1732 3137 2132 3211 obiecerunt
2161 3137 2225 3227 ⁶)
2282 3143 2352 3209 et
2411 3137 2738 3228 pluribus
2793 3138 3191 3225 6666111166,
3248 3159 3335 3211 66
3374 3138 3478 3210 in-

383 3258 862 3346 cenderentur,
900 3257 1314 3330 restiterunt
1345 3256 1448 3345 ⁷):
1506 3257 1626 3332 sed
1664 3257 1974 3347 tandem,
2033 3279 2191 3332 cum
2229 3263 2625 3330 nostrornm
2680 3262 3019 3331 cresceret
3073 3257 3479 3347 multitudo,

380 3400 584 3471 aegre
640 3378 712 3451 in
769 3376 1100 3469 oppidum
1122 3434 1139 3465 ,
1205 3377 1529 3469 pluribus
1594 3378 2018 3465 interfectiS,
2088 3378 2347 3469 captis,
2414 3383 2538 3451 aut
2590 3378 3011 3465 vulneratis,
3079 3398 3153 3451 se
3205 3398 3477 3469 recepe·

379 3504 570 3571 runt.
630 3497 1046 3570 Suburbana
1099 3496 1404 3588 primum
1459 3498 1790 3590 spoliata,
1849 3498 2096 3571 deinde
2149 3497 2467 3585 incensa,
2523 3497 2600 3569 in
2653 3497 2874 3569 altum
2929 3497 3351 3590 flagrabant,
3410 3505 3479 3572 et

377 3622 632 3691 ventus
688 3617 968 3689 validus
1023 3639 1064 3689 a
1099 3617 1390 3690 meridie
1445 3618 1974 3709 superveniens,
2033 3621 2102 3690 et
2139 3616 2491 3691 scintillas
2548 3620 2617 3690 et
2653 3615 2940 3691 titiones
2996 3638 3077 3689 ac
3128 3617 3475 3691 flammam

377 3736 454 3809 in
520 3736 887 3829 oppidum,
963 3736 1166 3827 quasi
1229 3736 1314 3809 de
1380 3736 1728 3809 industria
1793 3737 2203 3830 suffragium
2265 3736 2555 3809 Polonis
2620 3738 2863 3826 ferret,
2940 3736 3473 3829 superiaciebat.

378 3856 583 3929 Unde
637 3861 707 3930 et
762 3856 1112 3930 6661611116
1177 3855 1599 3929 Polonorum
1665 3858 1899 3929 stabat
1963 3856 2313 3944 16166166,
2382 3856 2975 3929 consumationem
3030 3856 3351 3929 suburbii
3406 3862 3477 3930 et

377 3976 576 4050 urbis
630 3975 1144 4067 corruptionem
1207 3996 1346 4047 nou
1401 3974 1594 4049 inani
1650 3976 1942 4069 augurio
1999 3980 2400 4067 expectans.
2484 3975 2831 4067 Oppidani
2884 3997 3071 4065 vero,
3128 3974 3295 4050 licet
3356 4000 3471 4051 ur-

375 4095 488 4167 bis
543 4116 712 4168 suae
762 4094 1161 4168 incendium
1217 4116 1399 4187 aqua
1453 4100 1524 4168 et
1561 4096 2094 4187 cylindriorum,
2151 4100 2631 4187 tectorumque
2666 4095 2993 4187 ruptione
3028 4096 3472 4187 repellerent,

373 4215 596 4287 turris
659 4220 894 4288 tamen
964 4236 1104 4287 una
1165 4220 1348 4289 tecto
1414 4215 1644 4309 ignem
1707 4216 2136 4309 concipiens,
2212 4216 2447 4289 vicina
2509 4236 2825 4307 quaeque
2888 4216 3126 4289 ardere
3198 4216 3468 4309 coegit:

375 4355 465 4407 66
521 4335 700 4408 16111
755 4334 938 4408 66116
993 4336 1068 4407 16
1105 4335 1472 4422 666166166,
1531 4335 1778 4408 deinde
1833 4336 1908 4407 in
1947 4335 2186 4428 oppidi
2242 4340 2427 4408 tecta
2463 4335 2829 4424 desiliens,
2889 4336 3039 4408 sine
3076 4356 3271 4409 mora
3306 4336 3469 4408 ado·

375 4453 552 4527 levit
614 4458 684 4527 et
737 4454 992 4527 vicinis
1041 4438 1452 4546 'quibusque
1517 4476 1592 4527 se
1655 4454 1883 4546 coepit
1945 4454 2344 4543 infundere,
2418 4455 2766 4527 neminem
2831 4458 3190 4545 expertem
3252 4446 3499 4527 16116·

374 4594 598 4666 quens
648 4574 970 4665 periculi.
1027 4574 1176 4647 Nec
1210 4576 1434 4647 multo
1487 4579 1664 4665 post·
1683 4573 1872 4667 ignis
1909 4574 2242 4663 diffusus,
2282 4575 2458 4663 late,
2496 4575 2841 4665 longeque
2877 4594 3158 4647 manare
3196 4572 3465 4664 coepit:

369 4699 658 4786 propter
711 4694 895 4785 quod
932 4693 1283 4767 exercitus
1318 4694 1554 4787 regius
1593 4694 1954 4768 moenibus
1993 4694 2585 4786 appropinquans,
2642 4692 3025 4784 irrumpere
3062 4692 3463 4766 conabatur.

369 4812 596 4886 Nulla
647 4818 880 4887 tamen
934 4812 1007 4885 vi
1061 4817 1132 4887 et
1185 4813 1698 4907 oppugnatione
1753 4814 1893 4886 iam
1948 4834 2121 4905 opus
2150 4812 2247 4902 ⁸):
2324 4812 2571 4886 urebat
2624 4812 2807 4885 enim
2862 4811 3257 4885 defensores
3314 4833 3463 4884 mu·

369 4952 606 5005 rorum
660 4932 878 5025 ignis,
945 4932 1069 5023 qui
1129 4931 1269 5005 iam
1333 4932 1408 5005 16
1459 4936 1646 5006 16616
1709 4933 2060 5021 66611666,
2127 4932 2341 5006 etiam
2396 4953 2545 5021 eos,
2612 4932 2733 5024 qui
2786 4932 2861 5004 16
2916 4932 3277 5006 1666611166
3342 4936 3466 5005 661

587 5218 636 5307 ¹)
683 5243 756 5285 66
785 5225 1176 5286 Bohemorum
1205 5228 1382 5300 gente
1423 5220 1551 5285 Ed.
1583 5220 1764 5306 Lips.
1815 5222 1866 5301 ²)
1913 5222 2263 5284 Sewkinder
2294 5216 2445 5284 Cod.
2479 5218 2654 5283 Kost.
2686 5220 3181 5302 (Schiffskinder).
3230 5218 3284 5300 ⁸)
3316 5240 3461 5282 1166·

367 5326 738 5403 cupabantur
793 5321 944 5389 0001.
993 5323 1185 5388 Rozr.
1248 5322 1302 5404 ⁴)
1347 5326 1616 5387 omnibus
1680 5320 1831 5388 cod.
1889 5319 2064 5387 Calv.
2136 5322 2189 5402 ⁵)
2234 5325 2471 5385 modum
2514 5321 2642 5386 Ed.
2689 5321 2871 5408 Lips.
2943 5322 2997 5401 ⁸)
3043 5324 3261 5386 obiecit
3308 5319 3461 5387 cod.

371 5422 552 5491 Calv.
603 5426 653 5508 ⁷)
698 5429 916 5489 restitit
961 5424 1114 5492 God.
1150 5423 1327 5491 Calv.
1376 5426 1428 5507 Β)
1477 5447 1624 5507 opus
1670 5434 1799 5490 erat
1843 5422 1996 5491 Cod.
2042 5425 2237 5489 Rozr.

423 5578 468 5621 3.
494 5578 685 5634 magon.
711 5578 886 5620 mutor.
913 5578 1074 5620 toron.
1103 5578 1155 5620 ’1.
1182 5578 1263 5619 iv.
3118 5559 3187 5624 64
