4342 6384
271 546 409 653 (Α.
451 546 541 627 D.
583 543 836 649 1434.)
874 632 877 637 ,
1442 570 1670 627 nrm-m
1720 569 2181 627 monemus.
3227 556 3376 631 543

270 760 531 851 pavido
588 764 657 833 et
693 760 989 831 molesto
1046 758 1299 847 animo,
1356 760 1556 830 nulla
1594 756 2093 832 certificatione
2148 762 2274 831 aut
2311 760 2682 850 sponsione
2733 760 3186 853 interposita,
3227 785 3378 837 eam

234 880 575 965 daturos,
636 884 707 951 et
743 880 1007 971 Regem
1060 878 1582 969 pervenientem
1639 879 1725 949 ad
1764 882 2097 967 aetatem,
2156 879 2600 953 coronatione
2647 884 3033 970 transacta,
3073 888 3142 955 et
3177 884 3378 955 nulla

269 1000 693 1071 necessitate
748 998 1237 1087 constrictum,
1295 998 1499 1071 facile
1554 998 2147 1071 confirmationem
2194 998 2487 1087 iurium,
2546 1000 2710 1073 dum
2748 1002 2888 1074 sibi
2941 1000 3186 1074 resisti
3236 1024 3378 1074 non

268 1124 541 1209 posset,
603 1124 672 1191 et
727 1118 1047 1191 omnibus
1103 1119 1511 1193 muneribus
1564 1120 1781 1211 regiis
1836 1122 2248 1211 perfunctus
2304 1126 2521 1208 esset,
2579 1126 3088 1199 recusaturum.
3148 1120 3376 1194 Biduo

272 1239 595 1329 quaestio
650 1239 819 1312 haec
877 1243 946 1311 et
983 1239 1410 1332 ambiguitas
1466 1238 1637 1310 trita
1675 1244 1816 1327 est,
1874 1245 1944 1312 et
1982 1240 2335 1313 coronat-io
2389 1240 2738 1312 Kazimiri
2775 1240 2991 1333 Regis
3048 1240 3172 1312 vix
3209 1240 3374 1313 dum

268 1357 755 1449 pubescentiS,
815 1363 1015 1449 patre
1070 1363 1367 1446 mortu0,
1426 1358 1783 1431 celerrime
1839 1360 2245 1446 subsecuta,
2303 1359 2377 1430 in
2415 1360 2816 1433 memoriam
2868 1363 3194 1433 revocata
3241 1364 3371 1432 est.

271 1477 563 1549 Allatus
619 1477 899 1566 deinde,
958 1478 1281 1550 mandato
1339 1478 1628 1569 Sbignei
1682 1477 1993 1570 episcopi
2044 1478 2557 1566 Gracoviensis,
2617 1500 2706 1551 ex
2761 1479 3095 1552 ecclesiae
3131 1479 3374 1551 Craco·

272 1596 544 1669 viensis
580 1596 1030 1685 bibliotheca,
1063 1596 1536 1669 Decretalium
1573 1596 1754 1669 liber
1787 1618 1912 1688 per
1939 1598 2379 1669 Kazimirum
2405 1600 2669 1689 Regem
2709 1598 3038 1671 donatus:
3071 1598 3146 1670 in
3174 1599 3376 1671 cuius

268 1716 500 1807 prima
554 1717 877 1789 columna
929 1716 1272 1789 Kazimiri
1311 1716 1525 1807 Regis
1563 1716 1791 1808 imago
1848 1737 2083 1790 ensem
2120 1716 2377 1809 vagina
2413 1738 2711 1791 vacuum
2766 1717 2842 1791 in
2879 1739 3086 1790 manu
3123 1719 3376 1792 dextra

269 1836 579 1909 tenebat.
655 1838 746 1907 Et
800 1857 957 1909 cum
1012 1835 1473 1927 allegationes
1527 1836 1767 1926 plures
1822 1856 1911 1908 ex
1967 1836 2093 1909 illo
2148 1837 2642 1927 pronuntiatae
2698 1837 3032 1925 fuissent,
3091 1839 3370 1910 conclu-

271 1955 520 2027 dentes
574 1956 1051 2029 minorennem
1105 1956 1296 2048 regio
1353 1956 1744 2029 diademate
1798 1977 2004 2047 posse
2058 1955 2424 2049 insigniri;
2490 1978 2786 2049 cumque
2840 1956 3372 2050 percrebuisset,

269 2075 533 2148 librum
588 2076 774 2148 hunc
828 2075 1175 2149 Kazimiri
1228 2076 1444 2167 Regis
1500 2097 1682 2149 esse:
1741 2097 1979 2148 omnes
2035 2076 2241 2148 facile
2297 2080 2530 2166 (tanta
2585 2078 2814 2150 adhuc
2858 2076 3244 2151 recordatio
3303 2082 3376 2149 et

271 2194 583 2268 charitas
640 2194 858 2287 Regis
913 2196 1173 2271 dudum
1212 2195 1472 2268 mortui
1526 2198 1707 2285 erat)
1764 2196 1837 2268 in
1875 2195 2391 2269 coronationem
2447 2196 2731 2269 maioris
2785 2202 2956 2269 natu
2994 2196 3373 2270 Wladislai

270 2315 493 2407 Regis
531 2316 1001 2389 consentiunt.
1058 2315 1319 2387 Verum
1375 2336 1531 2388 cum
1578 2316 1663 2389 de
1716 2315 2238 2389 confirmatione
2277 2315 2536 2388 iurium
2591 2316 2819 2409 Regni
2874 2317 3099 2389 adhuc
3152 2316 3370 2389 ambi·

268 2435 510 2527 guitas
566 2434 753 2507 haud
808 2435 1175 2508 mediocris
1231 2436 1481 2507 relicta
1536 2440 1751 2508 esset:
1808 2436 1978 2509 haec
2032 2455 2308 2526 quoque
2347 2433 2617 2527 Spiritu
2657 2435 2895 2508 divino
2935 2440 3368 2527 cooperante,

272 2574 361 2627 ea
413 2553 807 2627 conditione
863 2559 933 2626 et
986 2555 1261 2627 cautela
1317 2554 1596 2627 sublata
1648 2558 1787 2641 est,
1846 2559 1925 2625 ut
1982 2554 2244 2645 Sophia
2279 2554 2551 2645 Regina
2601 2559 2824 2629 mater
2875 2576 3033 2628 cum
3087 2556 3368 2629 Praela-

272 2674 407 2762 tis,
466 2673 1052 2765 Principibusque
1118 2672 1362 2746 stricto
1420 2672 1758 2765 sanguine
1822 2673 1962 2746 sibi
2015 2673 2312 2762 iunctis,
2377 2674 2938 2766 primoribusque
3000 2674 3368 2762 baronum,

267 2816 400 2885 pro
457 2795 691 2865 futuro
747 2793 939 2885 Rege
992 2792 1389 2865 Wladislao
1454 2793 1875 2881 cautionem,
1944 2792 2528 2886 sponsionemque
2583 2795 2870 2883 faceret,
2927 2794 3369 2867 confirmatu-

266 2936 430 2986 rum
483 2912 689 2984 illum
744 2934 917 3003 pure
972 2918 1042 2986 et
1097 2912 1514 3004 simpliciter
1569 2912 1797 3005 Regni
1852 2913 2037 3001 iura,
2096 2913 2611 3004 quamprimum
2675 2914 2760 2985 ad
2815 2913 3203 3003 legitimam
3257 2934 3368 2985 ae-

268 3038 494 3106 tatem
555 3032 1010 3124 pervenisset.
1096 3032 1199 3104 Ea
1263 3032 1570 3104 conditio
1635 3036 1805 3104 tunc
1866 3037 2176 3124 recepta,
2253 3033 2571 3125 singulas
2634 3032 3126 3121 difficultates,
3195 3053 3373 3123 quae

266 3152 931 3243 interponebantur,
998 3152 1544 3243 serebanturque
1584 3152 1636 3239 ¹)
1709 3153 1795 3223 ad
1868 3150 2378 3243 impediendam
2449 3152 2961 3225 coronationem
3035 3153 3370 3240 futuram,

269 3278 709 3344 summotura
762 3272 1161 3358 videbatur3
1236 3270 1877 3363 existimabantque
1930 3269 2318 3343 consiliarii
2383 3292 2532 3359 eoS‚
2602 3270 2723 3363 qui
2786 3291 3042 3343 novare
3095 3271 3372 3363 aliquas

265 3412 387 3464 res
443 3392 931 3480 moliebantur,
988 3392 1187 3464 velut
1243 3391 1498 3482 quibus
1554 3390 1995 3463 satisfactum
2049 3392 2309 3479 fuerat,
2366 3392 2442 3463 in
2477 3390 2860 3463 crastinum
2916 3390 3098 3463 diem
3129 3390 3372 3463 Sancti

266 3511 514 3584 Iacobi
584 3532 871 3601 prorsus
937 3510 1320 3602 quieturos.
1402 3510 1605 3583 Unde
1666 3531 1795 3583 nec
1855 3510 2221 3601 privatim,
2295 3530 2422 3583 nec
2505 3509 2818 3601 publice,
2886 3508 3126 3600 aliqua
3187 3508 3369 3581 anti·

269 3632 443 3703 dota
494 3651 619 3722 pro
657 3629 1111 3703 rescindendo
1149 3630 1411 3718 future,
1469 3630 1653 3721 quod
1690 3630 2114 3717 struebatur,
2172 3630 2668 3721 impedimento
2723 3628 3141 3719 interposita
3177 3632 3368 3715 sunt,

269 3769 405 3822 nec
468 3750 556 3821 ad
623 3749 1121 3822 emolliendum
1173 3750 1355 3821 male
1410 3749 1773 3821 induratos
1828 3750 2095 3821 animos
2127 3749 2191 3838 ²)
2249 3748 2621 3841 quicquam
2673 3747 3056 3839 provisum.

466 4110 617 4183 ‘l'rcs
661 4130 958 4201 proceros
1004 4110 1408 4185 coronationi
1452 4112 1809 4199 resistunt3
1857 4111 1975 4184 sod
2020 4115 2243 4183 tamen
2288 4110 2681 4185 wladislaus
2723 4112 2793 4182 in
2838 4108 3177 4184 civitatem

1126 4232 1614 4303 cracoviensem
1658 4231 1999 4304 deducitur
2045 4235 2114 4304 et
2158 4234 2525 4303 coronatur.

484 4470 696 4541 Festo
753 4468 865 4540 die
921 4468 1161 4540 Sancti
1215 4469 1451 4541 Iacobi
1518 4470 2005 4557 illucescente,
2072 4489 2309 4541 omnes
2373 4467 2716 4556 Praelati,
2783 4467 3180 4558 Principes,
3248 4465 3367 4539 ba-

265 4608 480 4661 rones
544 4593 613 4659 et
666 4587 938 4660 nobiles
994 4588 1329 4661 Poloniae
1392 4589 1464 4660 in
1522 4590 1744 4661 salam
1808 4589 2037 4660 albam
2102 4589 2319 4661 castri
2384 4586 2863 4662 cracoviensis
2919 4585 3368 4672 conveniunt,

266 4707 414 4781 rati
472 4708 622 4779 sine
677 4706 1115 4798 oppositione
1149 4706 1210 4797 ³)
1266 4714 1339 4780 et
1392 4708 1810 4780 difficultate
1858 4708 2099 4798 aliqua
2170 4708 2682 4780 coronationem
2749 4705 2969 4777 futuri
3024 4705 3240 4797 Regis
3297 4725 3372 4777 se

264 4820 731 4920 perfecturos.
817 4827 953 4898 Sed
1018 4828 1105 4898 ab
1158 4827 1304 4915 his,
1372 4827 1493 4919 qui
1555 4827 1815 4918 regiam
1882 4827 2397 4901 coronationem
2469 4825 2806 4916 impedire
2877 4824 3367 4911 moliebantur,

266 4952 510 5020 motus
566 4946 862 5018 maiores
924 4946 1277 5036 prioribus
1342 4946 1675 5018 concitati
1730 4951 1919 5017 sunt.
2001 4926 2458 5019 Renovantur
2518 4945 2758 5035 itaque
2812 4943 3372 5016 consiliariorum

266 5069 475 5152 vota,
534 5072 602 5137 et
656 5064 903 5137 maiori
958 5065 1323 5137 concordia
1377 5065 1755 5155 primorum
1812 5065 2230 5153 decernitur,
2290 5070 2633 5155 quatenus
2687 5062 3194 5154 primogenitus
3232 5062 3368 5134 Re-

500 5336 539 5414 ¹)
584 5338 897 5414 interponi,
945 5337 1181 5412 serique
1235 5334 1387 5398 eod.
1439 5332 1617 5397 Calv.
1676 5334 1729 5413 2)
1774 5336 1853 5394 ad
1898 5336 2314 5397 emolliendum
2357 5338 2462 5393 aut
2504 5333 2896 5409 frangendum
2939 5334 3094 5393 male
3137 5338 3198 5393 et
3238 5350 3372 5459 pro·

264 5450 447 5502 terve
489 5440 791 5499 induratos
837 5440 1064 5499 animos
1113 5433 1263 5499 Cod.
1313 5435 1503 5499 Rozr.
1566 5436 1619 5517 ³)
1667 5439 1795 5497 sine
1838 5438 2285 5519 interpositione
2335 5431 2487 5500 cod.
2526 5430 2703 5501 Calv
