4342 6384
895 536 1044 611 304
2065 558 2293 613 unns
2344 558 2803 612 annuemus.
3422 536 3557 639 (Α.
3596 538 3689 613 D.
3728 536 3981 639 1422.)

1634 866 1928 939 &strum
1972 864 2287 956 xorem
2332 866 2725 939 wladislaus
2768 867 2907 939 nox
2950 867 3229 939 obsidet.

1078 1104 1210 1177 Die
1265 1102 1632 1176 Dominico
1687 1101 1930 1175 Sancti
1985 1101 2512 1174 Bartholomaei
2566 1102 2927 1194 Apostoli,
2984 1107 3215 1176 castro
3254 1103 3485 1178 Golub
3534 1105 3977 1179 wladislaus

870 1224 1204 1297 Poloniae
1257 1222 1413 1297 Rex
1468 1221 1900 1315 conquisito,
1967 1221 2179 1294 motis
2234 1220 2490 1313 copiis,
2558 1221 2752 1293 venit
2805 1222 2891 1294 ad
2946 1228 3253 1295 castrum
3308 1228 3381 1297 et
3437 1224 3773 1317 oppidum
3826 1227 3972 1299 Ko-

871 1344 1092 1435 walye
1154 1342 1334 1415 alias
1389 1342 1698 1415 Szunsze
1735 1342 1818 1430 ¹),
1891 1346 1964 1415 et
2027 1340 2361 1433 oppidum
2422 1361 2547 1433 per
2610 1342 2849 1413 hostes
2911 1342 3294 1433 reperienS,
3366 1365 3455 1418 ne
3519 1345 3833 1419 Polonus
3898 1368 3977 1420 eo

873 1464 1243 1556 potiretur,
1301 1466 1633 1535 exustum
1653 1518 1669 1551 ,
1727 1466 2034 1534 castrum
2091 1460 2453 1534 obsidione
2506 1460 2758 1553 cingit,
2814 1461 3350 1554 bombardisque
3404 1465 3659 1555 quatit.
3718 1467 3807 1537 In
3862 1465 3975 1539 die

870 1604 1036 1656 vero
1091 1581 1598 1656 Decollationis
1665 1580 1906 1655 Sancti
1969 1581 2307 1653 Iohannis
2374 1580 2772 1672 Baptistae,
2848 1581 3145 1655 militari
3212 1581 3481 1675 impetu
3554 1589 3799 1657 contra
3860 1606 3972 1658 ca-

873 1708 1099 1776 strum
1167 1702 1356 1776 edito
1387 1700 1475 1792 2),
1539 1702 1949 1793 conquirere
2013 1700 2197 1774 illud
2260 1701 2639 1775 nitebatur.
2722 1700 2858 1773 His
2922 1706 3155 1773 tamen
3173 1757 3189 1789 ,
3258 1702 3381 1793 qui
3444 1708 3755 1775 castrum
3818 1709 3969 1778 tue·

869 1823 1154 1911 bantur,
1209 1823 1424 1914 probe
1487 1821 2018 1909 resistentibus,
2085 1821 2311 1895 omnis
2376 1820 2913 1912 conquisitionis
2978 1826 3049 1893 et
3102 1821 3408 1913 impetus
3460 1822 3659 1896 labor
3724 1824 3975 1897 recidit

871 1944 947 2015 in
1001 1942 1314 2031 irritum,
1379 1940 1590 2013 multi
1643 1940 1934 2033 insuper
1994 1960 2084 2013 ex
2137 1941 2563 2014 Polonorum
2630 1939 3010 2029 militibus,
3080 1940 3203 2033 qui
3266 1944 3687 2015 antemurali
3754 1944 3972 2017 fracto

872 2068 944 2136 et
998 2064 1435 2154 expugnato,
1493 2062 1833 2133 fossatum
1887 2060 2105 2133 castri
2167 2060 2469 2152 ingressi
2525 2064 2725 2147 sunt,
2790 2060 3051 2152 grande
3106 2060 3497 2151 periculum
3550 2062 3971 2137 inciderant.

871 2183 1136 2253 Hostes
1190 2179 1539 2273 siquidem
1593 2180 1668 2251 in
1709 2180 1970 2252 fossato
2007 2178 2363 2272 praedicto
2400 2178 2727 2271 pluribus
2761 2178 2938 2252 rot-is
2972 2180 3250 2272 positis,
3307 2182 3769 2255 straminibus
3808 2182 3975 2256 illas

869 2304 1362 2389 contexerant,
1420 2300 1770 2373 militibus
1825 2298 2114 2391 insuper
2167 2300 2425 2371 fossam
2480 2298 2942 2387 intrantibus,
2998 2300 3236 2372 hostes
3291 2300 3631 2373 stramina
3684 2322 3971 2376 succen-

869 2420 1079 2493 dunt:
1137 2425 1210 2493 et
1261 2420 1438 2513 regii
1475 2420 1742 2494 milites
1793 2418 1970 2492 rotis
2007 2418 2411 2511 illaqueati,
2470 2439 2607 2490 non
2646 2418 2796 2492 sine
2831 2418 3175 2511 pertinaci
3228 2419 3680 2509 difficultate,
3722 2422 3973 2495 mortis

868 2545 994 2613 aut
1047 2539 1488 2632 captivitatis
1541 2540 1938 2631 periculum
1992 2538 2331 2612 vitavere.
2406 2538 2666 2630 Captus
2720 2542 2955 2610 tamen
3020 2538 3155 2610 fuit
3216 2560 3341 2631 per
3403 2541 3644 2613 hostes
3700 2542 3967 2615 Dobro-

863 2659 1138 2753 gostius
1175 2660 1608 2733 castellanus
1647 2658 2082 2731 Caminensis
2111 2656 2199 2747 ³),
2240 2658 2445 2731 miles
2484 2657 2569 2729 de
2604 2656 2804 2730 domo
2842 2657 3153 2730 Nalancz
3184 2658 3273 2749 4),
3330 2658 3453 2750 qui
3506 2663 3669 2733 ante
3707 2666 3973 2734 motam

867 2779 1334 2853 Golubensem
1400 2800 1558 2852 cum
1611 2776 1988 2851 cruciferis
2041 2798 2365 2870 guerram
2397 2776 2485 2867 5),
2543 2780 2849 2849 castrum
2888 2778 3115 2869 Regni
3144 2779 3207 2867 ⁶)
3259 2778 3593 2852 Poloniae
3649 2780 3967 2869 Drahim‚

869 2900 1072 2971 cuius
1127 2904 1277 2972 erat
1339 2899 1760 2986 tenutarius,
1817 2898 2129 2971 hostium
2168 2896 2673 2989 interceptione
2727 2899 2797 2969 et
2816 2895 3075 2971 -fraude
3110 2898 3547 2991 negligenter
3598 2900 3967 2987 amiserat;

869 3019 1056 3110 quod
1107 3040 1246 3091 non
1300 3021 1464 3109 post
1515 3019 1756 3111 plures
1811 3017 1963 3091 dies
2016 3018 2287 3091 Paulus
2340 3016 2683 3091 Wasznik
2713 3018 2775 3106 ⁷)
2828 3016 3254 3107 Almannus,
3309 3018 3384 3090 in
3438 3020 3697 3111 angulo
3752 3020 3968 3093 castri

867 3139 1134 3212 habens
1188 3136 1706 3227 dormitorium,
1763 3138 2012 3211 tractis
2069 3158 2350 3210 sursum
2403 3158 2525 3230 per
2562 3136 2889 3209 ferinales
2944 3157 3177 3211 casses
3214 3138 3502 3211 Polonis
3558 3161 3770 3232 quam
3804 3140 3967 3232 plu-

863 3257 1099 3347 rimis,
1157 3261 1228 3331 et
1278 3258 1442 3346 hos,
1498 3257 1622 3350 qui
1657 3263 1966 3330 castrum
2004 3257 2443 3345 detinebant,
2502 3255 2902 3347 occupavit,
2959 3261 3029 3329 et
3066 3260 3371 3331 castrum
3407 3258 3589 3351 Regi
3626 3258 3967 3333 reddidit:

863 3399 990 3471 pro
1056 3399 1192 3471 quo
1245 3377 1360 3450 illi
1434 3378 1864 3452 liberalitate
1917 3378 2110 3471 regia
2164 3398 2415 3450 census
2470 3396 2609 3447 non
2646 3375 2881 3448 tenuis
2935 3377 3121 3469 apud
3156 3377 3432 3469 Zuppas
3460 3376 3529 3468 ⁸)
3584 3378 3967 3451 Vielicieu-

865 3520 976 3572 ses
1031 3496 1484 3591 consignatus
1517 3496 1604 3588 ⁹).

1529 3772 1838 3872 cruciferi
1875 3798 2132 3871 Polonis
2178 3798 2507 3889 pugnandi
2562 3798 2809 3890 copiam
2850 3818 2982 3872 nou
3027 3798 3296 3871 faciunt.

1069 3976 1298 4051 Castri
1349 3976 1685 4069 Kowalye
1741 3976 2262 4069 expugnatione
2318 3976 2606 4064 omissa,
2665 3975 2837 4049 feria
2889 3976 3101 4049 tertia
3150 3980 3311 4068 post
3366 3976 3609 4050 Sancti
3648 3978 3959 4071 Aegidii,

866 4096 1305 4171 Wladislaus
1361 4097 1696 4170 Poloniae
1749 4098 1904 4171 Rex
1961 4100 2193 4170 castra
2246 4116 2493 4169 versus
2542 4096 2823 4168 Thorun
2876 4096 3119 4169 movit.
3178 4096 3269 4168 Et
3304 4096 3467 4168 dum
3523 4096 3613 4168 ad
3650 4103 3961 4170 castrum

865 4218 1141 4309 Papow,
1207 4217 1411 4289 facile
1475 4216 1658 4289 illud
1729 4221 2263 4309 expugnaturus
2280 4270 2297 4304 ,
2372 4215 2817 4303 consisteret,
2895 4216 2983 4288 ab
3048 4214 3608 4307 exploratoribus
3682 4217 3959 4306 doctus,

864 4336 1252 4410 cruciferos
1307 4334 1737 4408 clandestine
1799 4335 2183 4411 notabilem
2250 4335 2668 4424 exercitum,
2734 4356 2873 4407 non
2936 4335 3025 4406 ad
3087 4334 3622 4424 decernendum,
3692 4337 3819 4409 sed
3872 4338 3961 4409 ad

865 4454 1348 4529 offendendum
1401 4476 1490 4527 ex
1546 4454 1828 4528 insidiis
1883 4460 1954 4529 et
2006 4457 2158 4529 loco
2214 4454 2458 4546 iniquo
2510 4454 2739 4547 regias
2775 4458 3051 4548 gentes,
3108 4475 3597 4547 congregasse,
3656 4458 3959 4532 sedecim

861 4574 1195 4649 banderia
1247 4574 1334 4648 de
1367 4574 1696 4667 gentibus
1735 4574 1963 4667 Regni
2000 4574 2359 4661 Poloniae,
2418 4580 2488 4646 et
2524 4573 2665 4646 alia
2704 4574 3004 4648 sedecim
3040 4574 3375 4648 bandoria
3426 4574 3512 4647 de
3548 4575 3957 4667 LithuaniS,

863 4695 1088 4769 mittit
1141 4715 1390 4769 versus
1423 4694 1754 4783 Radzim,
1814 4694 2140 4787 quoniam
2163 4692 2331 4796 'illic
2366 4694 2679 4767 hostium
2717 4694 2981 4768 stativa
3032 4694 3251 4767 fuisse
3288 4694 3714 4768 ferebantur.
3772 4698 3958 4769 Dum

863 4814 1105 4907 itaque
1159 4814 1400 4908 regius
1453 4813 1840 4903 exercitus,
1897 4818 1970 4887 et
2021 4816 2260 4887 hostes
2316 4818 2386 4886 et
2440 4814 2707 4906 copiam
2762 4814 3175 4888 decernendi
3228 4813 3656 4906 quaerendo,
3714 4836 3953 4907 proce-

1079 5118 1125 5199 ι)
1171 5121 1475 5183 Sziuische
1522 5116 1674 5184 Cod.
1725 5117 1918 5183 Rozr.
1979 5118 2392 5199 (Schoensee).
2464 5117 2516 5197 ²)
2559 5118 2716 5179 facto
2778 5112 2930 5180 cod.
2974 5114 3167 5180 Rozr.
3236 5116 3289 5197 ⁸)
3340 5120 3733 5197 Cuyaviensis
3804 5118 3956 5185 ood.

869 5217 1046 5283 Calv.
1093 5222 1474 5285 Gamenensis
1516 5221 1644 5285 Ed.
1692 5221 1874 5306 Lips.
1923 5220 1978 5303 ⁴)
2023 5222 2247 5300 Nalecz
2290 5218 2417 5283 Ed.
2464 5218 2645 5303 Lips.
2696 5218 2751 5299 ὅ)
2793 5226 2931 5281 ante
2974 5226 3193 5282 motum
3238 5220 3579 5283 Golubense
3632 5242 3769 5284 cum
3814 5224 3955 5285 Om-

867 5323 1064 5385 ciferis
1108 5326 1324 5385 bellum
1374 5320 1526 5387 cod.
1570 5322 1762 5390 Rozr.
1811 5324 1866 5407 ⁸)
1909 5326 2092 5402 Regis
2141 5319 2296 5387 God.
2326 5320 2521 5386 Rozr.
2572 5322 2625 5403 ⁷)
2668 5324 2863 5385 Vazik
2910 5319 3061 5385 Cod.
3114 5320 3307 5387 Rozr.
3352 5324 3547 5404 Vazik
3588 5322 3720 5388 Ed.
3772 5324 3955 5411 Lips.

871 5424 925 5511 ⁸)
969 5425 1346 5489 salisfodinas
1394 5423 1546 5491 Cod.
1575 5426 1768 5505 Rozr.
1817 5426 1872 5509 ¹²)
1917 5428 2299 5504 consignatus
2346 5432 2455 5489 est.
2505 5422 2656 5490 cod.
2703 5422 2896 5488 Rozr.
