4342 6384
240 530 374 633 (Α.
413 532 503 609 D.
597 536 850 640 1434.)
1401 572 1627 625 amau
1678 568 2137 623 annuemus.
3203 549 3348 621 523

242 746 533 842 Regem,
593 748 665 820 in
720 752 1117 841 praesentia
1180 754 1487 825 omnium
1538 752 2099 826 consiliariorum
2146 775 2320 827 usus
2359 757 2466 829 est
2507 774 2822 829 sermone
2861 754 2947 846 ¹.):
3006 757 3378 850 Designa.-.‚

242 872 391 956 tus,
450 867 715 960 inquit,
774 872 1217 946 serenissime
1273 873 1459 961 Rex,
1518 894 1644 965 per
1698 879 1767 946 te
1803 878 1872 947 et
1909 874 2351 947 consiliarios
2407 879 2598 964 tuoe,
2658 874 2937 967 suscepi
2976 897 3150 949 onus
3190 898 3348 950 cum

244 987 433 1061 aliis·
476 989 801 1083 collegis,
876 996 1040 1064 tuae
1097 996 1167 1065 et
1222 993 1449 1086 Regni
1506 994 1934 1066 ambasiatae
1965 992 2027 1082 2)
2084 994 2159 1067 in
2213 994 2608 1069 Basiliense
2673 995 3062 1069 Concilium
3125 1000 3352 1089 perfe-

239 1110 531 1199 rendae,
600 1111 927 1201 quoniam
994 1116 1186 1185 aetas
1254 1118 1323 1187 et
1376 1115 1619 1202 robur,
1688 1136 2059 1207 rerumque
2125 1115 2433 1187 omnium
2489 1115 2906 1205 necessitas,
2975 1117 3150 1189 mihi
3217 1140 3353 1190 non

243 1230 521 1303 desunt.
580 1229 837 1305 Verum
895 1232 1221 1323 quoniam
1278 1234 1590 1307 futurum
1648 1242 1786 1319 est,
1844 1240 1925 1307 ut
1962 1236 2047 1307 de
2084 1236 2265 1323 vita,
2326 1234 2772 1327 moribusque
2825 1236 2969 1309 tuis
3008 1236 3340 1331 indagine

242 1353 459 1440 facta,
517 1354 883 1426 veritatem
940 1354 1250 1445 profiteri
1304 1356 1566 1447 absque
1622 1356 1777 1429 fuco
1834 1355 2139 1428 alicuius
2193 1354 2537 1428 mendacii
2593 1377 2872 1429 necesse
2928 1356 3100 1430 erit:
3161 1358 3351 1430 satis

244 1472 423 1545 mihi
462 1474 704 1547 videor
742 1479 813 1547 et
846 1475 1229 1565 perplexus
1268 1480 1337 1547 et
1375 1476 1661 1563 anxiuS‚
1721 1478 1997 1567 qualem
2070 1476 2157 1548 de
2198 1481 2266 1549 te
2303 1478 2688 1550 universali
2730 1478 3126 1567 Ecclesiae,
3191 1479 3357 1551 dum

252 1615 295 1665 a
330 1615 439 1667 me
473 1594 814 1667 rationem
871 1595 1093 1683 vitae,
1154 1596 1847 1688 conversationisque
1904 1602 2065 1669 tuae
2112 1597 2457 1688 exegerit,
2515 1598 2928 1670 relationem
2960 1596 3020 1688 ³)
3078 1598 3354 1671 faciam.

245 1713 407 1786 Scio
478 1715 757 1806 quidem
826 1721 895 1788 te
957 1722 1430 1805 mansuetum,
1498 1718 1861 1805 devotum,
1930 1716 2327 1804 liberalem,
2395 1718 2812 1807 patientem,
2878 1719 3221 1791 humilem
3286 1732 3358 1793 et

244 1836 661 1908 clementem
716 1856 901 1909 esse:
962 1836 1082 1908 sed
1137 1837 1262 1907 has
1320 1837 1511 1927 ipsas
1567 1837 1865 1911 virtutes
1930 1842 2089 1909 tuas
2156 1838 2335 1910 vitia
2391 1825 2662 1912 caetera
2719 1843 2787 1911 et
2842 1841 3219 1912 obscurant
3273 1845 3354 1912 et

247 1961 574 2047 aequant.
635 1955 929 2029 Noctem
986 1956 1168 2029 enim
1227 1961 1445 2029 totam
1501 1957 1575 2028 in
1631 1959 1917 2049 crapula
1973 1958 2343 2049 expendia,
2412 1981 2550 2051 qua
2603 1964 2968 2051 gravatus,
3034 1959 3345 2032 interdiu

244 2098 488 2149 somno
524 2081 615 2150 ‘et
669 2077 1181 2168 quietivacas.
1242 2078 1616 2150 Missarum
1673 2078 1905 2151 officia
1960 2099 2164 2170 saepe
2221 2099 2507 2151 numero
2563 2080 2904 2152 inclinata
2957 2078 3068 2153 die
3123 2079 3349 2167 audis,

248 2197 587 2271 ecclesiae
640 2202 713 2270 et
766 2197 1219 2286 monasteria,
1281 2218 1367 2269 cx
1399 2199 1461 2286 ⁴)
1520 2199 1888 2271 devotione
1953 2200 2266 2290 Regibus
2333 2200 2675 2273 stationes
2742 2200 2904 2272 dare
2970 2198 3224 2273 solitae
3257 2199 3351 2289 5),

245 2324 451 2391 tuum
506 2320 884 2391 adventum
940 2319 1119 2391 ferre
1172 2341 1307 2389 non
1362 2325 1691 2410 possunt3
1750 2320 1919 2391 adeo
1978 2320 2403 2393 stationibus
2461 2320 2593 2392 tibi
2631 2320 2880 2392 dandis
2919 2325 3243 2393 oneratae
3280 2326 3355 2393 et

243 2460 531 2531 pressae
560 2439 647 2529 ⁶),
705 2444 786 2510 ut
841 2439 1149 2510 virorum
1205 2440 1723 2531 religiosorum,
1783 2440 1906 2533 qui
1946 2440 2018 2511 in
2058 2440 2208 2513 illis
2262 2439 2581 2513 habitare
2619 2444 3162 2528 consueverunt,
3219 2463 3348 2511 nu-

244 2581 517 2649 merus,
574 2560 773 2632 villis
828 2564 899 2631 et
953 2559 1257 2651 praediis
1312 2560 1717 2649 desertatis,
1778 2561 2067 2633 dimidio
2116 2560 2509 2633 diminutus
2551 2560 2676 2633 sit:
2737 2560 3065 2652 quoniam
3107 2560 3228 2633 ubi
3265 2561 3352 2633 ad

244 2681 647 2755 satietatem
703 2701 842 2751 non
896 2679 1393 2751 administrant
1446 2683 1873 2769 necessaria,
1930 2702 2180 2773 pecora
2218 2681 2584 2770 villarum,
2627 2683 2825 2755 velut
2861 2680 3354 2773 deliquissent,

246 2808 375 2876 tuo
430 2801 756 2873 mandato
812 2801 1299 2889 confiscantur.
1359 2801 1638 2885 Curiam
1695 2809 1886 2874 tuam
1942 2802 2100 2895 quis
2158 2803 2568 2899 sustinere,
2599 2801 2757 2893 quis
2813 2802 2991 2874 ferre
3046 2799 3358 2893 poterit?

246 2925 681 2998 Universum
736 2921 1057 3012 Regnum
1116 2921 1373 2993 scilla
1425 2922 1703 3013 gravari
1760 2923 2047 3009 clamat,
2110 2944 2267 2995 cum
2305 2922 2456 2999 sine
2497 2922 2768 3010 ordine,
2828 2922 2980 2995 sine
3033 2921 3232 3013 lege,
3281 2920 3356 2996 in

245 3067 335 3119 ea
388 3044 689 3129 vivitur,
747 3046 819 3114 et
872 3062 995 3131 pro
1052 3040 1347 3114 libidine
1402 3042 1742 3115 avaritiae
1798 3042 2169 3130 victualia,
2238 3064 2373 3114 non
2441 3062 2618 3134 quae
2673 3042 2868 3114 sitim
2924 3046 3047 3116 aut
3103 3044 3372 3115 famem.

246 3164 710 3257 extinguant,
770 3162 892 3234 sed
947 3182 1124 3251 quae
1180 3182 1425 3233 currus
1482 3167 1552 3234 et
1607 3162 1846 3235 domos
1901 3163 2277 3254 impleant,
2347 3162 2665 3255 exigunt.
2735 3164 3082 3255 Agrorum
3147 3162 3358 3235 etiam

247 3292 325 3361 et
378 3287 740 3358 hortorum
796 3283 1065 3356 fructus
1104 3280 1178 3353 vi
1216 3286 1287 3353 et
1322 3282 1583 3355 iniuria
1638 3284 2113 3357 demoliunt-ur
2150 3288 2219 3357 et
2255 3284 2701 3356 devorantur.
2759 3281 3143 3355 Levissimi
3180 3304 3351 3374 pon-

248 3407 443 3480 deris
499 3409 569 3478 et
624 3403 809 3494 ligae
860 3402 1096 3474 tenuis
1153 3403 1463 3475 cudendo
1520 3408 1899 3491 monetam,
1958 3403 2427 3495 multiplicas,
2468 3408 2710 3475 contra
2747 3402 3248 3475 authoritatem
3287 3407 3357 3475 et

244 3525 717 3601 reverentiam
772 3524 1005 3615 legum
1069 3543 1193 3613 per
1248 3528 1317 3595 te
1372 3529 1439 3595 ot
1495 3523 1673 3595 alios
1728 3524 1953 3615 Reges
2012 3524 2391 3611 editarum,
2450 3522 2798 3596 Praelatis
2859 3527 2928 3594 et
2977 3522 3356 3595 baronibus

246 3649 402 3723 tuis
494 3644 1053 3737 improbantibus
1112 3648 1180 3713 et
1236 3642 1684 3715 inconsultis:
1751 3648 2100 3735 potestate
2164 3644 2252 3715 ad
2325 3644 2802 3716 fabricandum
2867 3663 3014 3714 eam
3081 3641 3360 3713 feminis

245 3788 620 3853 concessa,
677 3764 879 3838 cuius
936 3764 1219 3836 tandem
1285 3763 1529 3835 vilitas
1594 3764 1911 3856 Regnum
1978 3764 2385 3837 universum
2451 3785 2699 3856 magno
2765 3763 2860 3835 sit
2924 3762 3354 3834 incommodo

248 3907 699 3983 oppressura.
760 3884 1017 3957 Causas
1057 3884 1459 3971 viduarum,
1502 3886 1967 3976 orphanorum
2006 3890 2075 3957 et
2114 3906 2600 3976 oppressorum
2657 3882 2930 3975 ingredi
2985 3882 3071 3953 ad
3109 3888 3178 3954 te
3217 3903 3356 3953 non

244 4009 613 4106 permittis
670 4011 739 4079 et
775 4006 1131 4097 ingressas
1166 4026 1303 4075 non
1344 4004 1627 4078 decidis,
1690 4006 2097 4096 Sequuntur
2133 4005 2424 4097 plurimi
2463 4006 2793 4076 mortales
2833 4003 3097 4076 curiam
3135 4008 3352 4087 tuam,

246 4154 399 4208 non
456 4130 606 4202 sine
660 4126 1025 4217 dispendio
1080 4144 1311 4196 rerum
1367 4130 1437 4195 et
1492 4145 1888 4216 corporum,
1956 4126 2401 4197 clamitantes
2456 4123 2835 4196 iustitiam:
2907 4127 2978 4195 et
3031 4122 3195 4195 dum
3249 4122 3352 4195 di-

246 4249 645 4326 lationibus
702 4248 941 4318 terunt
976 4248 1285 4335 tempuS,
1346 4249 1688 4336 coguntur
1724 4267 1763 4316 a
1799 4245 2286 4336 prosecutione
2324 4264 2574 4317 causae
2614 4244 2999 4331 discedere,
3059 4247 3182 4315 aut
3217 4242 3352 4314 ini-

248 4394 437 4465 quas
478 4368 863 4459 suscipere,
922 4386 1095 4456 quas
1135 4365 1577 4437 adversarius
1615 4364 2017 4452 constituit,
2058 4364 2516 4437 conditiones.
2569 4364 2842 4437 Alienis
2881 4362 3082 4437 bonis
3119 4362 3354 4435 iniicis

246 4514 511 4567 avaras
566 4508 847 4575 manue,
906 4490 975 4559 et
1027 4486 1267 4575 plures
1305 4485 1623 4557 subditos
1662 4490 1852 4572 tuos,
1911 4506 2083 4576 quos
2120 4485 2238 4557 hic
2275 4490 2436 4557 ante
2473 4488 2918 4576 conspectum
2958 4488 3158 4555 tuum
3197 4504 3354 4573 pro-

246 4618 510 4689 ductos
566 4613 799 4681 statuo
858 4610 1100 4698 (atque
1153 4606 1281 4675 hos
1336 4605 1671 4695 produxit
1727 4609 1797 4677 et
1851 4626 2061 4676 manu
2100 4604 2529 4696 designavit)
2567 4626 2705 4675 non
2743 4604 3131 4689 convictos,
3188 4604 3352 4675 hae·

242 4731 681 4809 redit-atibus
738 4747 975 4799 eorum
1031 4723 1415 4796 mulctasti.
1471 4724 1969 4797 Podwodarum
2008 4724 2271 4796 abusus
2310 4725 2477 4797 adeo
2517 4724 2851 4810 invaluit,
2892 4728 2973 4795 ut
3011 4723 3098 4797 ad
3135 4744 3352 4813 quan-

248 4859 421 4930 dam
484 4848 875 4924 barbariem
950 4850 1020 4917 et
1084 4843 1498 4917 servitutem
1572 4844 1833 4916 videris
1898 4846 2218 4937 Regnum
2281 4850 2514 4931 tuum,
2582 4844 2928 4935 quondam
2989 4842 3224 4917 nobile
3289 4847 3358 4915 et

242 4980 439 5050 bene
492 4968 935 5051 institutum,
996 4964 1395 5037 deduxisse.
1452 4966 1733 5036 Dudum
1788 4966 1956 5037 haec
2012 4965 2390 5037 Serenitati
2447 4970 2642 5046 tuae,
2701 4962 3212 5053 quamprimum
3269 4982 3356 5033 ex

252 5094 605 5171 servitore
659 5089 733 5161 in
786 5091 1057 5178 patrem
1112 5085 1242 5157 tibi
1300 5106 1408 5157 me
1462 5084 1703 5156 divina
1748 5084 2083 5175 praefecit
2136 5084 2448 5172 bonitaS,
2505 5083 2808 5174 primum
2866 5082 2938 5153 in
2978 5082 3353 5167 abstracto,

260 5424 270 5432 ,
482 5364 524 5443 ¹)
574 5363 839 5423 oratione
888 5354 1039 5421 Cod.
1086 5356 1279 5420 Rozr.
1330 5356 1381 5437 ²)
1426 5360 1739 5435 legationis
1788 5353 1939 5421 Cod.
1987 5355 2180 5420 Rozr.
2231 5356 2278 5435 ³)
2325 5358 2612 5417 rationem
2661 5351 2812 5417 Cod.
2859 5352 3051 5416 Rozr.
3101 5351 3152 5432 ⁴)
3202 5372 3354 5429 quae

248 5496 336 5540 ex
386 5465 539 5532 cod.
585 5463 777 5527 Rozr.
827 5461 879 5543 ⁵)
926 5464 1069 5523 dare
1114 5463 1306 5523 solent
1360 5458 1511 5523 cod.
1557 5458 1750 5523 Rozr.
1800 5458 1853 5539 ⁶)
1897 5480 2141 5537 pressae
2188 5466 2325 5521 sunt
2372 5454 2522 5521 Cod.
2570 5456 2761 5519 Rozr.
