4342 6384
868 566 1015 637 674
2018 595 2243 647 menn
2295 594 2807 669 000000111υο.
3397 570 3530 672 (Α.
3572 570 3662 645 D.
3703 571 3967 670 1442.)

1528 891 1746 972 Ρο10111
1792 901 2091 992 oppidum
2134 902 2482 991 Aperiunt
2527 904 2878 975 vastantes
2923 903 3300 973 caeduntur.

1077 1123 1221 1195 Sub
1278 1121 1515 1194 eodem
1572 1123 1713 1193 fere
1768 1126 2110 1213 tempore,
2170 1145 2306 1213 qno
2362 1124 2532 1196 haec
2569 1123 2828 1214 Agriae
2884 1126 3040 1194 acta
3095 1129 3294 1209 sunt,
3354 1121 3686 1193 videlicet
3738 1122 3812 1193 in
3849 1120 3968 1192 die

868 1243 1343 1314 Exaltationis
1402 1242 1697 1313 Sanctae
1754 1240 2027 1329 Crucis,
2094 1242 2161 1312 N
2167 1243 2435 1314 icolaus
2499 1242 2861 1334 ezayka1)
2926 1242 3010 1314 de
3065 1242 3288 1315 Iawor
3352 1241 3644 1313 duorum
3701 1246 3965 1313 castro-

864 1384 1020 1433 rum
1058 1364 1581 1451 Brzozowyecz,
1624 1365 1693 1431 et
1730 1360 2067 1433 Nicolaus
2106 1362 2591 1434 Komorowski
2645 1362 2720 1433 in
2755 1362 3094 1433 Podolino
3138 1361 3504 1448 tenutarfi,
3564 1360 3686 1452 qui
3723 1361 3966 1451 plures

870 1480 1346 1572 superioribus
1403 1480 1651 1551 diebus
1707 1500 1793 1551 ex
1852 1482 2180 1552 Bohemis
2237 1481 2309 1553 in
2348 1482 2730 1553 rebellibus
2787 1482 3198 1554 civitatibus
3253 1487 3324 1554 et
3359 1481 3610 1554 castris
3666 1500 3964 1552 commo-

866 1602 1221 1689 rantibuS,
1278 1599 1739 1691 particulares
1796 1600 2192 1691 triumphos
2247 1602 2666 1689 retulerant,
2727 1605 2796 1673 et
2850 1602 3028 1703 ipsis
3077 1601 3406 1673 Bohemis
3463 1622 3711 1692 magno
3767 1605 3968 1671 erant

810 1722 1149 1807 ‘terrori,
1225 1719 1502 1812 cognito
1564 1740 1688 1810 per
1751 1720 2230 1810 exploratores
2307 1721 2638 1812 oppidum
2704 1721 3090 1812 Aperiasch
3123 1720 3185 1810 2)
3259 1742 3412 1794 0330
3485 1718 3966 1793 defensoribus

868 1863 1203 1928 vacuum,
1262 1840 1555 1911 collecto
1622 1839 1866 1912 maiori
1924 1862 2131 1931 quam
2186 1846 2566 1932 potuerunt
2621 1842 2970 1929 exercitu,
3029 1846 3294 1914 secreto
3350 1842 3434 1913 de
3490 1839 3967 1912 Brzozowicza

871 1963 1071 2033 ambo
1126 1960 1467 2032 aviditate
1520 1960 1817 2051 gloriae,
1888 1961 2068 2032 lucri
2124 1968 2195 2033 et
2253 1962 2470 2033 famae
2527 1962 2747 2053 capti,
2815 1984 2954 2033 non
3009 1962 3516 2053 prospicientes
3581 1964 3780 2031 actus
3832 1959 3962 2028 hu-

870 2081 1175 2153 iusmodi
1231 2078 1580 2151 subiectos
1637 2100 1789 2153 0330
1844 2081 2155 2168 casibuS,
2225 2086 2297 2154 et
2349 2102 2697 2173 nusquam
2752 2082 2985 2153 minus
3042 2102 3246 2173 quam
3312 2080 3386 2152 in
3441 2079 3626 2152 bello
3679 2098 3961 2169 respon-

872 2203 1031 2274 dere
1087 2205 1403 2288 eventuS,
1462 2200 1916 2291 egrediuntur
1952 2204 2153 2272 nocte
2207 2199 2293 2271 ad
2334 2199 2664 2291 oppidum
2719 2202 3141 2291 praefatum,
3202 2200 3442 2291 oppidi
3479 2219 3714 2270 muros
3753 2197 3965 2269 scalis

874 2321 1218 2412 appositis
1258 2319 1671 2408 ascendunt,
1714 2318 1969 2410 vigiles
2008 2320 2298 2407 fallunt,
2342 2320 2595 2411 oppido
2633 2320 3024 2411 potiuntur.
3085 2319 3611 2411 Quinquaginta
3646 2316 3964 2403 Bohemi,

876 2441 1000 2534 qui
1054 2439 1387 2532 oppidum
1442 2440 1555 2511 die
1610 2439 2065 2531 praecedente
2120 2462 2161 2511 a
2199 2440 2511 2512 Iohanne
2549 2440 2805 2513 Giskra
2836 2438 2899 2530 3)
2954 2441 3027 2512 in
3064 2440 3454 2513 Koschicze
3483 2440 3547 2529 4)
3603 2438 3968 2511 tendentes

877 2561 1109 2633 vocati
1162 2560 1629 2647 intraverant,
1687 2558 2077 2649 irruptione
2130 2560 2443 2632 hostium
2498 2560 2772 2648 audita,
2833 2560 3082 2633 turrim
3139 2560 3613 2633 conscendunt
3643 2558 3740 2648 5):
3798 2578 3974 2648 qua-‘

875 2686 1159 2772 propter
1220 2679 1557 2752 Nicolaus
1614 2680 1884 2771 Czayka
1948 2684 2017 2751 et
2081 2680 2420 2752 Nicolaus
2485 2680 2968 2752 Komorowski
3040 2681 3357 2753 videntes
3423 2700 3497 2751 se
3561 2700 3702 2750 non
3763 2696 3970 2769 posse

878 2801 1132 2892 oppido
1185 2801 1391 2892 plene
1424 2800 1487 2890 6)
1542 2799 1791 2891 potiri,
1849 2800 2029 2872 illud
2068 2801 2388 2873 omnibus
2443 2800 2650 2875 rebus
2688 2800 3152 2873 nobilioribus
3191 2801 3531 2892 spoliant,
3589 2798 3968 2890 spoliatum

876 2920 1259 2993 incendunt
1323 2926 1393 2992 et
1456 2919 1949 3011 regrediuntur
1979 2920 2064 3009 ⁷).
2150 2921 2370 2994 Celeri
2435 2926 2670 2993 autem
2735 2923 2984 2993 nuntio
3051 2922 3398 2993 Iohannes
3465 2920 3723 2993 Giskra
3750 2917 3814 3006 ⁸)
3885 2916 3970 2989 de

878 3040 1280 3129 huiusmodi
1336 3041 1652 3112 avisatus
1708 3040 2054 3129 novitate,
2113 3062 2327 3133 equos
2383 3064 2538 3115 cum
2597 3044 2782 3116 omni
2839 3063 2964 3115 suo
3020 3041 3368 3129 exercitu,
3426 3061 3631 3131 quem
3686 3060 3812 3130 pro
3852 3036 3967 3108 ob-

882 3161 1150 3232 sidione
1204 3160 1416 3232 castri
1471 3160 1851 3232 Richnawa
1907 3182 1992 3232 ex
2033 3161 2359 3252 pluribus
2414 3162 2587 3233 locis
2644 3166 3227 3252 comportaverat,
3285 3158 3721 3248 conscendit,
3761 3158 3968 3247 (12ος-

880 3282 1042 3352 kam
1098 3284 1165 3352 et
1220 3280 1702 3352 Komorowski
1758 3280 2180 3373 insequitur.
2239 3282 2330 3353 Et
2385 3282 2552 3354 licet
2607 3282 3023 3373 tempestive
3079 3281 3165 3352 ad
3220 3285 3450 3353 castra
3503 3285 3574 3352 et
3631 3278 3974 3351 fortalitia

883 3422 1011 3472 sua
1062 3400 1285 3472 redire
1339 3401 1768 3490 potuissent,
1841 3402 2234 3474 temeritate
2289 3402 2604 3493 improba
2656 3402 2884 3488 ducti,
2949 3423 3088 3474 non
3143 3405 3442 3489 attento,
3501 3400 3686 3492 quod
3745 3398 3968 3470 omnis

884 3542 1118 3593 eorum
1176 3520 1525 3591 exercitus
1581 3520 1833 3610 plenus
1874 3521 2165 3593 sarcinis
2223 3543 2542 3615 magnam
2599 3542 2833 3594 secum
2888 3526 2957 3595 et
3015 3521 3322 3595 nobilem
3375 3521 3672 3613 praedae
3739 3517 3968 3611 supel-

884 3640 1193 3713 lectilem
1249 3640 1323 3711 in
1378 3638 1765 3728 Aperiasch
1795 3640 1857 3727 9)
1928 3652 2202 3731 raptam
2260 3642 2600 3730 traheret,
2677 3662 2756 3713 ac
2812 3642 2940 3713 illa
2994 3645 3288 3713 onustus
3354 3642 3439 3712 ad
3495 3639 3968 3713 dimicandum

885 3762 1118 3833 minus
1174 3758 1463 3831 idoneus
1522 3764 1739 3847 esset,
1796 3759 2157 3832 venientes
2215 3760 2540 3833 Griskram
2581 3761 2669 3850 ¹⁰)
2722 3761 3265 3852 praestolantur,
3323 3782 3478 3833 cum
3517 3780 3594 3833 eo
3651 3778 3968 3851 congres-

887 3881 1069 3968 suri;
1128 3880 1246 3951 sed
1302 3900 1342 3949 a
1394 3879 1963 3970 praecursoribus
2020 3880 2316 3954 Griskrae
2356 3882 2443 3970 ¹¹)
2500 3881 2572 3952 in
2627 3901 2877 3973 magno
2933 3902 3216 3953 numero
3272 3880 3711 3972 praemissiS,
3780 3883 3966 3951 ante·

888 4022 1096 4092 quam
1151 3998 1563 4090 principalis
1630 4000 2111 4089 superveniret
2167 4002 2553 4089 exercitUS,
2618 4002 3024 4088 vincuntur,
3096 4004 3166 4072 et
3230 4005 3373 4072 tam
3427 4001 3701 4092 Czayka
3767 4020 3968 4091 quam

886 4118 1372 4191 Komorowski
1432 4140 1587 4191 cum
1641 4120 1885 4210 paucis
1951 4121 2425 4212 captivantur:
2505 4142 2742 4194 omnes
2809 4120 2991 4193 enim
3058 4122 3199 4192 fere
3264 4121 3422 4209 alii,
3497 4142 3582 4193 ne
3645 4119 3968 4211 praedam

889 4239 1195 4311 nobilem
1251 4238 1679 4325 amitterent,
1738 4241 1903 4330 fuga
1958 4244 2330 4332 antequam
2386 4241 2726 4332 praelium
2781 4240 3100 4327 iniretur,
3158 4240 3416 4332 dilapsi
3471 4244 3672 4329 sunt,
3731 4246 3802 4313 et
3854 4236 3974 4309 alii

889 4361 962 4432 in
1002 4357 1506 4444 Brzozowicza‚
1548 4359 1673 4430 alii
1710 4358 1783 4431 in
1821 4361 2242 4433 Podolinum
2281 4362 2684 4433 deveniunt.
2726 4361 2880 4433 Tali
2915 4360 3184 4452 potitus
3222 4361 3571 4433 Iohannes
3601 4360 3858 4433 Griskra
3887 4357 3970 4443 ¹²)

892 4478 1218 4566 victoria,
1288 4482 1357 4548 et
1412 4478 1682 4549 duobus
1750 4480 2154 4551 fortissimis
2221 4480 2642 4552 adversariis
2699 4479 2848 4551 suis
2906 4480 3248 4553 conflictis
3289 4479 3376 4570 13)
3443 4486 3514 4553 et
3568 4478 3966 4571 captivatiS,

892 4603 1119 4671 castra
1174 4598 1651 4670 Brzozowicza
1722 4599 1977 4687 vallat3
2052 4601 2172 4672 sed
2247 4606 2632 4672 castrorum
2703 4600 3096 4672 defensores
3168 4601 3639 4693 nequidquam
3713 4621 3790 4673 00
3857 4620 3968 4690 pa-

894 4719 1073 4808 vidi,
1130 4717 1584 4791 vallationem
1640 4718 1866 4809 ipsam
1906 4721 2101 4791 velut
2156 4740 2658 4811 supervacuam
2696 4719 3252 4791 contemnebant.
3311 4720 3448 4793 Sed
3503 4724 3574 4793 et
3628 4721 3780 4812 ipse
3819 4718 3965 4792 Gris-

1114 5048 1159 5127 ¹)
1206 5048 1437 5109 Czaska
1478 5044 1606 5107 Ed.
1642 5044 1822 5129 Lips.
1874 5043 1920 5124 2)
1969 5045 2256 5121 Epperies
2303 5040 2429 5108 Ed.
2463 5040 2644 5125 Lips.
2693 5042 2748 5122 ³)
2796 5044 3018 5104 Giszka
3051 5040 3202 5106 Cod.
3235 5041 3370 5106 Lis.
3415 5044 3588 5104 Iskra
3631 5041 3760 5104 Ed.
3799 5041 3969 5125 Lips.

896 5148 949 5233 ⁴)
995 5150 1236 5231 Kozyce
1279 5148 1405 5211 Ed.
1454 5147 1635 5232 Lips.
1685 5148 1737 5229 ⁵)
1782 5150 2109 5209 ascendunt
2150 5146 2277 5209 Ed.
2324 5144 2504 5229 Lips.
2556 5145 2607 5225 ⁶)
2653 5149 2831 5223 plane
2880 5142 3032 5208 Cod.
3055 5144 3232 5208 Kost.
3283 5145 3336 5226 ⁷)
3380 5148 3807 5223 ingrediuntur.
3852 5142 3966 5205 Ed.

896 5254 1079 5338 Lips.
1128 5254 1179 5333 8)
1228 5254 1452 5315 Giszka
1506 5250 1657 5315 Ood.
1704 5248 1843 5314 Lis.
1904 5252 2074 5313 Iskra
2116 5249 2244 5312 Ed.
2290 5247 2472 5333 Lips.
2543 5248 2598 5329 ⁹)
2643 5251 2930 5326 Epperies
2975 5247 3102 5310 Ed.
3134 5247 3316 5332 Lips.
3374 5248 3451 5329 ¹⁰)
3501 5250 3781 5311 Giszkarn
3830 5242 3967 5309 Cod.

896 5357 1030 5420 Lis.
1077 5358 1307 5419 Iskram
1349 5354 1477 5417 Ed.
1518 5353 1699 5439 Lips.
1771 5355 1849 5435 ¹¹)
1898 5356 2153 5417 Giszkae
2203 5350 2354 5417 Cod.
2407 5352 2538 5416 Lis.
2586 5354 2792 5415 Iskrae
2835 5350 2965 5414 Ed.
3017 5351 3194 5435 Lipa
3254 5350 3325 5433 m)
3373 5352 3597 5413 Giszka
3643 5348 3795 5414 Cod.
3845 5348 3966 5413 Lis.

898 5462 1070 5523 Iskra
1134 5458 1259 5523 Ed.
1308 5457 1488 5543 Lipss,
1568 5459 1647 5539 ¹³)
1692 5458 2019 5536 profligatis
2084 5454 2237 5520 Cod.
2299 5454 2474 5520 Kost.
