4342 6384
376 550 509 652 (Α.
552 552 643 627 D.
686 549 913 651 1414.)
1547 576 1773 628 menn
1824 576 2283 632 numenius,
3329 559 3472 640 185

376 760 797 834 Missnensis
852 761 1179 852 plebibus
1220 762 1275 850 ¹)
1324 761 1768 852 praedicanS,
1826 763 2106 853 publice
2170 764 2508 855 populum
2575 784 3003 836 commovere
3067 764 3327 856 coepit,
3395 785 3480 838 ne

376 882 703 974 deinceps
760 881 1309 955 communionem
1364 882 1639 970 caliciS,
1716 883 1867 955 sine
1932 905 2069 975 qua
2134 905 2334 956 nemo
2402 883 2664 956 salvari
2729 889 2968 976 posset
2998 883 3085 973 2),
3163 906 3478 977 quoquo-

377 1002 574 1074 modo
632 1002 1040 1096 negligeret.
1100 1002 1287 1074 Hinc
1342 1024 1579 1077 omnes
1633 1002 1972 1076 haeretici
2028 1025 2468 1092 consensere,
2524 1005 2712 1076 haud
2767 1006 3037 1078 modica
3089 1007 3476 1098 gestientes

377 1123 683 1210 laetitia,
748 1123 933 1215 quod
996 1122 1373 1195 articulum
1439 1123 1875 1196 invenissent
1939 1124 2014 1196 in
2070 1125 2476 1217 evangelica
2541 1126 2840 1198 veritate
2897 1126 3303 1215 fundatum,
3360 1149 3483 1218 per

379 1265 581 1334 quem
636 1245 991 1317 Romanae
1030 1243 1229 1316 Sedis
1284 1243 1399 1316 vel
1454 1243 1885 1336 ignorantia,
1943 1247 2060 1317 vel
2104 1246 2452 1337 nequitia,
2512 1246 2837 1338 redargui
2893 1251 3156 1338 posset.
3215 1247 3478 1319 Videns

379 1369 608 1437 autem
666 1363 1013 1457 Sbigneus
1070 1364 1331 1436 Sbinko
1356 1361 1417 1453 3)
1473 1365 1849 1457 Pragensis
1908 1366 2475 1458 archiepiscopus
2531 1367 2806 1438 nullum
2864 1368 3201 1441 adversus
3260 1388 3474 1440 emer-

376 1507 541 1577 gens
598 1485 859 1557 malum
916 1485 989 1558 in
1022 1483 1086 1574 ⁴)
1142 1484 1555 1558 Wenceslao
1610 1487 1804 1580 Rege
1857 1487 2322 1578 praesidium,
2383 1486 2641 1578 quippe
2696 1487 2818 1578 qui
2854 1487 3112 1560 inertia
3166 1493 3473 1579 torpenS,

376 1605 759 1678 haereticos
818 1605 1097 1678 sinebat
1149 1604 1436 1695 impune
1493 1605 1565 1677 in
1624 1627 1827 1678 suum
1893 1611 1961 1679 et
2016 1606 2245 1698 Regni
2301 1607 2649 1680 excidium
2707 1607 3150 1696 debacchari,
3221 1608 3307 1680 ad
3364 1609 3473 1680 Si-

376 1725 819 1816 gismundum
884 1726 1357 1798 Romanorum
1424 1730 1492 1797 et
1556 1727 1962 1818 Hungariae
2028 1728 2290 1818 Regem
2365 1747 2437 1798 se
2504 1727 2838 1814 contulit,
2916 1729 3318 1816 obsecranS,
3396 1734 3476 1800 ut

376 1845 670 1938 Pragam
726 1845 1190 1937 personaliter
1244 1845 1621 1919 adveniens
1654 1846 1739 1936 5),
1810 1848 2145 1920 orientem
2201 1846 2583 1920 multorum
2639 1849 2980 1920 malorum
3045 1849 3297 1937 facem,
3354 1871 3470 1922 ne-

374 1965 715 2058 gligentia
779 1966 1018 2038 fratris
1089 1966 1428 2039 hactenus
1498 1966 1869 2054 nutritam,
1939 1966 2410 2059 extingueret.
2496 1967 2642 2057 Quo
2714 1967 3094 2059 pollicente
3165 1972 3234 2040 et
3307 1968 3472 2040 dare

378 2085 733 2176 sponsioni
790 2086 1125 2159 virtutem
1191 2085 1585 2176 differente,
1656 2087 1919 2159 Sbinko
1951 2087 2012 2177 6)
2080 2087 2264 2178 apud
2321 2087 2698 2159 Posonium
2763 2087 2834 2159 in
2891 2087 3256 2179 Hungaria
3321 2109 3464 2160 mo-

375 2206 584 2278 ritur:
664 2206 864 2298 eique
920 2206 1217 2280 Albicus
1282 2207 1565 2280 natione
1624 2208 2009 2296 Bohemus,
2068 2211 2354 2299 propter
2407 2207 2734 2299 peritiam
2797 2207 3181 2280 medicinae
3247 2208 3467 2300 Sigis-

375 2327 629 2398 mundo
686 2328 969 2414 charuS,
1030 2326 1403 2416 sufficitur,
1460 2327 1743 2400 unicum
1798 2332 2151 2401 extremae
2208 2327 2546 2400 avaritiae
2599 2329 2990 2414 baratrum,
3061 2327 3181 2420 qui
3237 2328 3472 2401 claves

378 2447 595 2520 cellae
652 2447 961 2520 vinariae
1016 2469 1139 2538 per
1193 2451 1411 2521 semet
1466 2448 1697 2539 ipsum
1754 2449 2105 2537 deferenS,
2163 2447 2688 2520 multitudinem
2746 2447 2956 2520 etiam
3015 2448 3470 2520 familiarium

374 2572 441 2638 et
494 2567 985 2655 servientium,
1042 2589 1129 2640 ne
1185 2567 1333 2640 illis
1372 2573 1605 2640 vestes
1663 2573 1732 2641 et
1769 2569 2103 2642 alimenta
2157 2569 2487 2661 praebere
2527 2578 2912 2660 cogeretur,
2972 2589 3292 2660 perosnS,
3335 2591 3474 2640 non

372 2688 946 2760 contemnendum
1004 2691 1514 2776 tantummode,
1576 2689 1695 2762 sed
1752 2689 2181 2763 irridendum
2237 2711 2311 2762 se
2373 2688 2748 2761 haereticis
2804 2689 3129 2780 praebuit
3161 2689 3246 2777 ⁷).
3306 2688 3466 2760 Ido-

372 2827 543 2879 neus
598 2809 905 2899 profecto
960 2808 1309 2900 pontifex,
1388 2809 1509 2900 qui
1566 2829 1733 2881 suae
1788 2809 2167 2882 modestiae
2233 2811 2349 2881 vel
2377 2808 2440 2896 8)
2497 2809 2834 2882 avaritiae
2899 2810 3352 2880 consulturus
3383 2809 3469 2898 9),

376 2928 752 3000 fomentum
810 2929 1125 3020 surgenti
1181 2929 1453 3002 haeresi
1508 2930 1703 3002 daret
1742 2930 1854 3018 ¹⁰).
1923 2930 2033 3002 Ab
2092 2951 2169 3003 eo
2227 2930 2572 3020 siquidem
2630 2934 2970 3020 tempore,
3029 2934 3100 3000 et
3154 2930 3344 3020 Rege
3401 2936 3470 3000 et

370 3048 697 3136 pontifice
751 3048 1053 3120 nefarios
1125 3048 1631 3122 haereticorum
1689 3053 1981 3121 conatus
2037 3049 2466 3123 invalescere
2519 3049 3000 3140 permittente,
3058 3048 3253 3120 labes
3309 3050 3470 3121 hae-

366 3167 585 3238 retica
640 3169 825 3240 vires
884 3169 1221 3241 extollere
1288 3174 1355 3241 et
1412 3169 1672 3242 sensim
1739 3169 2033 3241 dilatare
2088 3170 2342 3260 coepit.
2421 3171 2506 3240 In
2562 3169 2885 3262 huncque
2941 3169 3218 3240 modum
3287 3169 3473 3242 intra

367 3287 785 3359 catholicam
842 3288 1205 3360 ecclesiam
1262 3295 1331 3361 et
1387 3289 1461 3361 in
1500 3290 1741 3381 Regno
1797 3289 2021 3361 nobili
2077 3295 2147 3361 et
2187 3289 2606 3378 orthodoxe,
2667 3290 2740 3361 in
2779 3290 2929 3362 eius
2985 3310 3262 3381 quoque
3303 3311 3468 3361 ven-

366 3411 473 3478 tre
528 3412 739 3498 atque
797 3408 1052 3494 medie,
1118 3430 1399 3500 germen
1466 3410 1647 3482 illud
1714 3410 2079 3482 haereseos
2145 3411 2404 3481 dudum
2471 3410 2850 3482 contritum
2907 3411 3173 3481 levavit
3229 3414 3468 3501 caput,

364 3531 435 3597 et
501 3527 585 3598 de
648 3528 978 3618 antiquae
1042 3529 1476 3620 Anglicanae
1548 3529 1993 3620 pestilentiae
2058 3530 2380 3620 reliquiis
2447 3530 2633 3621 ignis
2706 3529 3090 3601 flammavit
3157 3533 3466 3602 exortuS.

354 3887 683 3962 lohannes
712 3891 884 3980 rapa
928 3893 1273 3963 vicesimus
1304 3893 1545 3964 tertius
1587 3893 1753 3964 male
1784 3893 1907 3963 sibi
1952 3893 2273 3978 conscius,
2322 3893 2708 3964 constantia
2740 3892 3104 3981 friburgum
3150 3891 3466 3980 perungit:

558 4010 666 4081 ubi
712 4010 946 4083 deinde
993 4029 1034 4083 a
1078 4011 1483 4100 Sigismundo
1527 4013 1947 4084 Romanorum
1993 4012 2167 4101 noge
2213 4014 2466 4100 eaptus,
2514 4029 2555 4083 a
2599 4013 2879 4085 concilio
2925 4012 3270 4101 deponitur

1443 4135 1514 4204 et
1558 4135 1641 4205 ad
1687 4150 1979 4205 carceres
2023 4132 2388 4204 damnatur.

569 4374 699 4444 Die
750 4371 1087 4444 vicesima
1141 4373 1367 4464 prima
1431 4372 1692 4444 mensis
1750 4371 2022 4458 Martii,
2091 4371 2438 4442 Iohannes
2496 4371 2688 4462 Papa
2753 4369 3000 4441 habitu
3068 4374 3336 4441 mutato
3395 4375 3464 4442 et

348 4495 533 4566 hora
586 4491 927 4578 serotina,
984 4491 1061 4562 in
1120 4493 1335 4565 forma
1389 4493 1588 4586 laici,
1649 4491 2081 4578 mettertiuS,
2138 4511 2261 4581 per
2300 4491 2805 4563 ordinationem
2862 4490 3206 4562 Friderici
3246 4490 3461 4561 Ducis

347 4615 693 4687 Austriae
757 4613 841 4684 de
905 4611 1313 4684 Constantia
1384 4611 1677 4686 recessit
1760 4616 1830 4682 et
1903 4611 1989 4682 ad
2062 4615 2367 4683 castrum
2433 4611 2980 4701 Schophhausen
3023 4611 3133 4698 ¹¹),
3199 4611 3456 4700 partim

348 4735 683 4808 terrestri
723 4731 811 4822 12)
866 4732 1149 4820 itinere,
1209 4733 1464 4823 partim
1519 4732 1779 4820 navali,
1839 4733 1912 4804 in
1967 4732 2081 4804 die
2138 4731 2378 4803 Sancti
2417 4730 2781 4803 Benedicti
2834 4729 3180 4820 pervenit.
3240 4729 3456 4820 Quem

344 4855 669 4948 quinque
725 4853 1155 4941 CardinaleS,
1214 4853 1543 4927 videlicet
1597 4853 1897 4924 Pisanus
1937 4854 2249 4940 Branda,
2308 4852 2762 4924 Placentinus
2802 4850 2884 4923 de
2925 4850 3306 4922 Ozelancho
3341 4847 3454 4937 13),

574 5061 624 5140 ¹)
669 5061 833 5138 plebi
879 5055 1030 5121 Cod.
1076 5055 1269 5119 Rozr.
1335 5055 1390 5135 ²)
1435 5062 1629 5134 potest
1678 5051 1829 5118 Cod.
1874 5053 2067 5117 Rozr.
2138 5054 2194 5134 ³)
2240 5056 2533 5132 Sbigneus
2578 5057 2729 5115 alias
2775 5054 3038 5114 Zbienko
3099 5051 3226 5114 Ed.
3272 5050 3455 5135 Lips.

341 5165 397 5247 ⁴)
445 5187 489 5226 a
536 5163 665 5226 Ed.
711 5161 893 5245 Lips.
944 5159 993 5241 ⁵)
1040 5163 1285 5222 veniens
1330 5157 1456 5221 Ed.
1502 5157 1683 5242 Lips.
1748 5157 1801 5238 ⁶)
1851 5159 2145 5235 Sbigneus
2196 5153 2346 5220 Cod.
2394 5155 2587 5220 Rozr.
2639 5157 2689 5236 ⁷)
2736 5157 3096 5217 irridendum
3142 5156 3456 5216 haereticis

335 5271 631 5348 praebuit
688 5263 1035 5343 exemplum.
1104 5262 1229 5326 Ed.
1291 5261 1472 5346 Lips.
1543 5261 1593 5342 8)
1643 5264 1737 5324 vel
1795 5265 1993 5339 potius
2070 5259 2222 5323 sod.
2288 5260 2477 5323 Rozr.
2547 5260 2602 5340 ⁹)
2659 5263 2972 5322 consulens
3044 5255 3198 5321 Cod.
3263 5257 3455 5321 Rozr.

346 5371 432 5458 ¹⁰)
486 5372 679 5432 dedit.
730 5364 881 5430 Cod.
926 5365 1119 5429 Rozr.
1190 5366 1268 5446 ¹¹)
1316 5367 1707 5444 Zophhausen
1759 5363 1910 5427 (lod.
1958 5363 2133 5427 Kost.
2181 5366 2567 5426 Seffhauszen
2617 5360 2768 5425 Cod.
2801 5361 2993 5424 Rozr.
3067 5361 3142 5443 12)
3189 5365 3490 5440 pedestri-

338 5473 502 5538 Cod.
560 5470 752 5534 Rozr.
811 5469 887 5551 ¹³)
935 5471 1213 5532 Czelanto
1264 5465 1415 5531 Cod.
1462 5468 1637 5530 Kost.

115 5563 118 5604 Ι
383 5629 432 5670 J.
463 5627 669 5674 magon.
698 5625 874 5665 mator.
899 5624 1057 5665 Polou.
1086 5623 1136 5662 T.
1166 5623 1247 5661 JV.
3107 5599 3177 5654 24
