4342 6384
357 563 489 663 (Α.
526 563 617 637 D.
657 562 913 661 1432.)
1509 586 1734 638 unna
1785 584 2245 637 annnorum.
3286 560 3440 638 485

359 770 626 859 „nebit,
684 770 1073 861 possidebit
1126 770 1412 861 pacifice
1462 776 1536 843 et
1587 772 1858 862 quiete,
1915 770 2056 843 nisi
2109 770 2313 843 nobis
2366 769 2550 842 illud
2602 769 2799 857 dare,
2854 769 2974 841 vel
3022 790 3149 861 pro
3206 790 3282 843 se
3332 790 3439 842 re-

360 889 626 980 „tinere
678 890 928 977 vellet,
985 890 1170 981 quod
1225 889 1447 963 stabit
1499 890 1574 963 in
1629 912 1756 962 sua
1810 890 2034 963 libera
2083 891 2476 962 voluntate.
2534 888 2700 960 Alia
2752 910 2941 977 vere,
3000 888 3187 963 sicut
3220 891 3443 962 Lucz·

360 1011 560 1100 „sko,
617 1010 1068 1082 Wladimiria
1122 1013 1194 1081 et
1245 1010 1388 1082 alia
1423 1014 1685 1098 castra,
1743 1010 2072 1083 civitates
2129 1014 2201 1081 et
2237 1008 2637 1097 districtus,
2692 1008 2782 1079 ad
2816 1007 2975 1100 ipsa
3028 1008 3443 1099 spectantia,

361 1150 580 1221 „quae
635 1130 850 1202 frater
885 1134 1125 1202 noster
1176 1129 1398 1201 bonae
1437 1130 1808 1202 memoriae
1873 1128 2219 1201 Dominus
2256 1127 2661 1201 Alexander
2696 1126 2873 1200 alias
2912 1128 3355 1201 Withawdus
3392 1128 3448 1217 1)

362 1249 572 1339 „olim
625 1250 790 1321 Dux
843 1249 1140 1341 Magnus
1203 1248 1625 1322 Lithnaniae
1697 1248 2132 1341 possidebat,
2202 1251 2478 1340 praeter
2550 1251 2779 1320 castra
2840 1246 2930 1319 ad
2990 1251 3249 1321 terram
3313 1246 3446 1321 Po-

363 1368 633 1458 „doliae
687 1368 1110 1460 spectantia,
1180 1368 1458 1441 etiamsi
1509 1368 1738 1441 medio
1801 1372 2110 1459 tempore
2171 1368 2261 1440 ad
2312 1368 2829 1459 possessionem
2894 1366 3158 1440 domini
3228 1368 3449 1461 Regis

363 1492 529 1576 „aut
583 1488 884 1561 Coronae
940 1488 1376 1576 devenirent,
1431 1488 1635 1562 nobis
1689 1488 1776 1561 ad
1815 1492 2129 1579 tempora
2178 1486 2370 1560 vitae
2406 1491 2689 1561 nostrae
2710 1484 2773 1575 2)
2816 1487 3129 1583 tenenda
3175 1492 3251 1561 et
3285 1508 3445 1580 pos-

364 1606 697 1696 „sidenda
750 1608 901 1680 dari
953 1608 1211 1682 debent
1265 1611 1336 1680 et
1387 1608 1759 1699 assignari.
1827 1608 2015 1699 Quae
2066 1607 2351 1699 quidem
2404 1608 2639 1679 castra
2688 1605 2874 1680 nulli
2926 1608 3019 1679 ad
3070 1608 3449 1681 tenendum

363 1726 570 1815 „dare
621 1727 1134 1817 promittimus,
1199 1724 1340 1798 nisi
1392 1726 1590 1819 prius
1653 1727 1728 1800 in
1783 1727 2106 1800 manibus
2161 1726 2425 1799 nostris
2481 1727 2837 1817 corporale
2899 1731 3209 1818 praestet
3262 1727 3448 1801 iura-

365 1848 752 1935 „mentum,
812 1850 882 1918 et
937 1847 1086 1919 suis
1142 1846 1371 1920 literis
1425 1848 1832 1939 patentibus
1888 1868 1964 1920 se
2001 1846 2372 1935 inscribat,
2430 1846 2617 1937 quod
2654 1867 2735 1919 ea
2764 1844 2827 1935 8)
2881 1866 3005 1938 pro
3044 1836 3450 1921 nobis'fide·

365 1965 574 2054 „liter
627 1966 925 2053 tenebit,
983 1972 1054 2039 et
1105 1971 1268 2057 post
1321 1968 1682 2039 decessum
1735 1970 2055 2039 nostrum
2105 1967 2295 2040 nulli
2350 1986 2461 2054 ea,
2519 1965 2661 2038 nisi
2712 1968 3025 2058 praefato
3081 1968 3283 2040 fratri
3326 1988 3449 2041 no·

366 2088 582 2173 „stro,
639 2085 918 2157 domino
956 2085 1168 2177 Regi,
1209 2090 1333 2157 aut
1369 2086 1538 2159 filiis
1573 2086 1752 2175 suis,
1791 2086 1907 2159 vel
1944 2086 2248 2159 Coronae
2284 2084 2514 2179 Regni
2551 2085 2910 2174 Poloniae,
2950 2086 3344 2179 assignabit
3362 2086 3451 2177 ⁴).

365 2203 590 2292 „Item
643 2204 956 2291 RathnO,
1014 2204 1336 2296 Wyethli
1365 2206 1453 2295 5),
1521 2206 1904 2299 Lopaczin,
1977 2226 2134 2277 cum
2198 2205 2404 2278 bonis
2464 2206 2556 2277 ad
2618 2205 3019 2297 praedictos
3082 2196 3455 2279 ⁴districtus

365 2322 922 2414 „spectantibus,
999 2323 1322 2396 dominus
1375 2326 1534 2397 Rex
1589 2331 1660 2399 et
1713 2326 1977 2399 Corona
2030 2329 2364 2416 perpetuo
2418 2325 2829 2416 possidebit.
2897 2326 3273 2399 Praeterea
3322 2327 3455 2399 sub

365 2442 542 2531 „fide
593 2448 668 2514 et
720 2444 1014 2531 honore,
1070 2444 1337 2535 absque
1373 2446 1615 2518 fraude
1669 2450 1741 2517 et
1775 2446 1968 2532 dolo,
2023 2466 2104 2517 ac
2141 2465 2348 2518 onere
2382 2444 2709 2537 praestiti
2744 2446 3153 2534 iuramenti,
3214 2466 3451 2519 omnes

367 2560 624 2653 „liga8,
682 2562 1176 2653 inscriptiones
1194 2619 1211 2651 ,
1267 2564 1563 2637 uniones
1581 2621 1598 2653 ,
1657 2565 1720 2637 si
1757 2586 1932 2656 quas
1987 2586 2295 2656 unquam
2342 2566 2417 2637 in
2454 2565 2813 2652 damnum,
2870 2564 3293 2657 periculum,
3332 2570 3457 2637 aut

367 2686 883 2773 „contemptum
939 2682 1307 2755 fecerimus
1363 2683 1671 2756 eiusdem
1727 2684 1991 2756 domini
2047 2684 2299 2776 Regis,
2374 2685 2681 2756 filiorum
2737 2706 3021 2757 suorum
3074 2688 3147 2757 et
3201 2685 3453 2775 Regni,

367 2805 480 2888 „et
533 2802 941 2891 quorumvis
979 2801 1463 2874 Dominiorum
1501 2824 1818 2892 suorum,
1879 2824 2034 2876 cum
2073 2804 2551 2896 cuiuscunque
2586 2806 2820 2876 status
2874 2808 2999 2877 aut
3034 2803 3455 2878 conditionis

367 2919 810 3007 „hominibus
865 2921 1302 3009 fecissemus,
1369 2924 1442 2993 et
1495 2921 1897 3013 specialiter
1949 2922 2134 3013 ligas
2186 2926 2261 2994 et
2313 2921 2809 3013 inscriptiones
2874 2900 3000 3013 per
3052 2922 3452 3014 impressio-

369 3059 567 3127 „nem
621 3044 691 3111 et
743 3040 1352 3132 importunitatem
1417 3043 1635 3114 Ducis
1691 3042 2078 3133 Switrigal,
2146 3062 2272 3133 per
2324 3064 2487 3129 nos,
2550 3041 2953 3133 PrincipeS,
3022 3043 3331 3133 Boyaros
3384 3046 3458 3115 et

369 3157 684 3246 „nobiles
735 3179 895 3232 cum
933 3159 1310 3233 cruciferis
1363 3162 1449 3233 de
1485 3162 1780 3233 Prussia
1831 3166 1904 3234 et
1938 3160 2238 3233 Livonia
2292 3163 2515 3233 factas
2569 3165 2642 3233 et
2693 3162 3038 3249 firmatas,
3096 3162 3456 3235 abolentes

368 3281 482 3365 „ct
534 3277 610 3349 in
643 3276 946 3350 nihilum
1001 3278 1418 3371 redigentes,
1475 3280 1952 3371 promittimus
2008 3284 2079 3352 et
2112 3281 2569 3372 spondemus,
2628 3281 2815 3371 quod
2848 3280 3035 3353 nulli
3070 3281 3454 3369 hominum,

369 3417 570 3484 „cum
621 3398 882 3489 quibus
937 3399 1276 3471 foederati
1331 3398 1593 3472 fuimus
1649 3402 1720 3472 et
1755 3399 1973 3487 uniti,
2031 3400 2426 3488 favoribus,
2484 3399 2821 3473 subsidiis
2877 3404 2947 3473 et
3002 3400 3454 3491 quibuscum-

369 3538 547 3607 „que
599 3518 1138 3610 praerogativiS,
1197 3539 1363 3591 suae
1419 3518 1808 3607 Maiestati,
1875 3518 2046 3590 filiis
2102 3518 2251 3591 suis
2314 3523 2440 3591 aut
2492 3519 2797 3592 Coronae
2848 3520 3200 3611 praeferre
3252 3519 3458 3591 volu-

369 3656 602 3723 „mus,
657 3656 784 3709 nec
837 3658 1146 3728 unquam
1201 3641 1444 3710 eontra
1498 3638 1690 3729 ipsos
1746 3658 1932 3711 esse:
1993 3637 2304 3729 quinimo
2358 3637 2623 3729 ipsum,
2680 3638 2867 3710 filios
2906 3658 3070 3710 suos
3124 3643 3196 3712 et
3250 3638 3457 3710 Coro-

365 3775 572 3843 „nam
629 3755 809 3843 eius,
869 3778 1082 3849 supra
1131 3762 1205 3829 et
1242 3759 1464 3845 ultra,
1521 3763 1594 3830 et
1629 3762 1872 3829 contra
1923 3776 2195 3845 omnes,
2254 3761 2324 3829 et
2361 3757 2763 3849 specialiter
2816 3762 3059 3830 contra
3108 3756 3461 3849 praefatos

368 3873 800 3961 „Cruciferos
853 3876 941 3949 de
993 3876 1286 3949 Prussia
1338 3884 1409 3949 et
1462 3876 1793 3964 Livonia,
1862 3877 2123 3949 nostris
2180 3875 2505 3966 auxiliis,
2573 3876 2891 3950 consiliis
2946 3881 3019 3949 et
3072 3875 3457 3965 favoribus,

371 3996 488 4081 „et
541 3993 912 4084 quibusvis
969 3996 1337 4084 subsidiis,
1395 4002 1464 4069 et
1518 3996 1698 4084 vita,
1767 4001 1838 4070 et
1891 3997 2097 4069 rebus
2153 3996 2399 4085 etiam,
2458 3995 3033 4088 quotiescumque
3094 4000 3168 4068 et
3216 3998 3461 4068 contra

367 4132 888 4205 „quoscumque
941 4115 1262 4188 inimicos
1325 4120 1795 4207 opportunum
1862 4116 2106 4205 fuerit,
2174 4120 2326 4188 tota
2390 4119 2631 4187 nostra
2682 4115 2999 4207 potentia
3062 4120 3136 4187 et
3186 4113 3458 4187 viribus

371 4252 574 4319 „cum
638 4233 960 4305 omnibus
1027 4234 1287 4307 nostris
1349 4235 1656 4308 subditis
1721 4236 2089 4323 adiuvare,
2165 4241 2237 4307 et
2300 4236 2385 4306 ad
2451 4236 2621 4308 haec
2684 4233 2977 4307 firmiter
3036 4234 3456 4327 obligamur,

369 4370 540 4439 „nec
592 4371 899 4441 unquam
963 4352 1194 4443 ipsum
1249 4354 1607 4425 dominum
1675 4356 1938 4447 Regem
2002 4354 2374 4441 Poloniae,
2430 4353 2616 4427 filios
2673 4374 2868 4442 suos,
2924 4356 3049 4425 aut
3101 4353 3458 4442 Coronam,

370 4468 772 4559 „aliquibus
826 4471 1207 4562 exquisitis
1263 4474 1612 4546 coloribus
1667 4476 1992 4546 volumus
2029 4475 2349 4548 deserere
2402 4478 2474 4547 et
2504 4472 2673 4545 aliis
2726 4473 3133 4557 adhaerere;
3190 4472 3315 4545 sed
3346 4490 3455 4545 se-

367 4608 572 4677 „cum
625 4594 814 4662 stare
875 4592 948 4662 in
1011 4591 1364 4682 prosperis
1427 4596 1498 4663 et
1557 4592 1906 4679 adversis,
1981 4597 2051 4665 et
2116 4612 2308 4682 eum,
2374 4592 2561 4665 filios
2616 4612 2781 4663 suos
2846 4596 2917 4664 et
2968 4592 3305 4663 Coronam
3370 4592 3458 4664 ab

367 4706 736 4797 „omnibus
791 4710 1336 4783 adversitatibus
1401 4708 1472 4784 et
1532 4711 1866 4802 periculis
1929 4733 2134 4802 pure,
2194 4717 2594 4784 constanter
2659 4715 2729 4783 et
2781 4710 3085 4783 fideliter
3136 4730 3455 4801 praemu-

366 4826 589 4915 „nire.
663 4828 842 4901 Item
897 4828 1408 4919 promittimus,
1479 4830 1897 4921 pollicemur
1949 4836 2020 4903 et
2093 4831 2547 4922 spondemus,
2604 4834 2687 4901 ut
2748 4849 2991 4920 supra,
3054 4828 3241 4921 quod
3295 4850 3455 4917 nos,

366 4950 540 5035 „aut
591 4947 816 5019 nostri
872 4968 1340 5039 successores,
1404 4948 1838 5040 praedictum
1903 4950 2234 5043 Magnum
2298 4950 2647 5022 Ducatum
2710 4952 3067 5035 tenentes,
3122 4952 3206 5019 ut
3252 4966 3455 5039 prae-

365 5065 658 5155 „fertur,
724 5086 861 5139 non
917 5066 1384 5157 aspirabimus
1448 5068 1536 5141 ad
1600 5068 2078 5163 cuiuscunque
2123 5068 2696 5163 suggestionem,
2771 5072 2895 5141 aut
2952 5066 3454 5157 inductionem,

581 5338 628 5417 ¹)
673 5339 988 5401 Vitholdus
1035 5332 1189 5403 cod.
1237 5336 1430 5405 Rozr.
1495 5336 1550 5419 ²)
1595 5340 1674 5401 ad
1715 5342 1904 5418 ipsius
1949 5342 2110 5403 vitae
2143 5313 2393 5403 *nostrae
2434 5346 2703 5418 tempora
2748 5334 2901 5401 cod.
2936 5336 3131 5403 Rozr.
3198 5338 3253 5419 ⁸)
3292 5338 3459 5417 quod

359 5460 442 5503 ea
485 5437 712 5503 desunt
753 5441 828 5503 in
874 5436 1025 5505 cod.
1060 5437 1241 5505 C'alv.
1287 5440 1342 5522 ⁴)
1388 5442 1798 5519 assignabunt.
1843 5438 2000 5505 cod.
2035 5438 2217 5505 Calo.
2266 5440 2322 5523 ι)
2364 5442 2635 5505 Wietlioa
2680 5436 2835 5505 Cod.
2866 5438 3044 5505 Koa.
