4342 6384
827 454 975 531 628
1987 476 2217 529 unna
2267 474 2780 529 nnonncmus.
3368 450 3506 552 (Α.
3547 449 3638 525 D.
3678 447 3943 547 144⁰.)

826 663 1216 737 Dobeslaus
1288 663 1373 737 de
1445 662 1924 751 Sczekoczini,
1990 664 2244 736 Petrus
2307 662 2607 753 Polyak,
2676 660 3017 734 Nicolaus
3083 660 3370 732 Porawa
3407 661 3485 748 ¹),
3556 658 3789 733 Groth
3856 658 3942 731 de

827 784 1290 871 Iankowicze‚
1356 785 1708 858 Iohannes
1735 782 2076 857 Wanszik
2105 782 2195 872 ²),
2252 782 2591 856 Nicolaus
2650 782 3093 854 Zakrzowski
3115 779 3176 869 ³)
3232 785 3302 852 et
3338 781 3579 871 plures
3619 778 3749 851 alii
3808 778 3937 851 mi-

827 902 996 977 lites
1050 902 1386 976 Poloniae
1440 924 1598 977 cum
1634 902 2036 996 insignibus
2093 903 2243 976 suis
2300 908 2371 975 et
2410 902 2679 975 familia
2734 901 3063 993 expedita
3116 921 3195 973 ac
3232 904 3478 974 ornata
3512 898 3941 985 adveniunt3

827 1023 930 1097 ibi
983 1024 1193 1097 etiam
1251 1023 1720 1116 Sandivogius
1786 1025 1870 1097 de
1925 1024 2258 1116 Ostrorog
2328 1022 2685 1115 palatinus
2741 1020 3243 1095 Posnaniensis
3316 1026 3389 1093 et
3441 1021 3801 1098 Iohannes
3856 1021 3941 1092 de

831 1143 1372 1236 Konyeczpolye
1427 1143 1657 1237 Regni
1691 1143 2026 1217 Poloniae
2080 1142 2565 1232 cancellariu8‚
2625 1142 2748 1236 qui
2801 1142 2889 1215 ad
2926 1141 3270 1235 Reginam
3308 1142 3683 1214 Elisabeth
3736 1140 3945 1214 missi

832 1267 1064 1351 erant,
1120 1267 1594 1352 revertuntur,
1653 1284 1812 1337 cum
1865 1263 2260 1337 Wladislao
2315 1265 2509 1356 Rege
2564 1263 2999 1357 Hungariam
3054 1262 3458 1353 profecturi.
3516 1262 3613 1334 Hi
3670 1266 3744 1334 et
3780 1262 3945 1353 plu-

836 1404 953 1457 res
1008 1383 1168 1472 alii,
1226 1405 1399 1476 quos
1455 1383 1846 1473 nominavi,
1902 1384 2221 1477 proprias
2278 1386 2630 1473 cohortes,
2700 1405 2871 1457 vasa
2923 1387 3255 1475 argentea
3306 1382 3621 1473 propria,
3682 1382 3941 1455 tubici-

834 1524 1096 1595 nesque
1118 1503 1206 1594 4),
1284 1502 1624 1576 familiam
1680 1508 2026 1591 ornatam,
2102 1503 2618 1594 supellectilem
2670 1504 3046 1594 pretiosam
3112 1503 3429 1575 tulerunt
3459 1502 3546 1591 5),
3621 1506 3694 1575 et
3757 1523 3945 1573 unus

834 1644 1048 1716 supra
1101 1622 1321 1697 alium
1376 1625 1647 1699 elucere
1681 1624 2060 1713 nitebetur,
2118 1623 2671 1713 incredibileque
2706 1623 2904 1696 dictu
2940 1626 3079 1710 est,
3120 1643 3277 1695 cum
3326 1644 3534 1713 qnam
3574 1621 3944 1714 splendido

835 1747 1084 1817 ornatu
1142 1738 1580 1817 wladislaus
1634 1744 1792 1818 Rex
1847 1744 2183 1817 Poloniae
2238 1764 2395 1817 cum
2451 1742 2601 1815 suis
2657 1742 3095 1835 Hungariam
3150 1747 3261 1815 est
3312 1742 3705 1834 ingressus.

1616 2105 1948 2180 Elisabeth
1992 2108 2240 2197 Regina
2284 2124 2585 2180 eoronam
2628 2108 2873 2198 rogim
2916 2108 3153 2179 aufert.

1049 2345 1396 2438 Oppidum
1449 2347 1838 2419 Keszmark
1903 2346 2299 2420 Wladislao
2364 2347 2703 2420 Poloniae
2766 2348 2958 2439 Rege
3024 2348 3339 2439 ingresso
3358 2404 3374 2434 ,
3430 2368 3671 2419 rumor
3725 2351 3949 2419 totam

842 2465 1280 2559 Hungariam
1335 2470 1662 2557 occupat,
1728 2466 2088 2559 ingressus
2155 2466 2270 2539 sui
2332 2466 2680 2539 novitate:
2750 2466 3013 2540 multos
3078 2468 3163 2539 de
3220 2488 3345 2538 suo
3410 2466 3723 2539 adventu
3775 2488 3946 2559 gau-

842 2586 1039 2659 dium
1096 2585 1449 2658 exhilarat
1501 2586 1954 2674 immensum,
2012 2586 2275 2658 multos
2332 2590 2559 2659 metus
2616 2590 2687 2658 et
2733 2586 3087 2658 moestitia
3126 2586 3519 2658 conturbat.
3578 2587 3947 2659 Elisabeth

842 2704 1114 2798 Regina
1167 2704 1576 2798 Hungariae
1628 2703 1877 2777 videns
1933 2704 2243 2777 animum
2300 2708 2367 2776 et
2422 2704 2859 2796 propositum
2915 2705 3292 2778 Wladislai
3348 2706 3565 2797 Regis
3614 2706 3949 2778 Poloniae

843 2828 1066 2898 fixum
1121 2846 1275 2899 esse
1329 2828 1401 2897 et
1454 2824 1678 2898 nullis
1733 2827 1873 2898 fere
1929 2824 2134 2897 factis
2190 2824 2470 2912 terreri,
2531 2825 3075 2918 intelligensque
3128 2825 3492 2898 Praelatos
3548 2829 3621 2897 et
3656 2826 3949 2899 barones

845 2944 1253 3037 Hungariae
1305 2944 1482 3017 mira
1534 2943 1648 3016 illi
1713 2945 1898 3017 affici
1959 2945 2450 3017 benevolentia
2514 2944 2584 3017 et
2638 2944 3009 3033 charitate,
3077 2944 3269 3019 illico
3324 2944 3649 3037 Dionysii
3708 2946 3945 3019 Cardi-

847 3064 1035 3137 nalis
1089 3069 1160 3137 et
1213 3061 1721 3156 archiepiscopi
1776 3063 2317 3158 Strigoniensis‚
2374 3064 2693 3137 Ladislai
2744 3066 2831 3139 de
2886 3065 3070 3139 Gara
3134 3065 3511 3138 Slavoniae
3564 3065 3780 3154 Bani,
3840 3066 3950 3138 Io·

849 3182 1104 3256 hannis
1167 3183 1252 3256 de
1307 3183 1474 3258 Secz
1547 3188 1620 3257 et
1683 3182 1982 3257 aliorum
2055 3184 2195 3257 sibi
2260 3184 2790 3258 adhaerentium
2862 3186 3041 3257 freta
3103 3184 3421 3258 consiliis
3442 3242 3459 3272 ‚
3536 3185 3952 3258 civitatibus

850 3302 1258 3397 Hnngariae
1311 3324 1436 3396 per
1489 3302 1735 3375 literas
1789 3303 2106 3377 mandat:
2165 3326 2252 3377 ne
2287 3303 2762 3378 Wladislaum
2818 3305 3082 3397 Regem
3120 3305 3456 3378 Poloniae
3510 3304 3587 3376 in
3624 3306 3953 3379 civitates

852 3423 1357 3498 intromittant.
1413 3423 1734 3497 Castrum
1789 3429 2023 3498 autem
2059 3423 2559 3518 Wischogrod,
2616 3423 2803 3516 quod
2840 3428 3008 3497 tunc
3061 3446 3185 3517 per
3221 3424 3633 3498 Ladislaum
3682 3428 3953 3499 Banum

851 3544 1244 3632 tenebatur,
1308 3544 1660 3637 ingressa,
1725 3565 2049 3618 coronam
2117 3544 2553 3618 materialem
2570 3600 2586 3633 ,
2656 3566 2795 3637 qua
2859 3546 3089 3637 Reges
3157 3544 3564 3639 Hungariae
3639 3546 3955 3620 coronari

852 3667 1393 3753 consueverant,
1451 3664 1692 3737 fractis
1748 3664 1924 3738 seris
1979 3668 2048 3738 et
2104 3664 2371 3757 sigillis
2425 3666 2795 3753 baronum,
2854 3663 3286 3739 clandestine
3341 3667 3606 3755 aufert,
3664 3688 3953 3759 appara-

854 3781 1111 3859 mentis
1141 3783 1209 3872 θ)
1288 3782 1644 3877 regalibus
1717 3783 1820 3857 ibi
1891 3784 2236 3873 dimissis,
2312 3785 2540 3857 filium
2614 3806 2820 3858 suum
2901 3784 3237 3858 infantem
3312 3785 3732 3859 Ladislaum
3802 3808 3957 3859 cum

855 3903 1092 3977 eadem
1147 3908 1538 3995 opportuno
1591 3908 1903 3997 tempore
1957 3909 2393 3977 coronatura.
2472 3904 2713 3978 Simon
2766 3906 2851 3979 de
2888 3907 3174 3997 Rozgon
3206 3907 3267 3993 ⁷)
3323 3906 3699 3998 episcopus
3748 3906 3953 3999 Agri-

857 4022 1081 4111 ensi8‚
1140 4023 1263 4115 qui
1317 4044 1474 4097 cum
1533 4045 1782 4117 magno
1838 4024 2182 4098 desiderio
2238 4029 2309 4097 et
2361 4024 2640 4097 laetitia
2693 4025 3074 4099 Wladislai
3125 4026 3342 4118 Regis
3378 4027 3721 4099 Poloniae
3757 4048 3952 4118 prae-

859 4142 1253 4216 stolabatur
1317 4142 1391 4216 in
1454 4144 1891 4237 Hungariam
1955 4144 2350 4238 ingressum
2380 4144 2468 4234 ⁸),
2536 4150 2605 4219 et
2669 4146 2907 4237 plures
2977 4146 3261 4218 nuntios
3316 4146 3661 4238 rogando,
3732 4145 3961 4219 solici-

858 4262 1104 4351 tando,
1163 4262 1725 4355 obsecrandoque
1787 4286 1984 4337 suam
2053 4264 2553 4351 Serenitatem,
2622 4270 2703 4336 ut
2767 4264 3064 4338 celerius
3129 4265 3458 4338 advenire
3524 4264 3955 4359 dignaretur,

859 4403 1083 4474 usque
1140 4382 1214 4454 in
1251 4381 1652 4457 cracoviam
1710 4382 2082 4477 fatigabat,
2141 4385 2569 4459 certificatus
2624 4385 2708 4458 de
2745 4385 3126 4458 Wladislai
3180 4385 3399 4478 Regis
3452 4384 3531 4458 in
3566 4385 3959 4459 Keszmark

857 4502 1213 4595 ingressu,
1273 4501 1583 4577 sentiens
1639 4526 1911 4597 quoque
1966 4504 2341 4578 civitatum
2386 4504 2794 4597 Hungariae
2846 4504 3353 4593 resistentiam,
3411 4506 3781 4579 civitatem
3818 4508 3955 4598 Ap·

857 4622 1182 4715 periasch
1208 4622 1271 4714 ⁹)
1329 4629 1685 4717 oppugnat
1737 4630 1807 4698 et
1844 4624 2034 4718 capit
2065 4624 2181 4713 ¹⁰),
2240 4623 2572 4698 derelicta
2610 4625 2701 4714 ¹¹)
2759 4646 2887 4697 sua
2941 4623 3208 4697 familia
3262 4623 3364 4698 ibi
3418 4646 3545 4717 pro
3582 4626 3955 4717 praesidio,

1073 4946 1120 5026 ¹)
1167 4950 1418 5011 Parawa
1478 4945 1630 5013 0001.
1677 4945 1895 5012 Przez.
1973 4946 2026 5029 ²)
2070 4950 2285 5028 quik
2348 4945 2499 5012 Cod.
2549 4946 2681 5014 Das.
2750 4950 2993 5011 Werick
3036 4946 3163 5011 Ed.
3211 4946 3393 5031 Lips.
3470 4947 3521 5028 ³)
3568 4951 3959 5013 Sateronki

861 5044 1016 5114 Ood.
1063 5048 1282 5114 Przez.
1353 5048 1406 5129 4)
1453 5052 1844 5130 tibicinesque
1888 5049 2016 5112 Ed.
2066 5050 2245 5134 Lips.
2310 5049 2361 5130 ὁ)
2411 5054 2670 5114 tulerunt
2730 5050 2901 5114 deest
2944 5052 3017 5113 in
3064 5046 3215 5114 God.
3268 5046 3443 5114 C'alv.
3500 5049 3557 5130 ⁶)
3603 5054 3740 5114 aliis
3784 5072 3963 5131 appa-

855 5156 1137 5215 ramentis
1185 5148 1338 5216 cod.
1386 5151 1598 5217 Przez.
1669 5153 1720 5233 ⁷)
1765 5156 2014 5233 Roggon
2065 5151 2217 5219 Cod.
2265 5151 2400 5217 Lis.
2461 5156 2687 5233 Rogow
2730 5152 2856 5217 Ed.
2905 5152 3083 5237 Lips.
3157 5154 3209 5232 8)
3256 5156 3577 5217 adventum
3626 5152 3781 5219 Coa.
3826 5154 3962 5218 Lis.

861 5254 918 5335 ⁹)
965 5256 1336 5427 Oppogzzech
1386 5251 1537 5321 Cod.
1582 5256 1768 5331 Kost,
1825 5258 2114 5345 Apierasz
2163 5253 2317 5323 Cod.
2371 5256 2507 5322 Lis.
2555 5257 2869 5339 (Eperies).
2948 5257 3026 5337 ¹⁰)
3073 5260 3299 5334 recepit
3346 5254 3497 5326 God.
3547 5256 3723 5329 Kost.
3782 5258 3859 5338 ¹¹)
3908 5266 3966 5319 et

861 5359 1072 5425 relicta
1254 5403 1271 5422 .
1312 5356 1488 5427 Kont-
