4342 6384
927 645 1078 720 442
2097 625 2325 720 menn
2378 663 2836 720 Unnncmns.
3489 641 3622 746 (Α.
3664 643 3753 720 D.
3796 642 4017 745 1431.)

932 875 1106 946 quas
1169 857 1641 945 congesserat,
1717 852 2139 943 direptione,
2216 850 2508 943 accepit.
2594 853 2704 923 Ex
2776 853 3104 944 gentibus
3178 856 3412 925 autem
3487 853 3927 944 Sigismundi
3963 855 4014 942 ¹)

929 972 1147 1044 Ducis
1201 970 1623 1044 Lithuaniae
1678 976 1958 1043 centum
2013 971 2468 1043 notabiliores
2508 971 2694 1062 capti
2752 976 2821 1043 et
2876 971 2949 1042 in
2987 972 3259 1062 Kozlye
3314 971 3633 1059 deducti3
3691 973 4013 1064 oppidum

927 1111 1088 1164 vero
1155 1090 1514 1179 Gliwicze,
1589 1112 1674 1163 ne
1739 1111 1817 1162 eo
1881 1093 2120 1162 hostes
2195 1090 2449 1162 iterum
2513 1090 2723 1181 potiti
2796 1113 2975 1162 novo
3043 1091 3231 1162 bello
3297 1095 3625 1184 urgerent
3700 1091 4014 1180 SlesitaS,

925 1212 1088 1302 igne
1145 1211 1642 1304 conflagratum
1675 1209 1763 1300 2).

928 1571 1320 1643 wladislaus
1363 1573 1503 1642 Rex
1547 1575 1771 1643 contre
1816 1573 2133 1643 Luezkam
2193 1572 2431 1643 bellum
2474 1538 2707 1643 indicit
2725 1628 2741 1658 ,
2802 1575 2875 1642 et
2918 1573 3170 1643 nuntiis
3224 1573 3601 1662 switrigeui
3661 1573 3742 1644 de
3788 1575 4019 1644 cestris

927 1691 1226 1764 Podoliae
1271 1691 1526 1763 minime
1559 1693 2010 1778 restituendis,
2059 1694 2128 1762 et
2157 1692 2447 1780 magistri
2478 1691 2771 1763 Pmssiae
2804 1691 2884 1763 de
2916 1711 3073 1781 paee
3114 1710 3255 1763 eum
3286 1692 3677 1782 switrigello
3706 1693 4019 1778 facienda,

1165 1813 1482 1900 acceptis,
1528 1829 1714 1882 suum
1760 1811 1844 1883 ad
1885 1813 2064 1882 iilum
2108 1810 2341 1897 mittit,
2388 1828 2576 1900 quem
2621 1812 3013 1882 contumelia
3058 1812 3361 1883 effectum
3405 1813 3790 1883 incarcerat.

1136 2049 1245 2120 Ex
1302 2049 1631 2122 cracovia
1685 2048 2122 2121 Wladislaus
2178 2049 2511 2121 Poloniae
2565 2051 2719 2122 Rex
2785 2054 2945 2141 post
3002 2051 3181 2121 festa
3243 2050 3573 2122 recedens
3627 2049 4021 2136 Paschalia‚

931 2189 1055 2261 per
1109 2169 1320 2240 solita
1373 2170 1527 2240 loca
1579 2190 1702 2260 pro
1743 2169 2106 2240 Dominica
2161 2169 2469 2240 Iubilate
2524 2170 2720 2242 venit
2773 2170 2846 2241 in
2887 2170 3147 2260 Byecz,
3205 2169 3621 2242 transmisso
3675 2169 3751 2241 in
3790 2191 4022 2240 omnes

931 2293 1154 2361 terras
1210 2286 1440 2380 Regni
1495 2289 1607 2360 sui
1663 2309 1748 2361 ex
1805 2287 2132 2359 Oracovia
2188 2288 2546 2376 mandato,
2602 2293 2684 2360 ut
2738 2293 2979 2360 contra
3032 2289 3381 2360 Luczkam
3438 2289 3513 2360 in
3564 2288 3833 2360 bellum
3871 2310 4021 2380 pro-

933 2408 1276 2480 cederent.
1336 2406 1484 2497 Quo
1539 2407 1722 2498 apud
1779 2407 2005 2498 Byecz
2061 2411 2335 2498 agente,
2393 2407 2590 2478 venit
2644 2409 2730 2478 ad
2786 2429 2943 2479 eum
3000 2429 3089 2479 ex
3142 2412 3341 2498 parte
3396 2407 3613 2479 Ducis
3670 2407 4024 2500 Switrigal

931 2526 1258 2614 nuntius,
1315 2527 1479 2597 Dux
1534 2526 1847 2598 Waszilo
1912 2525 2143 2598 dictus
2208 2527 2471 2598 Krasni
2503 2525 2589 2616 3),
2657 2528 2779 2617 qui
2844 2527 2931 2598 ad
2984 2527 3404 2618 legationem
3458 2527 3676 2618 Regis
3741 2547 4021 2617 respon-

928 2647 1184 2734 dend0,
1241 2646 1602 2718 astruebat
1667 2646 1925 2719 Ducem
1984 2645 2343 2738 Switrigal
2399 2665 2625 2737 neque
2681 2648 2765 2718 de
2820 2647 3168 2734 Luczsko,
3226 2667 3451 2738 neque
3506 2645 3589 2718 de
3643 2647 3901 2718 castris
3954 2646 4025 2716 in

930 2765 1222 2838 Podolia
1277 2765 1632 2856 occupatis
1665 2766 1750 2854 ⁴),
1819 2765 2302 2856 quoquomodo
2367 2785 2759 2837 cessurum:
2830 2766 3141 2857 quinimo
3209 2766 3523 2856 petebat,
3591 2772 3665 2836 et
3720 2765 4023 2857 Kamye-

931 2903 1142 2975 nyecz
1199 2887 1269 2956 et
1323 2889 1594 2956 caetera
1647 2884 1978 2956 Podoliae
2034 2888 2265 2956 castra
2320 2883 2539 2956 eidem
2580 2885 2797 2973 tradi3
2852 2891 3012 2976 post
3064 2907 3354 2976 quorum
3402 2884 4025 2976 consignationem,

931 3025 1080 3088 non,
1126 3004 1473 3075 abnuebat
1535 3024 1691 3075 cum
1758 3005 1948 3094 Rege
2013 3003 2217 3075 illum
2296 3011 2823 3076 conventurum.
2902 3005 3163 3096 Quodsi
3240 3009 3471 3077 castra
3534 3009 3604 3077 et
3674 3004 4024 3092 civitates„

934 3143 1111 3214 quae
1166 3122 1660 3194 manutenebat
1714 3122 2150 3194 Wladislaus
2209 3124 2359 3194 Rex
2416 3124 2489 3194 in
2544 3124 2867 3211 Podolia,
2928 3125 3196 3197 tradere
3252 3122 3389 3194 sibi
3442 3129 3830 3210 recusaret,
3892 3145 4021 3194 non

935 3258 1088 3314 csse
1143 3242 1591 3313 conventioni
1647 3245 1714 3314 et
1769 3241 2213 3332 placitationi
2266 3243 2530 3331 locum,
2598 3243 2925 3333 quoniam
2982 3265 3118 3315 non
3172 3244 3547 3316 resultaret
3600 3263 3848 3330 causa,
3908 3265 4025 3334 pro

938 3383 1076 3453 qua
1131 3366 1317 3434 esset
1371 3361 1444 3432 in
1481 3361 1881 3432 huiusmodi
1921 3362 2377 3434 conventione
2414 3363 2883 3434 tractandum:
2942 3362 3254 3454 quinimo
3294 3366 3479 3435 esset
3516 3381 4024 3453 supervacuum

939 3481 1192 3573 fatigas
1248 3485 1319 3552 et
1374 3481 1724 3570 impensas
1781 3481 2039 3554 subire.
2106 3481 2411 3554 Venerat
2466 3487 2535 3553 et
2590 3487 2757 3553 tunc
2812 3483 2884 3552 in
2942 3484 3167 3572 Byecz
3222 3483 3309 3553 ad
3364 3481 3837 3554 Wladislaum
3894 3484 4024 3553 Re-

934 3621 1090 3694 gem
1145 3601 1546 3672 Ludovicus
1603 3600 1686 3672 de
1741 3601 2056 3692 Langsze
2079 3601 2140 3690 ⁵)
2198 3601 2721 3672 Commendator
2774 3601 3284 3688 'Ph01·unensiS‚
3342 3621 3383 3672 a
3420 3600 3759 3691 Magistro
3817 3602 4025 3672 Prus-

937 3721 1082 3792 siae
1136 3720 1357 3790 Paulo
1414 3720 1497 3790 de
1554 3719 1928 3792 Russdorff
1951 3720 2012 3809 θ)
2072 3725 2141 3790 et
2180 3718 2433 3792 Ordine
2489 3721 2782 3808 missuS,
2838 3721 2911 3791 in
2970 3720 3219 3793 effectu
3275 3741 3637 3811 peroranS,
3696 3727 3779 3791 ut
3832 3720 4027 3792 Wla-

939 3840 1211 3911 dislaus
1248 3839 1402 3912 Rex
1459 3861 1614 3912 cum
1651 3861 1976 3930 germano
2017 3861 2141 3910 suo
2199 3840 2389 3912 Duce
2430 3839 2785 3931 Switrigal
2840 3840 3243 3932 dignaretur
3279 3861 3517 3931 pacem
3558 3844 3627 3912 et
3660 3841 4027 3910 honestam

937 3959 1372 4032 concordiam
1430 3965 1820 4050 acceptare,
1877 3979 2000 4048 pro
2057 3979 2194 4048 qua
2250 3980 2324 4031 se
2377 3959 2681 4031 fideliter
2734 3959 3206 4031 laboratorum
3240 3961 3301 4048 7)
3366 3959 3699 4050 Magister
3754 3957 3909 4050 ipse
3966 3966 4033 4028 et

939 4077 1119 4150 Ordo
1177 4077 1576 4150 offerebant.
1635 4077 1759 4148 Cui
1799 4076 2235 4149 Wladislaus
2274 4080 2427 4150 Rex
2483 4078 2659 4149 actis
2714 4079 2990 4170 gratiiS,
3046 4076 3459 4170 Magistrum
3502 4083 3572 4150 et
3610 4078 3947 4150 Ordinem
3968 4079 4032 4166 ⁸)

940 4189 1024 4267 de
1079 4197 1612 4288 interpositione
1667 4196 2199 4284 commendatis,
2258 4217 2496 4287 pacem
2550 4197 2737 4269 inter
2791 4219 2867 4269 so
2931 4203 2999 4270 ct
3054 4200 3315 4270 Ducem
3372 4198 3727 4288 Sivitrigal
3784 4200 4033 4288 aequis

939 4315 1458 4387 conditionibus
1513 4315 1896 4387 arbitrandi
1936 4320 2353 4406 potestatem
2393 4317 2867 4407 permittebat.
2926 4317 3181 4388 Verum
3222 4319 3455 4388 ferunt
3492 4317 3736 4404 multi,
3788 4337 4035 4408 quam-

942 4437 1050 4507 vis
1106 4457 1217 4507 res
1273 4435 1738 4526 impossibilis
1797 4438 1865 4506 et
1919 4434 2275 4506 mendacio
2332 4435 2715 4525 persimilis
2771 4435 3074 4523 videtur,
3142 4436 3327 4526 quod
3382 4435 3822 4507 Wladislaus
3876 4437 4035 4508 Rex

939 4575 1078 4626 uno
1134 4555 1479 4625 duntaxat
1534 4553 1827 4639 arbitr0‚
1896 4553 2207 4624 Iohanne
2273 4553 2799 4644 Sthembarsky,
2868 4559 3152 4645 propter
3215 4555 3741 4646 interpretanda
3796 4557 4037 4640 verba,

939 4694 1096 4745 eum
1152 4674 1439 4766 ignarus
1498 4676 1684 4744 esset
1739 4671 2152 4744 Theutonici
2210 4672 2597 4760 idiomatis,
2658 4679 3052 4765 assumpto,
3114 4695 3269 4746 cum
3306 4676 3619 4764 praefato
3676 4675 4041 4746 Ludovico

945 4793 1515 4866 Commendatore
1579 4795 1881 4862 secretos
1935 4791 2301 4864 habuisset
2358 4796 2731 4880 tractatnS,
2790 4815 3041 4884 rogans
3098 4799 3167 4864 et
3220 4793 3681 4883 persuadens:
3738 4801 3821 4865 nt
3858 4792 4039 4864 Dnci

941 4911 1366 5004 Switrigello
1423 4910 1759 5002 Magister
1813 4915 1882 4982 et
1937 4909 2118 4981 Ordo
2185 4911 2511 4998 favendO,
2580 4911 3057 4984 assistentiam
3124 4913 3534 4985 exhiberent
3600 4915 3845 4984 contra
3902 4913 4041 4984 Rc·

1157 5215 1205 5295 ¹)
1251 5217 1610 5292 sigismundi
1656 5215 1952 5276 Koributh
2015 5209 2166 5276 Cod.
2214 5213 2407 5276 Rozr.
2456 5212 2505 5294 2)
2554 5219 2983 5275 concrematum
3036 5220 3143 5278 est.
3205 5211 3356 5277 Cod.
3418 5211 3609 5276 Rozr.
3682 5213 3737 5294 ³)
3782 5217 4049 5277 Basilius

942 5319 1156 5394 longus
1199 5319 1349 5378 alias
1407 5319 1630 5377 Krasni
1689 5319 1917 5377 Wasilo
1975 5319 2309 5393 appellatus
2368 5315 2495 5377 Ed.
2549 5314 2729 5398 Lips.
2802 5315 2853 5395 ⁴)
2900 5319 3161 5392 acceptis
3234 5314 3385 5377 eod.
3440 5314 3633 5377 Rozr.
3708 5315 3765 5396 ⁵)
3809 5319 4049 5394 Lag-aze

949 5416 1100 5482 Cod.
1145 5417 1321 5481 Koet.
1369 5419 1710 5498 (Landsee).
1759 5417 1811 5498 ⁶)
1856 5419 2140 5479 Rosdorff
2180 5415 2331 5480 Cod.
2378 5417 2555 5480 Kost.
2616 5419 2936 5479 Ruczdorff
2972 5417 3098 5480 Ed.
3132 5417 3312 5501 LiPS.
3364 5415 3414 5497 ⁷)
3464 5419 3837 5479 laboraturos
3886 5415 4049 5482 Cod.

945 5521 1136 5586 Rozr.
1187 5520 1238 5601 ⁸)
1279 5527 1339 5581 et
1380 5522 1666 5596 Magistro
1710 5540 1780 5582 ac
1827 5521 2049 5582 Ordine
2097 5517 2249 5584 Cod.
2298 5518 2488 5582 Rozr.
