4342 6384
887 550 1034 625 662
2019 578 2247 632 unm
2299 575 2809 632 nuomecmus.
3414 551 3551 651 (Α.
3591 549 3682 624 D.
3722 546 3966 647 1440.)

1056 876 1452 949 wladislau
1494 876 1633 947 llex
1674 876 2022 949 Iohannem
2064 874 2146 947 do
2193 874 2441 947 fluuiad
2486 875 2908 961 capitaneum
2950 875 3181 946 eontra
3224 872 3461 945 Tmou
3500 870 3809 945 instituit

1899 998 1970 1067 et
2013 994 2267 1067 arcibus
2309 993 2608 1065 finitimis
2650 992 2965 1083 praeficit.

1095 1241 1300 1314 Bello
1376 1240 1754 1313 domestico
1817 1244 1889 1313 et
1949 1241 2261 1332 periculo
2296 1242 2354 1329 1)
2418 1240 2661 1313 taliter
2730 1240 3072 1327 confectO,
3146 1238 3372 1331 pacis,
3448 1258 3631 1331 quae
3692 1239 3967 1311 turbata

889 1364 1069 1446 erat,
1137 1360 1429 1434 dulcedo
1497 1361 1582 1431 ad
1639 1359 2010 1433 Slavoniae
2071 1364 2309 1451 partes
2379 1360 2590 1434 rediit
2618 1358 2707 1449 ²),
2775 1380 2947 1451 quas
3016 1359 3228 1432 etiam
3293 1358 3731 1431 wladislaus
3798 1358 3965 1443 Rex,

889 1477 1104 1551 misso
1159 1478 1336 1551 illuc
1387 1478 1680 1552 Nicolao
1736 1479 2130 1571 Lassoczky
2187 1479 2443 1553 decano
2498 1478 2969 1567 cracoviensi,
3026 1479 3101 1550 in
3156 1498 3285 1549 sua
3328 1478 3465 1551 fide
3502 1482 3574 1549 et
3606 1476 3967 1549 devotione

889 1598 1193 1690 amplius
1249 1599 1639 1685 coufirmat,
1697 1598 1908 1671 duces
1958 1598 2293 1671 victoriae
2338 1598 2710 1671 Nicolaum
2746 1596 3142 1671 Fristaczki
3178 1603 3249 1670 et
3283 1598 3667 1670 Iohannem
3704 1597 3793 1668 de
3828 1596 3967 1667 Hu-

887 1717 1053 1789 niad
1089 1718 1459 1791 donatione
1497 1718 1876 1790 multarum
1911 1716 2437 1807 possessionum
2474 1718 2713 1789 attolit
2750 1722 2821 1789 et
2847 1718 3266 1809 locupletat,
3306 1722 3687 1807 utrumque
3721 1714 3969 1805 Woye·

889 1835 1154 1908 wodam
1209 1836 1908 1928 Transylvaniensem
1964 1840 2175 1909 creat.
2232 1838 2325 1909 Et
2378 1837 2544 1929 quia
2595 1837 2977 1910 Iohannem
3036 1836 3121 1908 de
3174 1835 3460 1908 Huniad
3516 1834 3807 1907 videbat
3852 1833 3966 1905 1111-

889 1954 1088 2027 litem
1153 1955 1542 2027 animosum
1605 1959 1676 2028 et
1738 1955 1968 2027 virum
2033 1954 2107 2027 in
2162 1956 2376 2028 armis
2440 1956 2677 2048 magni
2740 1955 2985 2048 pretii,
3052 1977 3192 2028 non
3254 1958 3526 2027 attenta
3578 1952 3969 2025 conditione

892 2094 1051 2162 sua,
1109 2095 1286 2166 quae
1340 2077 1509 2146 tunc
1563 2078 1712 2147 erat
1763 2073 2055 2147 humilis
2095 2080 2164 2147 et
2205 2076 2490 2167 exigua,
2550 2077 2702 2147 sola
2736 2076 3003 2148 virtute
3038 2073 3239 2147 illius
3276 2074 3704 2157 delectatus,
3745 2072 3967 2164 ipsum

895 2196 1138 2264 contra
1202 2194 1462 2265 Turcos
1527 2192 1980 2284 capitaneum
2053 2194 2359 2282 ordinat,
2416 2199 2487 2267 et
2538 2199 2769 2267 castra
2813 2194 3047 2267 omnia
3082 2195 3465 2265 Tureorum
3500 2191 3711 2265 terris
3748 2192 3973 2263 vicina

893 2310 1030 2382 sibi
1085 2311 1204 2383 dat
1233 2309 1295 2400 ³)
1350 2311 1424 2382 in
1463 2315 1800 2385 tenutam.
1857 2312 2005 2385 Nec
2040 2312 2511 2385 Wladislaum
2548 2308 2810 2405 Regem
2848 2311 3186 2385 iudicium
3225 2332 3427 2383 suum
3480 2310 3769 2385 fefellit:
3828 2310 3969 2402 ipse

891 2430 1075 2502 enim
1131 2431 1480 2503 Iohannes
1517 2432 1603 2504 de
1637 2430 1927 2503 Huniad
1981 2432 2167 2505 bello
2206 2436 2447 2504 contra
2482 2433 2742 2505 Turcos
2779 2430 3329 2503 administrando
3369 2436 3731 2521 suscepto,
3776 2449 3971 2519 saepe

890 2570 1047 2621 cum
1101 2549 1252 2622 illis
1287 2550 1834 2641 particularibus
1870 2550 2160 2642 praeliis
2198 2572 2646 2644 congressus,
2703 2552 2967 2622 multas
3006 2571 3095 2622 ex
3133 2549 3283 2621 illis
3319 2549 3715 2640 praeclaras
3754 2549 3968 2619 victo-

886 2668 1032 2740 rias
1084 2668 1368 2756 retulit,
1425 2674 1495 2743 et
1550 2670 1884 2761 superbas
1940 2690 2179 2743 eorum
2216 2670 2433 2758 acies,
2489 2670 2658 2743 licet
2695 2692 2852 2744 cum
2890 2691 3176 2742 suorum
3213 2667 3509 2760 aliquali
3545 2667 3967 2751 discrimine,

889 2808 1095 2878 saepe
1148 2789 1521 2881 confregit,
1579 2790 1682 2861 ita
1731 2793 1814 2861 ut
1867 2789 1939 2862 in
1985 2789 2185 2862 brevi
2222 2793 2531 2881 tempore
2568 2791 2753 2862 fama
2789 2811 3039 2881 magna
3077 2788 3425 2879 quaesita,
3482 2789 3737 2860 charus
3776 2786 3969 2877 Regi,

889 2906 1141 3001 charus
1198 2906 1570 2980 baronibus
1626 2908 2060 3001 Hungariae,
2118 2910 2304 2999 apud
2356 2910 2673 3001 proprios
2712 2914 2781 2982 et
2816 2910 3055 2981 hostes
3110 2904 3403 2980 celebris
3458 2906 3874 2980 habebatur.

1299 3257 1595 3330 subsidia
1637 3258 1989 3331 wladislao
2031 3258 2190 3349 Regi
2236 3278 2321 3331 ex
2364 3259 2628 3332 rolonia
2668 3260 2739 3332 in
2783 3260 3167 3348 hungariam
3209 3257 3581 3330 mittuntur.

1097 3502 1242 3575 Sub
1296 3501 1479 3576 idem
1544 3508 1820 3594 tempus
1882 3524 2006 3594 per
2068 3504 2433 3575 Praelatos
2495 3509 2566 3576 et
2628 3505 2921 3577 barones
2994 3507 3339 3575 terrarum
3410 3502 3977 3575 cracoviensium

889 3622 1066 3694 duae
1137 3622 1418 3695 habitae
1481 3628 1648 3695 sunt
1711 3622 1786 3694 in
1849 3622 2052 3694 Nova
2115 3622 2419 3696 Civitate
2490 3622 3019 3709 conventioneS,
3085 3622 3159 3694 in
3224 3642 3519 3712 quarum
3571 3622 3803 3695 altera
3858 3643 3975 3713 pro

891 3742 1066 3814 festo
1124 3740 1365 3814 Sancti
1420 3741 1938 3814 Bartholomaei
2002 3741 2277 3830 habita,
2345 3742 2803 3815 deliberatum
2870 3746 3008 3830 est,
3068 3745 3211 3813 tam
3266 3740 3339 3812 in
3394 3740 3719 3831 pecuniis
3774 3762 3976 3832 quam

889 3859 964 3931 iu
1017 3859 1345 3951 gentibus
1411 3860 1801 3933 subsidium
1865 3860 2259 3932 Wladislao
2325 3860 2503 3953 Regi
2557 3860 2633 3933 in
2686 3860 3121 3953 Hungariam
3184 3859 3409 3946 mitti,
3475 3860 3976 3932 consentienti-

888 3978 1159 4068 busque
1189 3978 1251 4066 4)
1307 3979 1627 4052 omnibus
1683 3980 2066 4067 decretum,
2123 3983 2205 4050 ut
2261 3980 2565 4071 quilibet
2615 3981 2901 4051 kmetho
2956 3979 3040 4052 de
3076 3981 3277 4051 laneo
3316 3980 3549 4050 solvat
3588 4002 3807 4051 uuum
3850 3982 3977 4051 fer-

890 4102 1155 4182 tonem,
1212 4096 1512 4187 quilibet
1565 4098 1826 4170 nobilis
1863 4098 2273 4171 kmethones
2312 4120 2448 4171 non
2485 4099 2782 4186 habene,
2838 4099 3007 4171 item
3046 4096 3345 4189 quilibet
3382 4098 3733 4171 scultetus
3770 4119 3979 4170 unam

891 4233 1219 4307 marcam.
1276 4217 1428 4289 Hae
1482 4217 1816 4307 pecuniae
1872 4222 2156 4308 repente
2210 4218 2673 4310 colliguntur,
2730 4222 2801 4290 et
2852 4239 3079 4289 novus
3136 4236 3222 4289 ex
3278 4217 3567 4288 Polonis
3624 4238 3979 4308 compara-

894 4339 1010 4405 tus
1067 4334 1418 4407 exercitus
1456 4334 1847 4407 Wladislao
1885 4337 2063 4428 Regi
2099 4336 2172 4408 in
2214 4336 2605 4410 subsidimn
2654 4337 3069 4409 destinatur.
3126 4337 3420 4409 Iverunt
3456 4340 3693 4408 autem
3732 4344 3981 4427 sponte

891 4473 1020 4523 sua
1069 4454 1535 4544 personaliter
1562 4452 1622 4541 5)
1677 4455 2023 4527 Iohannes
2080 4455 2162 4528 de
2217 4456 2568 4527 Thanczin
2620 4454 2980 4547 palatinus
3034 4454 3546 4542 cracoviensis,
3626 4455 3981 4526 Iohannes

889 4573 974 4644 de
1029 4571 1482 4645 Oleschnicza
1534 4573 1963 4645 castellanus
2019 4575 2635 4663 SandomiriensiS,
2692 4575 2995 4647 Hriczko
3054 4574 3543 4665 Kyerdeowicz
3574 4574 3663 4661 6),
3722 4574 3982 4664 palati-

889 4713 1022 4761 nus
1078 4691 1439 4778 Podoliae‚
1497 4692 1845 4763 Iohannes
1910 4692 2343 4785 Woyniczky
2398 4695 2482 4767 de
2521 4696 2749 4767 Senno
2782 4694 2842 4782 ⁷)
2898 4694 3306 4784 capitaneus
3362 4692 3983 4773 Sandomiriensis‚

890 4810 1226 4882 Derslaus
1280 4810 1769 4901 Rithwyenski
1798 4810 1862 4900 8)
1919 4814 1989 4883 61
2041 4813 2282 4901 plures
2348 4812 2473 4884 alii
2539 4813 2801 4885 milites
2856 4818 2927 4885 et
2980 4812 3253 4885 nobiles
3308 4811 3537 4903 Regni
3614 4811 3979 4895 Poloniae,

1105 5117 1151 5197 ¹)
1195 5118 1528 5195 periculoso
1575 5113 1728 5178 cod.
1777 5113 1951 5177 Koat.
2015 5110 2064 5193 ²)
2114 5116 2393 5194 dulced0,
2454 5116 2743 5193 redditur,
2806 5122 2866 5176 et
2910 5117 3202 5177 exercitus
3263 5115 3464 5190 regius
3524 5116 3601 5175 ad
3632 5116 3991 5175 sclavoniae

889 5226 1088 5297 partes
1131 5222 1367 5281 transiit
1409 5216 1534 5279 Ed.
1585 5216 1764 5300 Lips.
1815 5218 1868 5297 ³)
1913 5219 2076 5278 dedit
2123 5214 2247 5277 Ed.
2298 5216 2471 5298 Lips.
2524 5216 2572 5296 ⁴)
2620 5218 3058 5293 scientibusque
3102 5214 3227 5277 Ed.
3278 5213 3455 5297 Lips.
3506 5214 3560 5293 ⁵)
3606 5219 3731 5277 suis
3762 5219 3823 5276 in
3857 5236 3987 5294 per-

893 5324 1054 5383 sonis
1116 5319 1270 5384 cod.
1329 5318 1466 5382 Lis.
1529 5320 1582 5401 ⁰)
1641 5321 2046 5381 Kerdeiowicz
2104 5317 2232 5380 Ed.
2294 5318 2473 5402 Lips.
2538 5318 2588 5398 ⁷)
2636 5321 2852 5380 Sienno
2904 5314 3058 5382 cod.
3104 5316 3281 5379 Kost.
3330 5316 3381 5395 8)
3426 5318 3779 5378 Ritwianski
3831 5314 3988 5382 cod.

891 5421 1069 5487 Kost.
1115 5424 1444 5487 Ritwanski
1487 5421 1614 5485 Ed.
1662 5420 1838 5507 Lapa.
