4342 6384
365 576 501 678 (Α.
540 577 633 650 D.
678 572 933 675 1420.)
1527 599 1755 650 mmm
1807 599 2268 652 minuemus.
3322 583 3466 654 267

367 784 567 858 verbi
622 783 755 857 Dei
808 783 1075 876 passim
1130 783 1453 857 omnibus
1508 783 1802 858 liberam
1864 783 2487 875 praedicationem,
2556 789 2626 858 et
2679 785 3172 877 temporalium
3228 786 3314 858 ab
3363 808 3468 860 ec-

372 903 612 977 clesiis
667 908 739 976 et
793 905 977 976 clere
1033 903 1491 994 ablationem,
1548 902 1909 977 nobiscum
1964 904 2375 995 practicare.
2445 905 2694 997 Neque
2733 905 2918 978 enim
2956 904 3312 979 Serenitas
3353 912 3474 980 tua

368 1025 613 1116 Regno
670 1023 1047 1096 Behemiae
1100 1044 1237 1095 non
1293 1026 1651 1115 suscepte,
1710 1024 2035 1097 aestimet
2090 1045 2163 1097 se
2219 1025 2540 1118 Regnum
2605 1047 2810 1097 suum
2876 1026 3210 1098 Poleniae
3265 1048 3472 1117 pesse

370 1147 490 1216 aut
556 1145 629 1215 in
695 1163 865 1236 pace
925 1163 1199 1236 regere,
1266 1146 1391 1216 aut
1452 1143 1604 1215 sine
1664 1144 1915 1236 grandi
1975 1165 2386 1236 guerrarum
2425 1145 2479 1235 1)
2545 1145 2843 1218 stridere
2905 1146 3254 1234 obtinere,
3314 1167 3472 1218 cum

367 1262 597 1336 hostis
650 1267 889 1336 noster
940 1262 1330 1336 communis
1386 1263 1881 1355 sigismundus
1935 1265 2123 1352 Rex,
2183 1263 2558 1337 Behemiae
2613 1265 2856 1358 Regno
2894 1267 3284 1354 destructe,
3344 1270 3468 1338 aut

370 1385 621 1456 saltem
660 1387 1024 1476 quassato,
1072 1383 1483 1456 Pelonicum
1522 1387 1722 1455 tuum
1758 1385 2189 1475 pessundare
2220 1383 2282 1473 2)
2339 1383 2716 1476 aspirabit3
2772 1391 3146 1477 postquam
3201 1387 3468 1477 pridem

365 1505 514 1576 lata
560 1508 803 1577 centra
866 1508 1057 1576 tuam
1106 1503 1630 1592 excellentiam,
1688 1508 2027 1595 tuumque
2082 1505 2434 1596 Regnum,
2510 1504 2754 1596 iniqua
2817 1509 2888 1577 et
2944 1505 3208 1577 iniusta
3281 1505 3465 1597 apud

368 1624 902 1696 Wratislaviam
957 1623 1340 1710 sententia,
1397 1623 1560 1715 plus
1617 1623 1983 1716 iniquitati
2048 1625 2538 1712 (ξι-(1011611006,
2607 1646 2816 1716 quam
2863 1629 3024 1697 tuae
3073 1628 3471 1716 compertus

370 1747 479 1816 est
532 1742 851 1815 iustitiae
906 1741 1189 1815 favisse.
1248 1743 1385 1834 Qui
1438 1743 1649 1816 etiam
1688 1744 1949 1816 dudum
1987 1748 2057 1816 et
2092 1766 2279 1817 nunc
2315 1745 2668 1836 praefatos
2706 1745 3101 1818 cruciferos
3137 1745 3212 1817 in
3250 1749 3469 1834 tuam,

368 1862 737 1956 Regnique
799 1863 941 1950 tui,
1008 1863 1471 1954 perditionem
1504 1861 1565 1952 3)
1621 1863 1885 1935 animat
1952 1870 2023 1936 et
2085 1864 2172 1935 ad
2236 1864 2792 1956 belligerandum
2857 1869 3088 1937 tecum
3154 1865 3471 1956 gentium

371 1998 656 2055 suarum
710 1983 989 2055 solatiis
1018 1983 1104 2072 ⁴),
1164 1981 1607 2076 ingeniisque
1662 1988 1735 2055 et
1788 1983 2003 2072 dolis,
2063 1987 2135 2055 et
2188 2003 2604 2075 quacunque
2641 1984 2834 2055 valet
2870 1988 3052 2072 arte,
3111 1985 3468 2056 subornat.

369 2104 563 2176 Haec
614 2103 989 2176 Behemus.
1046 2103 1424 2176 Constabat
1478 2106 1711 2175 autem
1750 2107 1820 2175 et
1857 2103 2224 2176 Zischkam
2260 2103 2322 2192 5)
2379 2107 2449 2176 61
2485 2103 2860 2176 factionem
2899 2103 3085 2194 eius,
3136 2103 3472 2196 legationi

370 2223 535 2295 huic
588 2223 979 2312 adversari,
1036 2223 1159 2315 qui
1214 2222 1459 2296 liberis
1513 2223 1914 2296 hominibus
1968 2223 2232 2316 Regem
2286 2222 2682 2295 habendum
2737 2245 2888 2297 esse
2941 2225 3274 2317 negabat:
3347 2223 3470 2296 sed

372 2342 444 2415 in
498 2343 848 2416 communi
912 2347 983 2414 et
1043 2343 1373 2416 libertate
1436 2343 1815 2416 vivendum
1880 2364 2062 2431 esse,
2136 2343 2496 2434 nullisque
2551 2344 2936 2434 parendum
2993 2342 3472 2416 saecularibus

372 2463 685 2554 Regibus
748 2467 873 2536 aut
934 2462 1385 2553 Principibus
1446 2463 1841 2551 astruebat,
1920 2463 2397 2554 suadebatque
2461 2463 2684 2555 magis
2748 2463 3133 2554 parendum
3196 2463 3472 2554 legibus

374 2604 579 2674 quam
634 2583 973 2676 Regibus,
1028 2583 1305 2674 Hisque
1357 2582 1777 2655 adulterinis
1832 2589 1903 2656 et
1958 2583 2317 2655 simulatis
2375 2583 2809 2656 sermonibus
2860 2583 3275 2655 stolidorum
3311 2584 3468 2654 vul-

371 2701 642 2796 garium
672 2702 737 2793 ⁰)
792 2703 1059 2775 animos
1116 2707 1187 2775 et
1241 2704 1513 2775 favores
1570 2701 1709 2776 sibi
1765 2707 1914 2776 arte
1971 2707 2042 2774 et
2096 2703 2291 2776 vafro
2349 2702 2628 2795 ingenio
2694 2702 3146 2791 conciliabat,
3214 2723 3296 2774 ea
3351 2723 3472 2793 spe

374 2827 441 2895 et
501 2823 895 2916 preposite,
962 2827 1309 2915 quatenus
1372 2843 1714 2895 summam
1777 2821 2059 2914 imperii
2124 2823 2310 2914 apud
2378 2822 2724 2895 Behemos
2801 2821 3084 2894 facilius
3148 2821 3302 2913 ipse
3356 2843 3466 2894 oe·

376 2946 683 3036 cuparet.
3308 2932 3318 2940 ’

581 3063 997 3137 Behemicae
1051 3062 1388 3155 legationi
1444 3062 1881 3136 Wladislaus
1935 3063 2272 3136 Poleniae
2327 3063 2516 3152 Rex,
2573 3061 3076 3136 deliberatione
3125 3083 3283 3134 cum
3322 3061 3471 3134 suis

376 3185 645 3273 habita,
702 3184 777 3256 in
830 3185 1017 3256 hunc
1072 3184 1350 3256 modum
1411 3203 1825 3274 responsum
1878 3183 2187 3256 reddidit
2218 3183 2311 3273 ⁷):
2369 3184 2669 3256 Molesta
2705 3186 2814 3256 est
2849 3181 3086 3271 nobie,
3151 3182 3290 3254 viri
3343 3203 3464 3253 ne-

372 3305 584 3394 bilcs,
645 3303 871 3376 omnis
926 3302 1350 3390 differentia,
1408 3323 1587 3393 quae
1640 3302 1827 3376 inter
1872 3302 2404 3395 sigismundum
2442 3303 2912 3375 Romanorum
2950 3306 3022 3374 et
3057 3302 3463 3394 Hungariae

372 3425 638 3516 Regem
694 3428 764 3496 et
817 3444 943 3496 ves
998 3427 1275 3505 exerta,
1332 3421 1727 3494 invalescit.
1786 3422 1933 3495 Nec
1988 3443 2188 3495 secus
2243 3422 2328 3494 de
2384 3421 2658 3494 damnis
2707 3426 2777 3494 et
2810 3421 3472 3513 depopulationibus

372 3545 664 3629 vestris,
724 3565 932 3635 quam
987 3541 1323 3634 propriis,
1382 3546 1451 3614 et
1506 3541 1866 3633 signanter
1920 3542 2003 3614 de
2056 3542 2352 3615 interitu
2407 3541 2724 3614 civitatis
2759 3541 3170 3632 PragensiS,
3230 3540 3470 3632 singu-

372 3665 509 3738 lari
572 3663 954 3756 affligimur
1016 3663 1284 3751 dolore‚
1354 3681 1623 3734 omnem
1688 3683 1965 3753 operam
2029 3666 2342 3736 nestram
2407 3661 2493 3733 ad
2547 3661 3084 3733 rescindendum
3147 3664 3471 3733 exertum

370 3785 746 3858 dissidium
812 3787 883 3856 et
945 3783 1019 3855 in
1074 3788 1380 3856 vestram
1450 3781 2123 3869 reconciliationem,
2201 3781 2264 3852 si
2338 3780 2536 3853 vobis
2607 3780 3039 3867 collibuerit,
3116 3781 3468 3852 navaturi.

370 3905 543 3977 Cum
600 3910 837 3977 autem
891 3925 1035 3992 ree,
1103 3924 1227 3995 pre
1284 3925 1423 3995 qua
1475 3925 1602 3975 nes
1657 3902 2048 3976 convenitis
2114 3901 2605 3993 supplicande‚
2674 3904 2755 3972 ut
2809 3899 3038 3992 Regni
3093 3899 3472 3972 Behemiae

368 4031 813 4117 acceptemus
876 4025 1217 4117 regimen,
1283 4023 1567 4116 grandis
1623 4027 1695 4095 et
1748 4023 2009 4094 nedesa
2072 4022 2199 4110 sit,
2265 4020 2604 4113 gravique
2671 4019 3174 4092 deliberatione
3229 4022 3462 4111 egeat:

366 4167 511 4217 non
562 4165 939 4237 possumus
994 4143 1067 4216 in
1120 4144 1673 4235 praesentiarum
1710 4144 1796 4215 ad
1834 4143 2066 4230 illam,
2124 4140 2641 4214 consultatione
2689 4161 2845 4213 cum
2885 4139 3296 4211 charissime
3337 4141 3470 4210 fra-

363 4269 479 4338 tre
532 4269 773 4338 nestro
828 4265 1020 4337 Duce
1074 4264 1495 4337 Lithuaniae
1550 4263 1955 4336 Alexandro
2018 4261 2418 4335 Withawde
2482 4260 2786 4352 primum
2842 4280 2981 4331 11011
3034 4259 3309 4346 habita,
3367 4279 3472 4331 re-

364 4386 734 4476 spendere.
801 4385 914 4455 Ad
968 4405 1173 4475 quem
1228 4403 1316 4456 ex
1370 4384 1503 4455 hec
1556 4384 1707 4455 lece
1772 4372 2111 4474 speciales
2177 4380 2498 4468 nuntieS,
2568 4383 2914 4470 quatenus
2981 4378 3344 4452 nobiscum
3399 4378 3474 4450 in

358 4505 527 4577 lece
578 4509 651 4576 et
704 4509 1013 4596 tempere
1066 4507 1229 4594 apte
1284 4503 1686 4590 conveniat,
1744 4501 2213 4589 destinamus3
2281 4521 2408 4573 sua
2460 4500 2662 4573 nobis
2727 4519 2938 4590 super
2988 4518 3064 4570 re
3118 4499 3250 4569 hac
3305 4519 3469 4570 cen-

360 4625 541 4697 silia
591 4622 1002 4716 largiturus,
1058 4623 1347 4696 Duobus
1402 4621 1649 4695 deinde
1714 4622 2181 4694 Behemerum
2245 4619 2548 4707 nuntiiS,
2607 4618 2941 4692 videlicet
2996 4617 3325 4690 Hinkene
3383 4618 3470 4690 de

360 4745 701 4818 Walsten
729 4742 792 4832 8)
850 4749 921 4816 61
974 4742 1256 4815 Simone
1310 4742 1595 4814 consule
1649 4741 2021 4833 Pragensi,
2088 4740 2164 4812 in
2219 4739 2705 4826 Lithuaniam,
2764 4738 2851 4809 ad
2897 4757 3134 4829 parem
3173 4736 3470 4829 legatie-

354 4885 533 4936 nem
594 4862 1001 4937 Alexandro
1064 4861 1461 4934 Withawde
1527 4861 2036 4952 exponendam,
2103 4859 2645 4946 divertentibuS,
2713 4857 2848 4929 due
2919 4855 3217 4944 residui,
3275 4855 3470 4927 Wla-

354 4983 587 5058 dislai
637 4983 984 5077 ,Poleniae
1047 4960 1263 5074 Regis
1330 4981 1795 5069 ordinatione,
1863 4979 1938 5052 in
1992 4978 2531 5071 Nyepelemicze
2593 4977 3086 5063 remittuntur,
3145 4995 3470 5066 procura-

590 5269 640 5356 ¹)
686 5274 972 5334 bellorum
1020 5267 1171 5335 Cod.
1220 5269 1412 5335 Rozr.
1465 5267 1517 5356 ²)
1554 5272 1857 5332 destruere
1893 5265 2045 5332 Ood.
2078 5268 2274 5332 Rozr.
2323 5267 2378 5348 ³)
2421 5268 2741 5345 perniciem
2792 5261 2944 5327 eod.
2979 5261 3172 5325 Rozr.
3221 5261 3276 5340 ⁴)
3311 5267 3473 5325 auxi-

350 5381 457 5440 liis
514 5371 673 5438 Cod.
716 5373 909 5438 Rozr.
960 5373 1011 5453 ⁶)
1059 5375 1320 5452 Zyskam
1368 5370 1523 5437 Cod.
1576 5370 1752 5436 Calv.
1816 5371 1869 5452 ⁶)
1914 5379 1976 5432 61
2018 5371 2353 5450 vulgarium
2395 5367 2524 5432 Ed.
2571 5366 2756 5451 Lipa.
2812 5365 2866 5449 ⁷)
2911 5367 3036 5429 edit
3083 5362 3236 5431 Cod.
3281 5365 3474 5429 Rozr.

354 5481 415 5564 ⁸)
464 5480 807 5542 Valschten
850 5476 978 5540 Ed.
1026 5475 1207 5562 Lipe.
2495 5479 2508 5494 “
