4342 6384
361 584 495 686 (Α.
536 586 627 660 D.
668 583 923 682 1430.)
1499 607 1727 658 mnan
1777 605 2289 659 Duonucmus.
3309 579 3456 650 573

360 793 817 886 Woyewodae
852 793 1241 866 Moldaviae
1279 793 1359 880 ¹),
1418 797 1500 864 nt
1535 791 1609 864 in
1646 790 2097 864 inferioribus
2128 788 2190 879 2)
2245 787 2721 875 narrabimuS‚
2765 787 2970 860 illum
3007 808 3050 858 a
3084 786 3238 858 iure
3275 784 3452 858 elec-

358 913 575 988 tionis
630 912 1033 987 huiusmodi
1088 913 1419 986 exclusit.
1836 923 1854 931 '

516 1267 731 1341 Belias
778 1267 1171 1358 Vosovoda
1215 1267 1559 1340 volscus·
1602 1267 1967 1358 lio-agium
2011 1269 2312 1357 praestat
2357 1263 2708 1338 'ladislao
2754 1263 2940 1354 Regu
2987 1260 3306 1335 lohannes

950 1387 1383 1461 odrcvanscli
1430 1388 1801 1460 nominatur
1843 1387 2366 1477 archiepiscopus
2413 1384 2870 1475 Leopoliensi&

560 1638 953 1709 Atteudens
1010 1636 1445 1710 wladislaus
1482 1637 1638 1710 Rex
1677 1634 2015 1708 Poloniae
2052 1640 2123 1708 et
2160 1634 2550 1707 consiliarii
2590 1633 2746 1722 sui,
2781 1642 3038 1749 terram
3076 1632 3455 1704 Valachiae

357 1761 640 1849 propter
674 1758 967 1830 duorum
1008 1759 1334 1843 fratrum,
1375 1755 1625 1829 Heliae
1660 1762 1733 1829 et
1770 1755 2143 1848 Stephani,
2185 1756 2272 1829 de
2307 1754 2782 1847 praesidentia
2825 1752 3277 1841 certantium,
3336 1775 3480 1855 va·-

358 1877 485 1950 riis
541 1877 751 1950 bellis
806 1885 877 1950 ct
928 1897 1339 1970 guerrarum
1392 1877 1730 1950 deflendis
1786 1877 2084 1952 excidiis
2140 1877 2502 1949 subactam
2551 1867 3134 1966 involutamquc‚‘
3175 1873 3474 1964 saepius·
3541 1969 3548 1978 .

359 1998 513 2071 illic
564 2003 793 2071 certos
848 2019 1011 2070 suos
1068 1996 1413 2070 notabiles
1471 1997 1757 2070 nuntios
1812 2019 1939 2090 pro
1992 1996 2486 2090 reintegranda
2529 2017 2707 2088 opace
2743 1995 2929 2068 inter
2967 1997 3250 2081 fratres,
3293 1993 3452 2066 mit·
3493 2005 3541 2084 ,⁸

359 2125 504 2191 tere
530 2117 838 2207 curavit,
880 2138 1088 2210 quam
1116 2119 1395 2190 volente
1423 2119 1568 2190 Deo
1597 2118 1875 2191 tandem
1905 2116 2445 2205 consummavit,
2487 2121 2558 2188 et
2593 2114 2942 2188 divisione
2978 2119 3204 2188 terrae
3243 2117 3450 2202 facta,

358 2261 567 2312 unam
623 2210 890 2330 partem
946 2238 1300 2330 Stephano
1356 2259 1513 2311 cum
1572 2239 1754 2311 Albo
1808 2239 2049 2312 Castro
2105 2243 2176 2312 et
2228 2242 2437 2330 portu
2493 2235 2742 2324 maris,
2799 2237 3092 2308 alteram
3129 2256 3284 2307 cum
3329 2236 3451 2307 So-

358 2381 585 2432 czawa
638 2364 712 2430 et
763 2357 1059 2432 teloneis
1115 2357 1371 2431 vicinis
1426 2358 1675 2432 Heliae
1732 2358 2085 2432 attribuit.
2151 2359 2261 2432 Ne
2317 2362 2550 2429 tamen
2607 2361 2794 2430 terra
2847 2356 3002 2448 ipsa
3055 2377 3096 2427 a
3133 2354 3454 2427 iurisdic-

360 2479 551 2551 tione
605 2483 677 2550 et
728 2477 1127 2552 obedientia
1190 2500 1319 2550 sua
1372 2501 1453 2551 ac
1506 2479 1735 2572 Regni
1800 2479 1912 2551 sui
1976 2479 2311 2552 Poloniae
2376 2476 2758 2564 excideret,
2825 2475 3204 2568 requisivit
3257 2475 3452 2547 Wla·

358 2598 629 2672 dislaus
684 2599 839 2671 Rex
895 2598 983 2671 ab
1041 2605 1339 2690 utroque
1404 2599 1825 2690 Woycwoda
1885 2599 2286 2692 homagium
2353 2597 2492 2670 sibi
2545 2602 2616 2671 et
2668 2598 2910 2690 Regno
2975 2619 3101 2668 suo
3165 2597 3250 2669 de
3303 2595 3455 2668 iure

358 2718 878 2812 praestandum.
936 2719 1029 2790 Et
1084 2719 1441 2811 Stephano
1506 2737 1632 2810 per
1693 2718 2133 2812 subterfugia
2187 2723 2258 2792 et
2311 2718 2800 2791 excusationes
2865 2718 3195 2790 confictas
3259 2715 3452 2788 diffe-

358 2844 555 2912 rente
585 2837 647 2928 3)
704 2837 1135 2931 homagium,
1195 2839 1443 2911 Helias
1500 2839 1586 2910 ad
1641 2839 2137 2930 praestandum
2195 2839 2378 2912 illud
2433 2860 2508 2911 se
2561 2837 2906 2932 obligavit
2967 2841 3038 2911 et
3092 2835 3452 2909 submisit:

359 2965 643 3052 propter
676 2959 883 3050 quod
936 2960 1195 3031 festum
1252 2959 1491 3032 Sancti
1548 2958 1913 3042 Michaelis
1970 2965 2041 3032 et
2096 2958 2348 3032 civitas
2402 2958 2888 3051 Leopoliensis
2941 2958 3028 3031 ad
3085 2979 3230 3030 rem
3275 2958 3456 3030 hanc

366 3078 982 3153 consummandam
1026 3079 1505 3157 constituitur.
1564 3080 1714 3172 Quo
1750 3077 2196 3168 adveniente,
2257 3077 2692 3152 wladislaus
2747 3080 2902 3152 Rex
2940 3100 3095 3152 cum
3132 3099 3457 3170 germano

360 3223 487 3274 suo
543 3201 735 3273 Duce
789 3198 1182 3288 Kazimiro,
1240 3199 1588 3274 Praelatis
1644 3207 1715 3272 et
1750 3200 2131 3274 baronibus
2168 3199 2396 3292 Regni
2435 3198 2770 3273 Poloniae
2817 3198 3242 3291 primoribus
3280 3200 3452 3271 Leo-

358 3319 579 3414 polim
632 3319 950 3408 advenit,
1008 3320 1247 3412 ibique
1301 3319 1579 3394 Heliam
1638 3320 2149 3413 Woyewodam·
2183 3320 2576 3393 Moldaviae
2623 3341 2780 3394 cum
2819 3319 3142 3392 omnibus
3178 3317 3452 3392 baroni-

358 3442 493 3514 bus
549 3445 621 3513 et
674 3439 1100 3514 consiliariis
1156 3439 1305 3512 suis
1360 3440 1643 3533 reperit.
1711 3440 1963 3533 Itaque
2018 3441 2174 3533 ipso
2211 3439 2324 3514 die
2363 3439 2605 3514 Sancti
2645 3439 3042 3528 Michaelis,
3083 3438 3452 3511 missarum

360 3560 699 3634 solenniis
747 3560 821 3632 in
858 3559 1153 3634 ecclesia
1207 3560 1456 3634 maiori
1510 3561 1959 3654 Leopoliensi
2014 3562 2317 3650 exactis,
2383 3559 2824 3634 Wladislaus
2876 3561 3034 3633 Rex
3088 3581 3245 3632 cum
3299 3581 3450 3652 ger-

362 3703 566 3754 mano
603 3701 729 3753 suo
767 3682 958 3754 Duce
1010 3680 1403 3768 Kazimiro,
1462 3661 1951 3775 Praelatisque
2006 3687 2076 3757 et
2128 3681 2508 3755 baronibus
2555 3681 2780 3774 Regni
2820 3679 3152 3752 Poloniae
3191 3678 3261 3751 in
3301 3679 3454 3750 tha-

358 3803 577 3890 lamo,
636 3801 708 3873 in
764 3801 1077 3874 civitatis
1132 3801 1615 3894 Leopoliensis
1672 3801 1935 3875 circulo
1991 3803 2076 3874 ad
2131 3801 2205 3874 id
2259 3801 2664 3894 specialiter
2707 3802 3108 3874 constructo
3147 3803 3218 3872 et
3253 3819 3449 3872 exor-

360 3924 565 4008 nato,
624 3941 878 3994 corona
915 3928 983 3996 et
1023 3922 1345 3995 omnibus
1401 3921 1713 3995 induviis
1743 3923 1806 4012 4)
1860 3923 2220 4016 regalibus
2266 3920 2681 4014 insignitus,
2722 3920 3068 3994 consedit:
3125 3920 3212 3991 ad
3249 3940 3452 4010 quem

360 4041 609 4115 Helias
666 4041 1083 4133 Woyewoda
1138 4043 1507 4134 splendida
1560 4047 1756 4142 veste
1811 4064 1967 4115 cnm
2025 4043 2178 4116 suis
2229 4042 2521 4135 Boyaris
2561 4047 2632 4114 et
2667 4040 3092 4115 consiliariis
3133 4039 3449 4129 indutuS,

360 4163 659 4234 tenendo
716 4161 1049 4234 banderia
1103 4167 1173 4236 et
1227 4161 1428 4254 signa
1460 4161 1521 4249 5)
1576 4163 1864 4250 bellica,
1931 4184 2109 4255 quae
2166 4169 2334 4234 sunt
2391 4167 2612 4236 terrae
2677 4161 3056 4236 Valachiae
3119 4159 3451 4254 insignia,

356 4281 437 4354 in
490 4280 845 4368 manibus,
902 4282 1340 4370 acced'enteS,
1402 4282 1604 4356 flexis
1649 4282 1949 4376 genibus
1989 4283 2180 4376 facta·
2209 4282 2702 4356 humiliatione
2739 4287 2810 4356 et
2845 4282 3271 4370 reverentia,
3330 4283 3450 4354 ha-

358 4401 559 4474 stilia
610 4401 1098 4474 banderiorum
1154 4401 1227 4474 in
1284 4401 1565 4494 signum
1620 4402 2076 4475 subiectionis
2132 4407 2204 4475 et
2257 4402 2696 4476 obedientiae
2735 4404 3066 4496 frangunt
3101 4408 3172 4475 et
3209 4403 3296 4474 ad
3334 4425 3450 4495 pe-

356 4523 485 4595 des
536 4520 767 4615 regios
821 4521 1233 4613 proficiunt,
1293 4529 1363 4594 et
1418 4522 1886 4595 iuramentum
1940 4522 2194 4596 deinde
2247 4530 2390 4595 tam
2448 4523 2726 4610 Heliae,
2783 4544 2992 4614 quam
3049 4522 3161 4595 sni
3217 4543 3453 4596 omnes

356 4647 721 4736 praestant
774 4643 1161 4734 corporale,
1220 4641 1293 4714 in
1349 4642 1518 4729 fide,
1578 4641 1971 4716 obedientia
2024 4648 2094 4715 et
2149 4641 2582 4716 subiectione
2635 4643 2910 4735 integra
2955 4641 3172 4735 Regis
3209 4647 3280 4715 et
3317 4643 3450 4715 Re-

354 4762 597 4856 guise
634 4766 971 4854 perpetuo
1024 4783 1537 4853 permansuros
1606 4762 1753 4852 Quo
1818 4763 2033 4849 facto,
2082 4764 2272 4851 Rex,
2323 4763 2534 4836 Helia
2587 4764 2673 4835 ad
2727 4762 2920 4855 pacis
2975 4763 3292 4836 osculum
3347 4782 3450 4836 re-

356 4887 562 4975 cepto
593 4884 683 4972 ὅ),
749 4880 1043 4974 Boyaris
1106 4903 1269 4955 vero
1334 4882 1485 4955 suis
1550 4882 1712 4954 data
1774 4884 2055 4971 dextra,
2126 4883 2395 4976 obligat
2451 4905 2526 4956 se
2581 4891 2652 4956 et
2703 4882 3089 4975 promittit,
3154 4903 3273 4955 eos
3327 4903 3452 4974 pro

356 5003 513 5076 suis
566 5008 637 5075 et
690 5001 915 5094 Regni
970 5002 1303 5076 Poloniae
1356 5002 1683 5076 fidelibus
1738 5002 2043 5077 subditis
2097 5004 2503 5077 habiturum
2558 5008 2630 5078 et
2683 5025 2800 5076 eos
2855 5003 2940 5075 ab
2995 5001 3304 5076 hostium
3344 5002 3450 5075 in-

356 5121 647 5196 vasione
701 5122 1183 5209 defensurum
1240 5123 1609 5214 locumque
1662 5121 1773 5194 illi
1831 5122 1904 5195 in
1957 5123 2158 5196 laeva
2213 5123 2454 5197 lateris
2504 5123 2615 5196 sui
2653 5122 3164 5210 immediatum,
3223 5127 3449 5196 caete-

579 5397 629 5475 ¹)
670 5398 1093 5459 Moldaviensis
1136 5394 1264 5458 Ed.
1311 5394 1493 5479 Lips.
1541 5395 1597 5472 2)
1641 5401 1705 5456 ut
1750 5397 1995 5458 iuferius
2039 5393 2167 5458 Ed.
2214 5392 2398 5478 Lips.
2447 5395 2498 5475 ³)
2531 5397 2794 5474 fugiente
2821 5393 2950 5458 Ed.
2983 5393 3165 5479 Lips.
3202 5393 3256 5476 ⁴)
3287 5397 3453 5457 indu-

355 5501 577 5610 mentis
620 5499 746 5563 Ed.
792 5497 974 5584 Lips.
1026 5499 1077 5581 ⁵)
1126 5501 1391 5578 insignia
1436 5495 1589 5562 cod.
1638 5495 1774 5562 Lis.
1822 5496 1875 5574 θ)
1919 5499 2151 5560 Heliam
2183 5499 2262 5560 ad
2295 5501 2458 5577 pacis
2489 5499 2750 5563 osculum
2779 5505 3079 5578 receptum
3110 5495 3238 5562 Ed.
3271 5495 3452 5582 Lipo.
