4342 6384
371 514 504 615 (A.
543 514 633 593 D.
673 511 928 611 1432.)
1534 534 1760 589 umus
1812 534 2273 587 1166666166.
3312 514 3465 587 489

371 722 804 814 cogitabant,
862 726 934 791 61
987 720 1210 791 altera
1261 719 1544 793 residua
1599 719 1972 793 medietate
2028 739 2353 813 aggerem
2407 718 2740 807 transire,
2801 719 2949 791 suis
3006 739 3306 811 quoque,
3346 717 3469 809 qui

377 862 694 933 aggerem
751 839 1208 926 transierant,
1267 838 1600 931 suffragio
1638 860 1816 928 6666,
1875 840 2369 926 contendente,
2428 861 2753 911 curruum
2794 838 3116 911 obstabat
3152 838 3465 929 proprio-

369 982 557 1049 rum,
615 961 797 1033 alter
851 960 1152 1033 alterum
1207 959 1704 1049 prementium,
1748 960 2128 1051 congeries.
2188 958 2567 1033 Occursum
2608 964 2715 1032 est
2762 963 2995 1031 tamen
3050 978 3173 1049 per
3210 958 3470 1048 primos

371 1081 753 1166 Fethkoni‚
829 1084 898 1153 et
963 1084 1302 1171 quantum
1369 1086 1437 1150 et
1502 1080 1836 1171 temporis
1901 1079 2233 1171 angustia
2296 1086 2367 1151 61
2430 1080 2568 1152 1661
2632 1078 2974 1169 iniquitas
3048 1078 3469 1169 patiebatur,

371 1200 832 1273 tumultuarie
887 1200 1070 1272 acies
1127 1200 1496 1271 instructa.
1553 1199 1999 1273 Commititur
2053 1200 2293 1290 itaque
2349 1200 2535 1272 inter
2586 1204 2920 1290 utrosque
2974 1198 3220 1289 ingens
3277 1218 3471 1289 prae-

371 1322 580 1408 lium,
639 1326 711 1392 61
763 1319 973 1393 616111
1027 1321 1358 1392 mortales
1412 1320 1576 1393 hinc
1631 1320 1790 1391 inde
1847 1320 2138 1407 cadunt3
2196 1320 2407 1392 multi
2460 1320 2549 1393 ad
2604 1341 2751 1407 666,
2812 1318 2930 1409 qui
2986 1318 3211 1389 adhuc
3250 1318 3475 1408 ripam

374 1441 704 1513 tenebant
785 1441 1076 1513 alteram
1105 1495 1122 1525 ‚
1188 1439 1572 1531 refugiunt.
1657 1440 1831 1513 Pars
1907 1440 2130 1512 altera
2214 1440 2564 1513 exercitus
2637 1439 2814 1531 regii
2894 1438 3078 1511 nihil
3150 1442 3477 1509 cunctata

376 1560 526 1631 suis
578 1560 654 1632 in
709 1560 1058 1633 auxilium
1113 1559 1442 1633 accurrit.
1518 1560 1610 1631 Et
1663 1560 1917 1633 nedum
1973 1580 2098 1650 per
2151 1561 2306 1631 loca
2360 1559 2694 1651 virgultis
2760 1562 3015 1646 strata,
3074 1579 3159 1631 ex
3216 1557 3473 1648 quibus

373 1701 653 1768 currus„
711 1680 1090 1753 transitum
1147 1700 1384 1751 eorum
1442 1678 1936 1769 impedientes,
1993 1679 2064 1751 in
2105 1700 2358 1771 aquam
2413 1684 2483 1752 et
2528 1680 2757 1751 lutum
2814 1677 3313 1769 praecipitant,
3356 1677 3475 1748 sed

376 1805 448 1872 et
481 1822 606 1891 per
641 1801 794 1873 loca
849 1822 1112 1890 aquosa
1165 1804 1234 1872 61
1271 1798 1688 1890 paludinosa
1751 1804 1822 1871 61
1885 1821 2132 1891 aquam
2190 1799 2535 1892 piscinae,
2592 1820 2771 1890 quae
2825 1799 3188 1889 congelata
3226 1796 3493 1869 debili--

375 1926 484 1993 ter
538 1920 1064 1993 multitudinem
1119 1922 1574 2012 glomeratam
1643 1920 2069 2009 sustinebat,
2127 1920 2281 1993 suis
2336 1920 2408 1993 in
2446 1920 2797 1992 auxilium
2852 1918 3181 1991 accurrit:
3236 1939 3479 2008 parum

376 2047 610 2112 tamen
665 2040 926 2127 abfuit,
985 2040 1154 2130 quin
1210 2039 1497 2110 violatis
1553 2040 1926 2131 fragilibus
1965 2039 2355 2131 glaciebuS,
2414 2040 2943 2113 suffocarentur.
3002 2039 3283 2129 Singuli
3320 2039 3469 2129 gla-

379 2159 554 2232 ciem
611 2159 1079 2252 supergressi,
1139 2164 1208 2231 61
1261 2159 1602 2250 praelium
1660 2160 1743 2231 de
1782 2158 2084 2251 integre,
2141 2160 2329 2251 (111611
2363 2162 2627 2251 hostes,
2658 2160 2797 2233 iam
2854 2159 3131 2232 finitum
3188 2158 3469 2229 creden-

380 2283 522 2368 tes,
582 2300 828 2351 manus
890 2300 1178 2369 rapaces
1245 2279 1318 2351 in
1373 2301 1619 2351 currus
1683 2283 1755 2351 et
1819 2279 2046 2371 spolia
2110 2280 2535 2355 Polonorum
2602 2279 3021 2365 iniecerant,
3088 2282 3477 2351 resumunt.

381 2404 627 2491 Aequo
683 2400 904 2471 Marte
960 2400 1165 2488 longo
1221 2403 1532 2489 tempore
1587 2402 1931 2471 certatum
1988 2403 2128 2488 est,
2187 2420 2313 2473 nec
2350 2420 2511 2491 pars
2568 2400 2807 2490 aliqua
2860 2397 3103 2489 pedem
3162 2398 3317 2469 visa
3373 2400 3481 2469 661

381 2521 668 2592 referre:
727 2518 1055 2610 quoniam
1111 2518 1396 2591 Polonis
1463 2519 1860 2592 constantia
1923 2525 1994 2592 et
2047 2520 2437 2592 recordatio
2490 2520 2875 2593 recentium
2941 2518 3477 2608 triumphorum.

382 2640 735 2711 Fethkoni
789 2638 1252 2712 numerositas
1309 2659 1624 2727 suorum,
1684 2639 1952 2711 animos
1991 2640 2273 2713 dabant.
2331 2639 2582 2713 Poloni
2620 2640 2753 2712 etsi
2808 2659 3059 2730 magna
3112 2636 3184 2708 vi
3226 2635 3479 2723 adnisi,

384 2758 902 2832 memorabilem
957 2758 1030 2831 in
1086 2759 1408 2831 hostibus
1477 2759 1755 2833 caedem
1813 2760 2126 2849 ederent,
2194 2760 2649 2833 multitudine
2702 2764 2937 2831 tamen
2991 2758 3229 2830 hostes
3296 2756 3480 2843 freti,

383 2880 532 2953 acie
570 2880 994 2951 Polonorum
1047 2881 1393 2970 perfracta
1447 2884 1518 2952 et
1551 2901 1786 2971 pugna
1827 2881 1912 2969 1),
1969 2881 2175 2973 quasi
2214 2880 2353 2953 iam
2392 2879 2819 2952 debellatum
2857 2880 3036 2951 foret
3065 2875 3152 2965 2),
3209 2876 3480 2964 relicta,

385 2999 476 3072 ad
529 2998 931 3091 spoliandos
985 3020 1230 3071 currus
1285 3005 1652 3090 proruunt.
1730 3000 2025 3097 Interim
2078 3000 2521 3093 providentia
2574 2999 2847 3088 divina,
2904 3020 3088 3070 unus
3144 3010 3231 3070 e'x
3285 3017 3482 3088 prae-

385 3119 592 3192 fectis
647 3119 997 3193 exercitus
1052 3119 1262 3211 regii,
1321 3120 1671 3207 Kemlicz‚
1731 3120 1840 3191 111·
1894 3120 2278 3213 singularis
2332 3118 2805 3193 animositatis
2860 3124 2933 3191 61
2986 3118 3309 3204 11116116,
3360 3116 3482 3207 (161

385 3261 544 3313 6661
598 3244 877 3312 centum
943 3240 1144 3331 equis
1207 3240 1651 3331 pabulatum,
1718 3241 2267 3333 praedatumque
2331 3241 2590 3328 iverat,
2658 3260 2826 3311 casu
2900 3239 3341 3329 supervenit3
3415 3242 3484 3310 61

386 3358 794 3451 intelligens
861 3380 947 3433 ex
1010 3360 1541 3433 vociferantium
1605 3362 1937 3448 clamore,
2013 3361 2473 3453 clangoreque
2536 3359 2989 3433 buccinarum
3054 3364 3126 3431 et
3189 3361 3482 3451 fragore,

387 3478 824 3571 stridoreque
879 3500 1258 3568 armorum,
1317 3479 1658 3570 praelium
1695 3480 1845 3571 agi,
1903 3480 2259 3554 celerrime
2296 3479 2631 3568 accurrit,
2690 3479 3019 3571 tubisque
3054 3499 3297 3551 canere
3334 3498 3484 3551 coe-

386 3600 521 3691 pit.
597 3599 902 3690 9661616
958 3600 1193 3671 666116
1255 3600 1494 3671 1166166
1547 3599 1820 3686 audito,
1889 3620 2098 3691 quam
2152 3598 2569 3692 gravissime
2629 3599 3161 3690 perturbantur3
3236 3598 3487 3670 Poloni

389 3740 554 3791 1616
617 3719 1096 3811 161616316116,
1162 3719 1678 3810 resumptisque
1742 3719 2044 3807 11111166,
2116 3720 2299 3811 quod
2362 3720 2773 3811 plerumque
2836 3719 2911 3792 in
2966 3740 3089 3811 spe
3150 3718 3487 3791 victoriae

389 3839 706 3913 accidere
761 3840 1158 3927 666666111,
1217 3838 1446 3911 acrius
1501 3839 1792 3930 pavidos
1851 3845 1920 3913 61
1973 3841 2454 3931 perturbatos,
2522 3860 2601 3913 ac
2656 3839 3062 3930 spoliationi
3118 3838 3483 3931 quadriga-

388 3981 546 4031 rum
604 3958 946 4048 intentos,
1012 3959 1422 4051 impugnare
1489 3966 1886 4051 coeperunt.
1971 3962 2233 4035 Hostes
2298 3960 2608 4051 undique
2672 3958 3162 4049 circumventi,
3228 3958 3487 4050 partim

387 4079 612 4167 caesi,
669 4080 925 4170 partim
983 4100 1072 4153 ex
1127 4079 1446 4152 curribus
1502 4080 1708 4153 eiecti
1738 4079 1823 4169 3).
1907 4080 2227 4153 Kemlicz
2283 4084 2513 4153 autem
2570 4080 2847 4153 venisse
2900 4101 3039 4152 11611
3095 4082 3486 4167 666166166,

385 4200 605 4273 etiam
669 4220 826 4272 cum
893 4200 1042 4273 suis
1109 4204 1304 4291 terga
1366 4199 1677 4273 hostium
1741 4199 2045 4272 invadit:
2121 4201 2613 4291 tumultusque
2674 4200 2894 4272 maior
2949 4199 3111 4272 inde
3174 4204 3485 4286 61161166,

383 4341 548 4392 cum
605 4319 986 4392 multitudo
1043 4319 1288 4411 ingens
1330 4320 1746 4409 crederetur,
1805 4320 2192 4393 exercitum
2230 4320 2618 4393 Fethkonis
2675 4320 2898 4411 primo
2936 4319 3284 4405 turbavit,
3326 4339 3489 4391 mox

384 4441 472 4513 in
525 4440 760 4531 fugam
825 4440 1065 4512 vertit.
1124 4440 1392 4513 Solutis
1457 4438 1802 4530 siquidem
1869 4439 2262 4527 ordinibuS,
2319 4461 2475 4512 cum
2542 4445 2611 4513 et
2675 4462 2715 4512 a
2778 4444 2975 4533 tergo
3040 4443 3109 4512 et
3171 4461 3211 4511 a
3268 4440 3491 4511 fronte

388 4562 695 4634 instaret
768 4560 1112 4646 PolonuS,
1188 4559 1536 4632 sustinere
1612 4560 1926 4631 Rutheni
1993 4564 2064 4633 et
2125 4560 2450 4633 Thartari
2524 4561 2862 4652 impetum
2934 4582 3073 4632 non
3144 4560 3486 4646 valentes,

391 4679 947 4769 dissipabantur.
1003 4678 1271 4752 Deinde
1309 4678 1668 4752 ordinibus
1706 4680 2103 4767 rarefactiS,
2159 4680 2403 4771 pedem
2458 4672 2866 4768 referenteS,
2922 4679 3289 4753 victoriam
3329 4698 3487 4751 con·-

393 4800 690 4887 cedunt,
751 4804 820 4871 et
873 4798 948 4871 in
1004 4798 1238 4890 fugam
1295 4800 1554 4891 sparsi,
1613 4821 1749 4891 quo
1803 4822 2147 4893 quemque
2202 4821 2353 4872 sors
2408 4801 2703 4889 ferebat,
2761 4800 3191 4873 dilabuntur.
3252 4800 3491 4873 Strata
3612 4866 3635 4883 ,

395 4923 603 4993 erant
657 4922 728 4991 et
780 4918 1185 5009 corporibus
1241 4925 1309 4991 et
1345 4919 1553 4993 rebus
1608 4919 1894 5009 itinera,
1953 4940 2128 5011 quae
2166 4919 2522 5011 copiarum
2579 4925 2649 4992 et
2686 4920 3037 4993 exercitus
3091 4919 3302 4992 duces
3350 4919 3487 4990 col-

387 5040 621 5131 ligere
675 5038 1060 5111 victoribus
1114 5038 1479 5129 vetabant,
1539 5040 1659 5113 sed
1716 5041 2042 5113 insistere
2091 5040 2527 5133 fugientibus
2589 5040 3074 5113 hortabantur.
3131 5038 3279 5114 Nec
3324 5059 3489 5131 gen-

387 5165 510 5233 tes
565 5159 795 5251 regiae
851 5160 1321 5231 detrectavere
1378 5159 1775 5252 imperium,
1835 5160 1954 5233 sed
2010 5161 2331 5233 omnibus
2388 5160 2682 5233 sarcinis
2749 5166 2817 5233 et
2873 5160 3119 5252 spoliis
3182 5158 3494 5231 hostium

621 5416 667 5497 ¹)
711 5436 912 5494 pugna
958 5435 1192 5493 quoque
1248 5414 1400 5477 Ood.
1458 5413 1635 5477 Oalv.
1683 5414 1734 5489 ²)
1783 5422 1944 5478 esset
1987 5410 2140 5478 Cod.
2188 5413 2379 5478 Rozr.
2429 5415 2481 5495 ³)
2526 5416 2701 5479 eiecti
2744 5404 2900 5478 sunt.
2948 5410 3102 5477 Cod.
3147 5412 3341 5479 Rozr.

454 5571 504 5617 J.
531 5570 721 5618 mago..
747 5570 870 5611 nist.
897 5570 1056 5609 Polou.
1085 5570 1134 5611 ’1.
1162 5569 1240 5609 1v.
3117 5548 3186 5604 62
