4342 6384
899 501 1050 576 436
2071 514 2298 576 menn
2348 522 2805 576 unnncnms.
3456 496 3591 600 (Α.
3632 498 3723 573 D.
3764 495 4002 597 1⁴31.)

903 821 1219 894 lohannes
1265 823 1530 894 Straseh
1575 822 1658 894 do
1701 822 2112 912 Bnlaczov,
2166 823 2277 912 qni
2334 821 2631 910 sophim
2673 821 2983 912 Reginam
3028 821 3112 893 de
3155 821 3477 892 adulterio
3520 821 4005 906 diffamaverat,
4086 911 4093 922 .

1580 944 1650 1014 in
1695 960 2014 1018 0111οο10111
2059 942 2396 1014 coniectus
2438 942 2611 1014 famo
2655 959 2824 1031 peno
2869 941 3299 1032 extinguitur.

1106 1190 1194 1262 In
1247 1189 1484 1262 eadem
1537 1190 1825 1282 insuper
1877 1190 2335 1263 conventione
2390 1189 2941 1263 Sandomiriensi
2994 1188 3269 1283 ¹Sophia
3333 1188 3671 1261 Poloniae
3724 1188 4009 1280 Regina

905 1331 1232 1401 magnum
1287 1309 1790 1402 indignationis
1845 1311 2166 1383 nubilum
2224 1317 2465 1382 contra
2515 1311 2901 1382 Iohannem
2956 1308 3245 1381 Strasch
3294 1309 3381 1382 de
3418 1309 3834 1401 Byalaczew
3872 1307 4006 1380 mi-

907 1429 1104 1502 litem
1160 1428 1244 1500 de
1297 1428 1497 1501 domo
1553 1428 1964 1502 Odrowansz
2019 1449 2299 1523 gerens,
2358 1429 2561 1521 quasi
2608 1429 2831 1521 ipsam
2870 1449 3101 1502 coram
3138 1430 3329 1502 Duce
3365 1427 3793 1500 Lithuaniae
3832 1428 4009 1500 olim

909 1548 1310 1620 Alexandro
1347 1553 1418 1621 et
1453 1550 1802 1622 Praelatis
1857 1554 1926 1622 et
1978 1550 2356 1623 baronibus
2413 1549 2865 1636 Lithuaniae,
2925 1550 3011 1621 de
3046 1548 3559 1622 incontinentia
3593 1549 3833 1640 palam
3871 1547 4008 1620 dif-

909 1669 1272 1758 famasset,
1330 1669 1442 1742 ius
1497 1669 1634 1742 sibi
1689 1675 1930 1743 contra
1982 1669 2221 1756 illum,
2279 1670 2447 1742 lic-et
2503 1669 2575 1742 id
2612 1669 2847 1741 sanior
2884 1675 2953 1742 et
2992 1669 3212 1742 maior
3246 1669 3730 1741 Praelatorum
3771 1673 3846 1741 et
3880 1669 4003 1740 ba·
4133 1649 4135 1652 ’

907 1810 1155 1862 renum
1212 1811 1374 1880 pars
1430 1789 1898 1876 dissuaderet,
1954 1789 2165 1881 petiit
2216 1811 2341 1882 per
2395 1788 2865 1862 Wladislanm
2920 1790 3182 1881 Regem
3238 1788 3535 1862 decerni.
3594 1789 3735 1879 Qui
3778 1789 4012 1880 preci·

910 1908 1044 1982 bus
1101 1909 1250 1982 suis
1307 1931 1652 1998 annuen8‚
1709 1911 1822 1981 ius
1877 1909 2062 1982 locat
2115 1909 2456 1998 militare,
2515 1915 2585 1982 et
2637 1910 2927 1982 Petrum
2974 1909 3059 1981 de
3098 1908 3417 1982 Widawa
3469 1908 3773 1981 iudicem
3818 1909 4013 1981 Sira-

913 2029 1255 2115 diensem,
1339 2051 1463 2120 pro
1537 2029 1766 2102 iudice
1839 2029 2233 2102 constituit.
2308 2031 2520 2121 Apud
2592 2051 2796 2121 quem
2870 2029 3133 2119 Sophia
3202 2029 3478 2120 Regina
3547 2050 3671 2120 per
3734 2028 4017 2120 aliquot

916 2147 1248 2236 baroneS,
1305 2149 1632 2222 videlicet
1667 2150 2038 2224 Albertum
2085 2151 2358 2241 Malsky
2422 2150 2885 2223 castellanum
2945 2148 3505 2236 Lanciciensem,
3562 2154 3733 2222 tnnc
3790 2147 4012 2240 magi-

915 2274 1139 2341 strum
1195 2269 1426 2342 curiae
1481 2291 1678 2358 suae,
1736 2269 1905 2344 item
1961 2270 2393 2362 Msczugium
2442 2270 2526 2344 de
2564 2268 2851 2356 Skrzin,
2906 2269 3073 2340 item
3112 2269 3533 2342 Clementem
3570 2267 4017 2340 Wantrobka
4161 2301 4166 2340 a

915 2389 1000 2462 de
1063 2389 1441 2477 Strzelcze‚
1506 2390 1678 2462 item
1739 2391 2026 2462 Petrum
2090 2390 2485 2480 Kurowsky
2552 2395 2623 2462 et
2690 2389 2903 2476 alios,
2972 2389 3327 2480 querelam
3394 2409 3592 2460 suam
3654 2388 4011 2480 proponit,

915 2508 1332 2602 singillatim
1385 2510 1757 2599 deducens,
1812 2510 2197 2582 Iohannem
2251 2509 2540 2582 Strasch
2602 2509 2829 2600 ipsam
2884 2507 3377 2599 multipliciter
3421 2508 3509 2580 de
3562 2507 3799 2599 stupri
3850 2529 4010 2579 0011-

915 2629 1285 2702 suetudine
1341 2651 1466 2702 suo
1523 2650 1638 2704 ore
1690 2629 2118 2716 diffamasse,
2178 2628 2473 2701 offerens
2528 2649 2602 2701 se
2656 2628 2962 2701 testibus
3016 2628 3090 2700 id
3130 2629 3182 2717 ¹)
3237 2628 3721 2720 probaturam3
3782 2627 3911 2700 sed
3948 2636 4019 2699 et

915 2748 1179 2821 milites
1231 2749 1574 2840 praedicti
1635 2747 2096 2822 diffamationi
2149 2747 2555 2820 huiusmodi
2610 2769 2684 2821 se
2738 2747 3145 2822 interfuisse
3198 2747 3729 2840 profitebantur.
3804 2749 4017 2820 Prae·

920 2869 1108 2940 fatus
1164 2872 1398 2942 autem
1451 2870 1802 2941 Iohannes
1859 2867 2181 2957 Strasch‚
2238 2868 2324 2941 ab
2380 2869 2701 2941 omnibus
2770 2867 3049 2959 quidem
3104 2867 3641 2960 consanguineis
3699 2873 3774 2940 et
3830 2867 4019 2940 notis

920 2989 1270 3075 desertus,
1329 2993 1399 3062 et
1451 2989 1734 3061 nonnisi
1787 2988 1872 3061 ab
1925 3011 2064 3060 nno
2119 2991 2335 3062 fratre
2388 2991 2701 3062 Iohanne
2754 2989 2953 3082 nigro
3009 2988 3301 3061 Strasch
3354 2986 3675 3074 adiutus,
3742 2991 3857 3059 tot
3908 3009 4013 3060 re·

925 3107 1322 3199 spondendo
1362 3109 1697 3199 querelis,
1756 3129 1898 3181 una
1935 3109 2411 3181 tantummodo
2450 3108 2537 3180 ad
2576 3108 2857 3200 singula
2892 3105 3415 3180 accusationum
3452 3105 3687 3198 capita
3722 3127 4019 3197 respon-

927 3227 1124 3299 sione
1177 3228 1533 3317 utebatur‚
1591 3249 1906 3302 asserens
1962 3250 2037 3301 se
2071 3249 2429 3319 nunquam
2492 3227 2897 3300 huiusmodi
2958 3227 3213 3319 probra
3274 3232 3344 3299 et
3398 3225 3707 3299 facinora
3760 3225 3839 3298 in
3894 3226 4020 3299 So-

925 3347 1164 3440 phiam
1220 3347 1561 3440 Reginam
1597 3353 2130 3435 commentasse,
2179 3353 2469 3440 paratus
2507 3347 2975 3421 accusationis
3014 3367 3181 3420 suae
3218 3345 3491 3419 facinus
3527 3347 3683 3419 iure
3718 3346 4023 3419 militari

925 3467 1224 3541 diluere:
1282 3467 1606 3555 offerens,
1664 3489 1910 3540 manus
1964 3469 2255 3541 dextrae
2309 3467 2784 3561 protensione,
2851 3467 3003 3539 iure
3064 3470 3439 3558 purgatus,
3506 3487 3663 3538 cum
3704 3465 4025 3557 quolibet

927 3591 1328 3661 accusatore
1382 3588 1604 3660 duelli
1657 3609 1962 3681 pugnam
2017 3610 2090 3662 se
2145 3587 2511 3660 initurum.
2568 3586 2827 3660 Verum
2865 3588 3029 3659 dum
3065 3607 3267 3659 nemo
3304 3606 3394 3658 ex
3428 3586 3817 3659 baronibus
3856 3607 4023 3679 que·

927 3708 1326 3781 rulantibus
1380 3709 1803 3800 palaestram
1855 3708 2077 3782 duelli
2132 3709 2511 3800 acciperet,
2570 3707 2976 3780 Straschoni
3014 3708 3327 3798 praefato
3374 3706 3703 3798 purgatio
3748 3727 3879 3797 per
3914 3705 4023 3778 iu·

931 3827 1154 3901 dicem
1205 3829 1482 3901 decreta
1535 3833 1673 3902 est:
1731 3850 1937 3919 qnam
1995 3845 2031 3902 e
2087 3828 2383 3921 vestigio
2439 3827 2829 3900 iuramento
2884 3826 3226 3919 corporali
3290 3825 3627 3917 explevit.
3685 3826 3883 3919 Rege
3918 3831 4021 3897 ta·

931 3968 1089 4020 men
1154 3948 1555 4036 mandante,
1625 3948 1914 4021 Strasch
1975 3948 2126 4040 ipse
2191 3949 2263 4020 in
2332 3947 2580 4020 turrim
2646 3946 2861 4020 castri
2916 3944 3539 4034 Sandomiriensi8‚
3596 3945 3803 4018 cuius
3861 3951 4029 4018 tunc

933 4068 1282 4140 Iohannes
1335 4067 1420 4140 de
1475 4067 1775 4140 Oziszow
1829 4073 1979 4141 erat
2032 4068 2474 4159 capitaneus,
2531 4073 2602 4140 et
2655 4069 2729 4140 in
2785 4067 2937 4141 eius
2994 4067 3281 4139 fundum
3340 4067 3671 4139 detrusus
3708 4069 3855 4154 est,
3908 4087 4027 4138 cu·

933 4187 1048 4260 ins
1099 4185 1396 4259 notabili
1451 4191 1760 4278 tempore
1789 4187 1850 4279 ²)
1909 4187 2267 4261 sustinens
2322 4187 2714 4275 molestias,
2772 4208 3017 4278 parum
3055 4187 3313 4274 abfuit,
3371 4191 3453 4258 ut
3488 4185 3643 4258 illic
3690 4207 3832 4257 non
3872 4206 4025 4277 per·

935 4307 1070 4381 iret
1099 4305 1188 4397 ³).
1244 4307 1354 4378 Ex
1409 4306 1822 4380 carbonibus
1877 4308 2062 4380 enim
2117 4307 2338 4395 vivis,
2397 4308 2518 4399 qui
2574 4307 2685 4380 illi
2742 4306 3351 4394 ministrabantur,
3408 4327 3627 4396 vapor
3673 4310 3747 4378 et
3794 4308 4029 4377 fumus

937 4433 1258 4514 exortus,
1315 4427 1564 4500 turrim
1601 4428 1909 4518 replens,
1965 4448 2292 4519 puerum,
2351 4427 2468 4518 qui
2510 4448 2740 4500 secum
2772 4428 2835 4516 4)
2891 4433 3071 4514 erat,
3130 4425 3474 4513 extinxit,
3530 4425 4031 4498 Straschonem

944 4549 1182 4641 ipsum
1211 4547 1273 4638 ⁵)
1345 4548 1606 4639 absque
1677 4547 1918 4636 dubio,
1977 4547 2040 4620 si
2091 4569 2233 4619 non
2295 4547 2614 4621 celeriter
2674 4547 2759 4618 de
2824 4545 3003 4618 turri
3066 4546 3451 4618 semivivus
3504 4550 3575 4618 et
3627 4545 3753 4616 vix
3812 4546 4035 4618 adhuc

941 4668 1216 4761 spirans
1288 4671 1466 4742 foret
1501 4667 1565 4758 ⁶)
1639 4672 2031 4757 extractus,
2104 4688 2319 4760 prope
2390 4669 2629 4740 horam
2704 4667 3147 4739 extincturus
3190 4667 3277 4755 ⁷).
3355 4667 3609 4756 Itaque
3680 4665 4035 4737 Iohannes

941 4790 1261 4877 Strasch,
1319 4789 1383 4861 si
1435 4809 1678 4860 verum
1733 4788 2090 4860 fatendum
2144 4795 2285 4876 est,
2345 4788 2786 4860 inimicorum
2842 4786 3203 4860 molitione
3258 4790 3329 4859 et
3382 4805 3623 4876 opera,
3684 4807 3813 4857 nec
3860 4785 4033 4857 satis

941 4907 1415 4982 criminationi
1469 4909 1697 4980 fuerat
1753 4927 1878 4980 nee
1933 4908 2281 5000 supplicio
2338 4914 2728 5000 exemptus,

1159 5200 1204 5280 ¹)
1247 5202 1310 5261 id
1354 5202 1549 5279 ipsum
1589 5197 1717 5262 Ed.
1763 5197 1944 5282 Lipa.
1994 5194 2050 5282 ²)
2095 5199 2199 5260 ubi
2242 5199 2489 5260 notabili
2534 5202 2796 5274 tempore
2840 5197 3168 5256 carcerales
3218 5188 3369 5257 Cod.
3418 5191 3611 5254 Rozr.
3662 5191 3713 5270 ³)
3760 5194 3903 5270 quin
3932 5211 4037 5268 pe-

943 5305 1103 5365 riret.
1166 5299 1316 5366 0011.
1375 5302 1568 5366 Rozr.
1631 5300 1687 5382 ⁴)
1747 5322 1878 5364 cum
1921 5323 1992 5364 00
2041 5297 2194 5365 Cocl.
2258 5299 2447 5363 Rozr.
2512 5299 2565 5375 ⁶)
2614 5298 3151 5374 Straschonemqne
3209 5299 3401 5374 ipsum
3446 5315 3567 5356 una
3632 5291 3786 5359 Cod.
3846 5292 4041 5356 Rozr.

948 5403 1006 5491 ⁸)
1054 5415 1113 5469 et
1155 5409 1255 5468 vix
1298 5410 1416 5468 iam
1461 5409 1721 5488 spirans,
1767 5411 1926 5469 esset
1973 5401 2124 5468 cod.
2171 5403 2364 5467 Rozr.
2416 5402 2467 5483 ⁷)
2516 5403 2968 5480 extinguendus.
3020 5395 3173 5463 Cod.
3220 5397 3396 5462 Kost.
