4342 6384
868 545 1018 619 676
2040 569 2266 623 mann
2318 570 2828 623 Duonncnms.
3399 546 3533 648 (Α.
3572 547 3663 622 D.
3707 542 3970 645 1442.)

866 752 1017 825 eius
1073 757 1349 845 reparat
1404 758 1475 826 et
1530 754 1901 825 instaurat.
1960 755 2256 827 Interim
2313 755 2554 827 Simon
2591 755 2960 846 Agriensis
3017 756 3384 847 episcopus
3439 777 3596 828 cum
3643 756 3966 829 exercitu

870 874 1365 965 Hungarorum
1421 873 1853 946 tardiuscule
1906 874 2132 963 venit,
2191 880 2452 961 castro,
2512 874 2627 947 cui
2680 876 2956 948 laturus
3013 880 3162 948 erat
3217 875 3597 963 auxilium,
3661 896 3790 966 per
3845 874 3964 947 de-

866 992 1201 1063 ditionem
1257 992 1547 1079 amisso3
1624 994 1738 1064 cui
1804 995 2150 1067 Iohannes
2217 994 2563 1083 Giskra1)
2629 996 2870 1067 volens
2937 998 3160 1067 facere
3223 995 3732 1081 resistentiam,
3803 1016 3966 1065 cnm

846 1100 1191 1203 'gentibus
1249 1112 1396 1183 suis
1454 1113 1727 1185 obviam
1782 1113 1854 1184 in
1910 1135 2228 1204 campum
2285 1115 2626 1205 processit
2691 1120 2760 1187 et
2815 1115 3182 1207 confligere
3237 1115 3384 1186 acie
3440 1135 3596 1185 cum
3651 1115 3782 1185 illo
3847 1113 3962 1185 de·

866 1232 1227 1319 liberavit,
1286 1237 1356 1303 et
1410 1232 1580 1305 licet
1632 1234 2085 1305 hebdomadis
2142 1234 2414 1324 aliquot
2467 1232 2784 1326 utraque
2820 1240 3049 1306 castra
3103 1234 3566 1306 consisterent
3629 1240 3699 1305 et
3761 1253 3962 1324 prae·

866 1352 1061 1423 ludia
1122 1352 1581 1425 certaminum
1656 1354 1840 1424 inter
1914 1374 2029 1424 eos
2104 1354 2380 1441 fierent,
2457 1375 2812 1444 nunquam
2882 1357 3117 1426 tamen
3191 1353 3594 1425 fastidiente
3664 1357 3966 1443 utroque

868 1472 1213 1559 exercitu,
1272 1473 1455 1545 acies
1513 1492 1922 1565 congressae
1978 1477 2166 1543 sunt.
2227 1472 2467 1545 Simon
2523 1474 2700 1545 forte
2755 1475 2903 1545 suis
2960 1473 3353 1561 diffidebat,
3409 1474 3762 1545 Iohannes
3801 1470 3963 1546 Gis-

865 1593 991 1663 kra
1021 1590 1081 1680 2)
1140 1592 1533 1680 verebatur,
1592 1615 1678 1663 ne
1735 1592 1796 1663 si
1851 1592 2301 1665 dimicatione
2359 1594 2868 1682 succumberet,
2929 1615 3164 1666 omnes
3223 1614 3588 1667 successus
3643 1614 3808 1665 suos
3847 1613 3967 1663 su-

864 1711 1257 1801 perioribus
1322 1712 1525 1783 annis
1590 1712 1901 1797 habitos,
1978 1733 2117 1783 uno
2183 1712 2296 1785 die
2361 1712 2755 1801 damnaret,
2823 1718 2894 1786 et
2955 1713 3247 1804 proinde
3311 1732 3552 1803 campo
3609 1712 3964 1799 secedens,

868 1830 941 1902 in
997 1830 1385 1903 Koschicze
1416 1828 1476 1918 3)
1532 1851 1687 1902 cum
1725 1830 2055 1921 gentibus
2108 1831 2263 1903 suis
2319 1852 2392 1903 se
2428 1832 2710 1923 recepit.
2768 1833 3184 1923 Interpositi
3221 1835 3386 1903 sunt
3439 1834 3673 1904 autem
3725 1832 3970 1923 plures

868 1953 1213 2021 tractatus
1269 1949 1353 2020 de
1408 1970 1609 2040 pace,
1668 1954 1737 2021 et
1790 1955 1951 2039 post
1988 1952 2248 2022 multos
2303 1951 2470 2022 hinc
2524 1951 2683 2023 inde
2720 1953 2992 2024 labores
3049 1952 3290 2024 Simon
3346 1951 3714 2042 episcopus
3755 1949 3966 2042 Agri·

871 2070 1064 2141 ensis
1120 2070 1503 2141 Iohannem
1560 2068 1815 2141 Giskra
1842 2070 1906 2158 4)
1964 2068 2101 2141 sibi
2156 2070 2518 2157 conciliat,
2575 2092 2702 2143 nec
2755 2072 2828 2142 in
2883 2072 3183 2144 amicum
3239 2072 3500 2158 solum,
3561 2071 3682 2142 sed
3735 2070 3812 2141 in
3847 2091 3968 2162 ge-

870 2210 1113 2260 nerum
1171 2192 1239 2259 et
1294 2190 1571 2260 affinem
1628 2189 1833 2259 illum
1887 2190 2183 2279 recepit,
2242 2195 2312 2261 et
2349 2196 2628 2281 neptem
2686 2213 2883 2263 suam
2921 2212 3351 2283 germanam,
3407 2190 3625 2261 filiam
3682 2190 3971 2281 Georgii

873 2309 956 2380 de
1014 2308 1363 2394 WronOW,
1426 2307 1563 2379 sibi
1618 2307 1689 2378 in
1743 2329 2035 2379 uxorem
2092 2309 2498 2399 desponsat,
2558 2310 2974 2381 existimans
3028 2331 3152 2400 per
3205 2311 3337 2382 hoc
3389 2310 3670 2399 plenam
3723 2330 3970 2399 pacem

871 2428 945 2499 in
1000 2427 1239 2519 Regno
1295 2426 1699 2518 Hungariae
1754 2430 2111 2515 conficere,
2172 2429 2476 2500 nondum
2534 2429 3001 2501 Bohemorum
3055 2428 3336 2520 ingenia
3373 2432 3729 2518 expertus
3788 2428 3968 2499 The-

870 2548 1159 2639 lephum
1214 2550 1283 2619 et
1338 2568 1573 2619 omnes
1630 2549 1975 2621 Bohemos
2032 2554 2101 2620 et
2138 2548 2593 2621 Austrienses
2633 2554 2792 2621 ante
2829 2548 3119 2641 Agriam
3157 2552 3428 2639 captos,
3481 2547 3728 2634 solvit,
3788 2568 3825 2619 e
3858 2568 3969 2618 re-

872 2668 1077 2761 gione
1135 2688 1409 2758 quoque
1462 2668 1782 2760 Hungari
1841 2689 2075 2739 omnes
2132 2690 2255 2758 per
2310 2668 2633 2741 Giskram
2666 2667 2727 2758 5)
2784 2668 3260 2755 dimittuntur,
3317 2666 3568 2739 Poloni
3623 2688 3860 2739 omnes
3899 2670 3974 2739 et

875 2788 1235 2880 signanter
1272 2788 1541 2879 Czayka
1596 2793 1665 2860 et
1702 2788 2187 2860 Komorowski
2239 2788 2631 2861 retinentur
2661 2788 2750 2876 ⁶),
2792 2808 2966 2877 quos
3004 2787 3212 2861 etiam
3248 2787 3600 2861 Iohannes
3630 2787 3886 2860 Giskra
3905 2786 3970 2875 ⁷)

873 2908 1193 2979 relaxare
1249 2913 1418 2979 tunc
1480 2908 1860 2994 sentiebat,
1936 2908 2073 2979 nisi
2140 2908 2294 2997 ipse
2360 2906 2600 2979 Simon
2665 2907 3031 2999 Agriensis
3097 2907 3466 2997 episcopus
3543 2907 3970 2978 contrarium

880 3025 1019 3098 sibi
1072 3027 1348 3116 placere
1402 3026 1777 3099 docuisset.
1835 3027 1949 3098 Ita
1986 3027 2121 3098 duo
2161 3026 2275 3098 illi
2329 3026 2598 3100 strenui
2650 3047 2775 3117 pro
2813 3027 3056 3119 Regno
3111 3027 3518 3117 Hungariae
3568 3025 3968 3111 bellatoreS,

878 3145 1150 3236 Ozayka
1204 3150 1273 3217 et
1326 3145 1841 3232 Komorowski‚
1898 3146 1972 3217 in
2010 3146 2235 3218 medio
2274 3147 2564 3235 deserti,
2623 3146 2746 3238 qui
2797 3147 3003 3219 unico
3040 3147 3252 3218 verbo
3299 3145 3607 3218 Simonis
3663 3144 3973 3236 episcopi

880 3264 1061 3337 solvi
1116 3268 1471 3356 poterant,
1527 3265 1851 3355 pluribus
1916 3268 2075 3355 post
2130 3264 2332 3337 annis
2396 3286 2644 3357 graves
2707 3265 3023 3358 perpessi
3086 3264 3524 3357 captivitatis
3587 3262 3969 3349 molestias,

880 3406 1035 3459 cum
1094 3405 1343 3476 magna
1397 3384 1814 3457 difficultate
1870 3389 1938 3457 et
1994 3406 2356 3475 corporum
2413 3385 2889 3459 exinanitione
2944 3408 2984 3458 a
3039 3384 3453 3477 captivitate
3507 3384 3727 3455 soluti
3781 3386 3967 3455 sunt.

883 3505 969 3576 In
1025 3503 1348 3596 ambiguo
1404 3508 1635 3575 autem
1701 3510 1877 3590 erat,
1949 3504 2182 3595 qualis
2247 3505 2458 3576 fuerit
2518 3526 2659 3596 pax
2712 3504 3115 3577 huiusmodi
3179 3508 3248 3577 et
3302 3524 3477 3595 quas
3539 3503 3970 3575 conditiones

881 3623 1236 3710 habuerit,
1294 3643 1473 3713 quae
1527 3622 1663 3694 fuit
1716 3644 1839 3713 per
1892 3624 2293 3713 episcopum
2349 3624 2762 3715 Agriensem
2833 3645 2990 3697 cum
3045 3624 3358 3696 Iohanne
3411 3622 3666 3696 Griskra
3693 3620 3758 3711 ⁸)
3812 3642 3967 3695 con·

885 3744 1111 3815 clusa:
1170 3762 1329 3813 cum
1382 3741 1534 3832 ipse
1590 3741 1845 3814 Giskra
1874 3742 1936 3831 9)
1994 3747 2246 3833 expost
2297 3744 2590 3815 hostilia
2643 3764 2850 3833 opera
2903 3748 3146 3815 contra
3199 3741 3672 3815 wladislaum
3711 3741 3968 3831 Regem

886 3867 956 3934 et
1012 3883 1175 3933 suos
1232 3860 1549 3934 subditos
1615 3861 2036 3950 exercuerit,
2104 3884 2144 3933 a
2201 3863 2450 3953 spoliis
2516 3867 2585 3934 et
2637 3863 3206 3953 praedationibus
3271 3861 3498 3953 Regni
3561 3881 3700 3932 non
3755 3858 3970 3931 absti-

886 3981 1150 4067 nuerit,
1210 3981 1329 4053 sed
1392 3985 1462 4052 et
1528 3986 1831 4054 castrum
1890 3982 2391 4073 Sczepusiense
2462 3982 2892 4075 Podgrodze‚
2970 3982 3154 4073 quod
3225 3985 3394 4053 tunc
3463 3984 3664 4071 pater
3733 3978 3974 4050 uxoris

886 4122 1055 4173 suae
1110 4102 1422 4190 tenebat,
1499 4102 1739 4173 fraude
1802 4124 1925 4193 per
1990 4124 2154 4175 suos
2220 4102 2292 4174 in
2356 4122 2525 4193 pace
2589 4101 2991 4192 intercepit,
3069 4101 3252 4192 quod
3314 4100 3500 4173 bello
3563 4097 3974 4187 intercipere

887 4220 1245 4313 nequibat.

1105 4530 1153 4608 ¹)
1200 4530 1425 4592 Giszka
1472 4525 1623 4593 Cod.
1660 4525 1795 4591 Lis.
1841 4530 2014 4590 Iskra
2057 4526 2182 4589 Ed.
2217 4526 2400 4611 Lipar.
2449 4528 2497 4607 2)
2545 4530 2768 4590 Giszka
2816 4524 2968 4590 Cod.
3001 4524 3132 4590 Lis.
3178 4527 3352 4587 Iskra
3379 4518 3505 4586 Ed.
3541 4522 3724 4607 Lips.
3777 4522 3828 4603 ³)
3857 4525 3971 4583 Ko-

887 4653 1029 4711 ryce
1072 4626 1198 4696 Ed.
1254 4630 1435 4714 Lipa.
1506 4628 1562 4716 ⁴)
1610 4632 1834 4691 Giszka
1882 4626 2033 4694 Cod.
2084 4628 2217 4692 Lis.
2277 4632 2451 4692 Iskra
2494 4629 2622 4693 Ed.
2677 4629 2849 4713 Lips.
2923 4630 2974 4709 ⁶)
3028 4628 3308 4692 Giszkam
3356 4624 3507 4690 Cod.
3553 4624 3691 4689 Lis.
3750 4626 3971 4687 Iskrarn

892 4734 1018 4797 Ed.
1066 4734 1247 4818 Lipa.
1318 4733 1370 4812 ⁶)
1418 4736 1753 4795 detinentur
1806 4731 1958 4799 Cod.
2005 4732 2181 4796 Kost.
2255 4733 2304 4813 7)
2352 4735 2578 4795 Giszka
2632 4731 2782 4796 eod.
2835 4731 2966 4795 Isis.
3012 4733 3186 4793 Iskra
3228 4728 3353 4793 Ed.
3400 4727 3582 4812 Lips.
3655 4724 3712 4812 ⁸)
3760 4729 3974 4789 Giszka

896 4834 1049 4901 cod.
1082 4835 1217 4899 Lis.
1265 4838 1439 4899 Iskra
1481 4834 1607 4899 Ed.
1655 4833 1834 4919 Lips.
1884 4831 1940 4919 ⁹)
1989 4836 2214 4897 Giszka
2263 4831 2413 4898 cod.
2441 4832 2578 4897 Lis.
2622 4836 2796 4896 Iskra
2836 4831 2965 4896 Ed.
3012 4832 3193 4917 Lips.
