4342 6384
871 568 1020 647 352
2033 589 2263 645 menn
2314 584 2773 645 monemus.
3400 568 3535 672 (Α.
3574 564 3667 645 D.
3708 565 3975 671 1428.)

864 802 1075 873 quam
1131 801 1336 853 suum
1391 776 1645 851 offerri.
1703 776 2057 851 Electores
2113 776 2298 849 enim
2354 777 2647 869 Imperii
2700 782 2770 851 et
2822 778 3188 871 Principes
3224 780 3643 854 Almanniae
3684 783 3759 870 ¹),
3800 801 3965 853 con-

864 905 1082 973 ventu
1137 897 1486 990 frequenti
1541 898 1725 988 apud
1779 895 2327 989 Nurembergam
2358 894 2421 985 2)
2477 897 2859 987 celebrato,
2925 898 3212 971 Martini
3268 900 3501 990 quinti
3564 902 3797 991 Papae
3850 920 3967 971 so-

864 1018 1124 1092 licitati
1179 1016 1661 1109 persuasione,
1719 1014 2237 1107 expeditionem
2302 1015 2377 1089 in
2432 1016 2777 1089 Bohemos
2840 1019 3259 1107 haereticoS,
3324 1020 3795 1110 praesentiam
3850 1019 3964 1091 Si-

863 1138 1220 1231 gismundi
1257 1138 1728 1210 Romanorum
1769 1140 1838 1209 et
1875 1136 2280 1227 Hungariae
2319 1136 2559 1229 Regis,
2620 1158 2823 1228 quem
2861 1137 2936 1209 in
2975 1136 3219 1226 bellis,
3275 1138 3687 1229 praesertim
3724 1144 3969 1211 contra

867 1257 1210 1330 Bohemos
1251 1256 1628 1349 susceptis,
1669 1276 1916 1347 parum
1955 1254 2231 1329 felicem
2268 1254 2709 1343 astruebant,
2766 1256 3030 1347 perosi,
3072 1257 3275 1348 quasi
3329 1257 3529 1331 illius
3566 1258 3968 1349 praesentia

865 1376 1099 1449 clades
1156 1382 1549 1449 transactas
1605 1398 1646 1448 a
1683 1374 2012 1447 Bohemis
2069 1379 2390 1466 acceptas
2424 1374 2485 1464 3)
2524 1383 2915 1465 causasset,
2976 1377 3409 1449 indixerant:
3467 1398 3593 1468 pro
3649 1399 3787 1469 qua
3822 1380 3965 1449 for-

864 1497 1041 1586 tius,
1101 1496 1516 1588 feliciusque
1568 1495 1868 1589 gerenda
1907 1494 2132 1567 omnis
2188 1516 2363 1585 pene
2402 1496 2691 1568 Rhenus
2738 1518 2930 1569 arma·
2967 1498 3319 1586 induerat,
3380 1497 3649 1571 Slesiae
3685 1518 3965 1590 quoque

865 1617 1092 1691 Duces
1147 1617 1234 1688 ab
1273 1615 1712 1690 Electoribus
1765 1615 2120 1703 accersiti,
2178 1615 2362 1687 inid
2416 1616 2679 1689 bellum
2736 1638 2810 1689 se
2848 1616 3328 1710 accingebant.
3384 1619 3470 1689 In
3508 1619 3687 1691 hanc
3724 1618 3967 1709 itaque

867 1756 1091 1827 spem,
1149 1734 1750 1827 interpositionem
1788 1734 1982 1825 pacis
2035 1756 2162 1826 per
2200 1735 2581 1827 Sbigneum
2620 1736 3145 1810 cracoviensem
3194 1736 3597 1828 episcopum
3652 1737 3965 1810 oblatam

866 1855 1354 1943 fastidiebant3
1411 1855 1664 1931 uLtima
1719 1875 1996 1945 quoque
2051 1854 2470 1927 necessitate
2508 1856 2855 1928 Bohemos
2910 1856 3285 1949 impulsoS,
3342 1876 3577 1947 pacem
3634 1878 3677 1929 a
3714 1878 3789 1929 se
3841 1878 3963 1948 pe-

865 1974 1124 2047 tituros
1179 1974 1572 2048 credebant.
1631 1974 1766 2047 Sed
1823 1979 1894 2047 et
1949 1974 2022 2048 in
2061 1975 2367 2047 Polonos
2422 1974 2723 2067 agebant
2774 1974 3058 2066 probra:
3116 1980 3287 2048 tunc
3324 1975 3601 2049 demum
3656 1976 3963 2049 Polonos

867 2116 990 2185 pro
1029 2093 1362 2167 Bohemis
1417 2092 2018 2185 interpositionem
2059 2095 2283 2167 facere
2336 2098 2765 2183 astruentes,
2825 2118 2981 2167 cum
3018 2095 3499 2187 intelligerent
3535 2095 3685 2167 illis
3724 2095 3963 2168 finalis

867 2212 1126 2286 excidii
1181 2214 1444 2286 instare
1497 2213 1892 2286 discrimen.
1969 2213 2287 2287 Abiectis
2344 2214 2585 2305 itaque
2640 2214 2900 2305 quietis
2955 2215 3305 2301 consiliis,
3361 2216 3705 2306 parabant
3760 2235 3834 2287 se
3886 2222 3962 2287 et

869 2354 1032 2406 suas
1088 2338 1330 2426 gentes
1385 2333 1460 2406 in
1497 2354 1721 2421 arma,
1777 2332 2221 2405 Electoribus
2258 2334 2549 2425 Imperii
2586 2334 2978 2407 subsidium
3034 2333 3273 2407 laturi.
3330 2336 3689 2407 Electores
3726 2340 3961 2407 autem

866 2452 1153 2545 Imperii
1217 2452 1420 2525 iuxta
1483 2452 1944 2527 constitutum
2010 2457 2323 2544 tempus,
2394 2452 2596 2546 gravi
2662 2458 2733 2525 et
2794 2454 3179 2527 multifario
3248 2452 3562 2526 exercitu
3626 2474 3717 2527 ex
3772 2454 3961 2525 omni

865 2572 1246 2646 Almannia
1299 2576 1662 2665 congesto,
1719 2570 2024 2645 Henrico
2080 2570 2434 2645 Cardinali
2488 2571 2791 2664 Angliae
2844 2571 3167 2664 episcopo
3206 2572 3653 2645 Vintoniensi
3682 2574 3746 2661 ⁴)
3800 2594 3959 2645 cum

865 2693 1060 2767 mille
1113 2693 1502 2785 Anglorum
1566 2692 1866 2765 arcubus
1931 2691 2080 2765 illis
2144 2694 2409 2765 ferente
2474 2692 2807 2764 solatium
2838 2690 2900 2781 5)
2953 2692 3352 2783 personale,
3420 2691 3495 2763 in
3550 2692 3958 2765 Bohemiam

865 2813 964 2886 ire
1019 2816 1345 2905 pergunt.
1417 2812 1589 2883 Erat
1643 2812 1993 2885 exercitus
2049 2812 2330 2904 ingenS,
2399 2809 2522 2883 vix
2579 2811 2935 2899 ferenduS,
2992 2832 3131 2883 non
3184 2813 3271 2882 ad
3328 2812 3747 2885 vincendum
3800 2817 3955 2883 tan-

863 2931 1251 3019 tummodo,
1309 2931 1430 3004 sed
1459 2931 1524 3019 ⁰)
1587 2932 1674 3003 ad
1731 2932 2181 3004 evertendum
2248 2931 2688 3018 Bohemiam,
2756 2931 2933 3003 satis
2987 2931 3243 3003 virium
3309 2932 3565 3003 habere
3621 2931 3954 3017 creditus,

864 3052 1135 3124 trifarie
1191 3050 1583 3124 ordinatus:
1659 3050 2008 3125 Saxoniae
2070 3053 2299 3125 Duces
2365 3058 2435 3125 et
2489 3072 2661 3143 quas
2724 3056 2979 3123 vocant
3035 3052 3405 3143 Stagnales
3463 3051 3822 3138 civitates,
3878 3049 3958 3121 in

863 3172 1088 3264 primo
1144 3173 1295 3245 loco
1327 3171 1388 3259 ⁷)
1426 3170 1854 3258 militavere3
1913 3171 2259 3244 secundus
2297 3192 2382 3245 ex
2424 3170 2904 3245 Franconibus
2935 3170 2997 3261 8)
3037 3170 3499 3259 constitutuS‚
3558 3170 3957 3243 Marchione

865 3290 1473 3382 Brandeburgensi
1527 3290 1884 3363 Friderico
1939 3291 2144 3364 illum
2199 3292 2527 3378 ducente;
2583 3293 2871 3365 tertium
2926 3293 3210 3384 regebat
3245 3292 3693 3365 Treverensis
3728 3291 3957 3363 archi-

863 3412 1266 3504 episcopu8‚
1331 3411 1402 3483 in
1462 3432 1596 3502 quo
1651 3411 2092 3498 Rhenenses,
2159 3412 2417 3483 Bavari
2484 3417 2552 3483 et
2606 3412 2931 3485 civitates
2988 3411 3373 3484 Suevorum
3429 3411 3709 3483 ordines
3760 3431 3955 3483 acce-

862 3538 1142 3626 perant:
1201 3530 1324 3623 qui
1363 3531 1770 3603 Bohemiam
1825 3531 2216 3623 ingressuS,
2273 3531 2435 3622 igne
2492 3536 2561 3603 et
2596 3531 2831 3623 gladio
2870 3531 3125 3622 oppida
3162 3536 3231 3604 et
3267 3531 3479 3603 villas
3517 3550 3953 3616 consumenS,

863 3652 1129 3727 crudeli
1184 3651 1389 3725 caede
1445 3651 1519 3723 in
1575 3651 1928 3742 quoslibet
1983 3652 2328 3723 Bohemos
2384 3650 2961 3725 debacchabatur.
3019 3651 3260 3724 Cinxit
3306 3656 3539 3723 autem
3594 3649 3955 3724 civitatem

865 3774 1158 3847 Tachow
1189 3771 1252 3860 ⁰)
1307 3771 1701 3858 obsidione,
1759 3792 1966 3861 quam
2023 3771 2385 3861 fatigatam
2450 3771 2805 3843 deditione
2860 3772 3151 3861 accepit.
3237 3770 3619 3861 Procopius
3676 3770 3955 3841 tandem

865 3892 1247 3979 BohemuS,
1305 3913 1572 3979 eorum,
1631 3890 1756 3981 qui
1790 3895 1988 3981 peste
2025 3891 2378 3963 haeretica
2413 3890 2778 3981 depravati
2832 3893 3139 3979 fuerant,
3199 3891 3376 3979 dux,
3434 3896 3504 3963 et
3542 3890 3951 3980 Byedrzich‚

871 4012 1080 4085 sortis
1137 4012 1415 4102 ignotae
1471 4016 1541 4083 et
1568 4009 1927 4082 'obscurae
1990 4011 2378 4101 presbyter,
2436 4009 2877 4083 Orebitarum
2914 4011 3183 4093 ductor,
3240 4016 3522 4101 propter
3574 4014 3807 4081 notam
3848 4014 3953 4079 ta·

865 4153 1020 4203 men
1079 4129 1486 4203 felicitatem
1542 4136 1610 4203 et
1665 4130 2080 4220 disciplinae
2136 4130 2466 4202 militaris
2522 4130 2869 4221 peritiam,
2930 4132 3209 4222 singula
3245 4130 3431 4205 bella
3486 4130 3667 4221 apud
3726 4129 3950 4201 Bohe-

865 4274 1015 4323 mos
1068 4250 1456 4322 haereticos
1512 4250 2115 4337 administrantes,
2174 4250 2499 4338 collecto,
2558 4272 2693 4341 quo
2736 4250 3005 4323 fortiori
3060 4250 3419 4336 valebant,
3478 4249 3821 4336 exercitu,
3880 4248 3951 4321 in

864 4394 1000 4465 qno
1065 4369 1286 4443 maior
1353 4392 1516 4461 pars
1581 4369 1963 4461 agrestium
2029 4370 2287 4457 fuerat,
2364 4376 2604 4442 contra
2660 4372 3017 4443 Electores
3072 4369 3361 4461 Imperii
3432 4374 3503 4441 et
3566 4367 3949 4441 exercitum

865 4513 1102 4566 eorum
1157 4489 1572 4581 procedunt,
1631 4495 1703 4560 ot
1757 4489 2062 4561 nondum
2117 4489 2205 4561 ab
2260 4489 2513 4580 oppido
2569 4490 2859 4562 Tachow
2900 4491 2988 4578 ¹⁰)
3052 4490 3441 4581 disgressos
3497 4488 3945 4569 offendentem,

861 4614 1226 4685 decernere
1291 4630 1446 4681 cum
1512 4608 1695 4696 illis,
1762 4629 1848 4681 ne
1913 4609 2062 4680 suis
2126 4608 2520 4681 diffidentia
2584 4615 2955 4697 cresceret,
3024 4608 3532 4700 quamprimum
3600 4612 3943 4679 statuunt.

862 4734 1113 4823 Ignoto
1171 4738 1402 4803 autem
1469 4736 1538 4801 et
1603 4730 1874 4801 occulto
1939 4728 2068 4800 Dei
2133 4727 2393 4799 iudicio
2459 4730 2807 4801 tumultus
2872 4735 3128 4801 temere
3192 4732 3480 4800 exortus
3520 4728 3608 4817 ¹¹)
3683 4749 3943 4800 omnem

864 4850 1379 4924 Catholicorum
1437 4850 1820 4921 exercitum
1879 4849 1950 4920 in
2008 4848 2545 4939 trepidationem
2601 4849 2778 4941 egit,
2848 4850 3211 4940 omnisque
3267 4849 3390 4921 ille
3446 4849 3941 4919 Almannorum

1078 5164 1124 5244 ¹)
1176 5162 1528 5225 Germaniae
1591 5154 1742 5222 Cod.
1788 5156 1981 5222 Rozr.
2055 5159 2107 5227 2)
2168 5160 2619 5235 Norimbergam
2688 5153 2837 5221 Cod.
2884 5156 3059 5220 Kost.
3132 5155 3184 5236 ³)
3232 5164 3499 5235 receptas
3564 5150 3716 5219 Cod.
3776 5150 3944 5218 Calv.

866 5266 918 5347 ⁴)
963 5266 1290 5327 Vitoviensi
1347 5262 1498 5325 cod.
1545 5262 1720 5324 Kost.
1783 5263 1882 5341 (de
1926 5263 2344 5341 Winchestcr).
2415 5260 2465 5341 ⁵)
2514 5264 2793 5322 auxilium
2844 5258 2994 5325 cod.
3044 5258 3235 5322 Rozr.
3306 5259 3359 5339 ⁰)
3410 5262 3515 5323 sed
3560 5262 3733 5321 etiam
3798 5255 3944 5320 Cod.

865 5368 1056 5432 Romu
1121 5366 1171 5445 ⁷)
1219 5370 1348 5427 loco
1393 5364 1564 5427 deest
1606 5367 1680 5425 in
1727 5361 1878 5428 Cod.
1929 5362 2107 5427 Calc.
2182 5365 2233 5443 ⁸)
2278 5366 2649 5425 Franeonino
2700 5360 2851 5425 Cod.
2898 5362 3091 5425 Rozr.
3160 5360 3213 5446 ⁰)
3260 5366 3511 5423 Tuczow
3560 5358 3713 5423 Cod.
3764 5360 3943 5424 Rom

875 5471 952 5559 ¹⁰)
999 5472 1252 5531 'I'aczow
1302 5466 1452 5533 Cod.
1499 5466 1689 5531 Roma
1747 5467 1822 5549 11)
1870 5470 2118 5527 tumultu
2163 5474 2382 5528 temere
2427 5473 2628 5527 exorto
2677 5462 2829 5528 Cod.
2866 5462 3041 5527 Calv.
