4342 6384
369 475 507 582 (Α.
548 480 638 555 D.
679 477 910 580 1410.)
1559 501 1784 555 menn
1835 501 2296 556 monemus.
3366 483 3459 558 87

409 810 628 881 Potoni
675 808 1054 881 obsidentes
1099 812 1384 881 castrum
1428 808 1832 898 larienburg
1875 812 2072 899 pacta
2113 809 2527 882 Bohomornn
2581 810 2663 883 de
2708 829 2785 884 oo
2830 811 3161 902 prodendo
3203 811 3420 902 turpia

1551 927 1870 1024 ducentos
1889 984 1906 1014 ,
1949 933 2285 1019 respuunt.

575 1165 872 1239 Interim
945 1166 1238 1238 Bohemi
1308 1167 1750 1256 mercenarii,
1827 1167 2045 1241 castri
2116 1167 2564 1262 Matienburg
2636 1168 3061 1257 defensores,
3138 1168 3459 1242 videntes

361 1287 554 1359 trahi
617 1286 692 1358 in
745 1287 1031 1378 longum
1097 1285 1562 1375 obsidionem,
1636 1287 1712 1359 in
1775 1287 2201 1360 anxietatem
2267 1287 2485 1378 versi,
2554 1293 2931 1380 coeperunt
2984 1288 3238 1360 habere
3301 1309 3458 1361 cum

361 1406 760 1480 Wladislao
813 1406 1237 1478 Polonorum
1291 1407 1481 1499 Rege
1536 1429 1660 1498 per
1713 1407 2014 1480 medium
2070 1408 2395 1480 Iaskonis
2452 1408 2758 1498 8011011)
2814 1407 3137 1495 Bohemi‚
3206 1407 3458 1482 militis

361 1526 574 1618 regii,
633 1526 717 1599 de
769 1526 1120 1617 prodendo
1175 1530 1404 1599 castro
1443 1527 1894 1619 Marienburg
1945 1527 2325 1618 practicam
2381 1532 2452 1600 et
2490 1531 2900 1615 tractatum
2958 1528 3235 1619 iamque
3273 1527 3460 1600 inter

355 1645 625 1737 Regem
680 1651 749 1718 et
803 1645 1193 1736 proditores
1247 1650 1696 1734 convenerat,
1761 1652 1842 1718 ut
1903 1652 2107 1720 nocte
2160 1669 2270 1735 ea,
2338 1669 2476 1739 qua
2529 1647 2679 1719 illis
2736 1647 3073 1720 excubiae
3138 1647 3453 1740 obtinge—

356 1771 549 1855 rent,
608 1766 992 1838 exercitum
1043 1765 1316 1858 regium
1382 1767 1606 1858 portis
1668 1766 1744 1838 in
1797 1771 2106 1839 castrum
2169 1766 2719 1840 intromitterent
2782 1767 3190 1857 patefactio,
3254 1787 3452 1858 prae·
3566 1802 3573 1808 ·

355 1885 577 1958 mium
630 1885 1082 1978 proditionis,
1139 1907 1214 1958 re
1253 1891 1524 1973 secuta,
1582 1886 2048 1978 quadraginta
2081 1885 2496 1958 florenorum
2535 1886 2795 1975 millia,
2852 1891 2921 1959 et
2958 1886 3453 1978 impunitatem

357 2004 821 2077 omnimodam
874 2004 1210 2077 habituri.
1268 2007 1373 2079 Re
1427 2010 1661 2077 autem
1713 2004 2196 2078 huiuscemodi
2250 2005 2325 2076 in
2364 2025 2656 2078 examen
2712 2005 2963 2078 secreti
3016 2005 3297 2078 consilii
3333 2005 3448 2078 de·

355 2125 589 2212 ducta,
635 2124 953 2216 iniquum
991 2129 1060 2197 et
1096 2130 1300 2216 turpe
1341 2124 1765 2198 consiliariis
1799 2124 2015 2217 regiis
2054 2124 2528 2212 censentibus,
2567 2124 2878 2197 hostium
2920 2129 3149 2197 castra
3186 2125 3451 2212 fraude,

355 2243 573 2332 dolis,
629 2243 1162 2336 proditioneque
1218 2250 1287 2318 et
1341 2266 1508 2318 auro
1563 2244 1922 2335 intercipi,
1979 2265 2134 2317 cum
2192 2245 2448 2316 ferrum
2503 2245 2868 2332 haberent,
2927 2264 3062 2335 quo
3116 2243 3245 2315 illa
3300 2243 3495 2316 sine*

359 2383 486 2436 suo
543 2369 615 2435 et
669 2362 1050 2436 cuiuslibet
1103 2362 1397 2436 alterius
1450 2365 1723 2456 probr0,
1781 2363 2058 2435 licitum
2115 2364 2291 2436 foret
2346 2364 2766 2457 expugnari:
2824 2363 3237 2436 licitaminis
3288 2384 3449 2454 pra-

353 2483 538 2555 ctica
591 2483 676 2555 de
728 2483 1198 2575 conquirendo
1262 2482 1863 2575 Marionburgensi
1925 2487 2187 2571 castro,
2255 2505 2393 2574 qua
2456 2487 2527 2556 et
2589 2482 2816 2554 iustos
2879 2481 3257 2555 bellatores
3314 2485 3445 2554 fre·

353 2603 686 2692 quentius
741 2623 906 2674 usos
937 2601 1000 2690 2)
1055 2601 1379 2694 legimus,
1437 2601 1862 2694 conquievit.

909 2963 1097 3035 Varia
1143 2964 1222 3035 do
1269 2962 1585 3037 solvenda
1627 2963 2171 3054 lunenburgensi
2218 2963 2551 3036 obsidione
2596 2963 2887 3037 consilia.

559 3201 771 3272 Falsa
821 3201 1155 3292 posthaec
1210 3200 1656 3294 suggestione
1693 3223 1930 3275 rumor
1984 3202 2055 3274 in
2091 3203 2303 3296 regiis
2342 3202 2593 3275 castris
2648 3203 2981 3294 vulgatus
3018 3201 3447 3293 percrebuit,

349 3321 879 3414 Sigismundum
935 3320 1340 3412 Hungariae
1377 3321 1641 3413 Regem
1697 3342 1848 3393 cum
1888 3322 2217 3414 gentibus
2274 3327 2343 3395 et
2379 3322 2717 3413 potentiis
2772 3321 3031 3394 validis
3086 3323 3258 3394 fines
3305 3321 3441 3393 Re-

343 3441 470 3532 gni
523 3439 889 3527 Poloniae,
948 3439 1196 3530 spoliis
1252 3445 1322 3512 et
1375 3439 1717 3513 incendiis
1781 3445 2304 3514 consumentem
2360 3440 2623 3528 omnia,
2691 3439 3062 3513 invasisse.
3138 3441 3249 3512 Ex-
3304 3458 3441 3532 que

347 3559 700 3634 exercitus
763 3560 998 3651 regius
1069 3558 1379 3631 animum
1450 3561 1874 3651 perfractum
1947 3565 2018 3634 et
2081 3561 2168 3633 ad
2232 3561 2659 3634 redeundum
2730 3560 3117 3651 proclivum
3183 3559 3439 3632 habere

346 3679 610 3770 coepit3
667 3699 792 3750 nec
847 3678 1131 3752 deerant
1185 3679 1478 3751 barones
1531 3679 1872 3771 plerique,
1929 3680 2215 3752 assidua
2266 3681 2609 3753 instantia
2660 3680 3159 3771 persuadentes
3210 3699 3433 3752 reces-

346 3821 526 3871 sum.
583 3798 731 3890 Quo
787 3819 966 3869 novo
1023 3802 1092 3870 et
1145 3799 1330 3870 fama
1384 3797 1580 3869 illius
1637 3798 1980 3871 militares
2035 3804 2106 3871 ot
2161 3799 2349 3873 cives
2397 3799 2727 3872 Prussiae
2781 3800 3229 3873 vehementer
3278 3819 3433 3890 per-

343 3919 560 4006 culsi,
619 3919 766 3989 zelo
823 3917 1036 3990 nimio
1091 3922 1162 3990 et
1216 3937 1477 4004 amore,
1539 3939 1678 4008 quo·
1710 3918 2101 3991 Wladislao
2139 3919 2562 3992 Polonorum
2592 3917 2654 4009 ³)
2693 3919 2872 4010 Regi
2925 3917 3431 4006 afficiebantur,

339 4039 605 4130 Regem
659 4037 1120 4128 personaliter
1182 4036 1554 4124 adeunteS,
1621 4037 2078 4126 conveniunt,
2145 4039 2703 4131 persuadeatque
2778 4037 3158 4112 Serenitati
3222 4059 3430 4110 suae:

339 4162 424 4229 ut
479 4156 906 4230 obsidionem
963 4155 1177 4229 castri
1233 4156 1870 4248 Marienburgensis
1926 4159 2332 4231 nullatenus
2387 4159 2843 4246 intermittat,
2910 4157 3432 4230 continuatione

338 4275 726 4350 obsidionis
782 4274 1016 4363 illius,
1074 4280 1144 4348 et
1197 4275 1448 4364 castri,
1506 4277 1689 4367 quod
1743 4276 2143 4369 propediem
2200 4279 2615 4370 sperandum
2656 4281 2863 4366 esset,
2920 4276 3432 4368 conquisitione

335 4401 490 4468 tum
545 4394 846 4486 primum
901 4395 1205 4466 fructum
1269 4395 1604 4468 victoriae
1661 4417 1828 4468 suae
1891 4402 2412 4488 percepturum,
2478 4402 2602 4470 aut
2656 4397 2856 4470 illius
2920 4395 3431 4487 conquisitione

339 4515 691 4607 neglecta,
750 4535 907 4586 cum
963 4513 1244 4605 singula
1281 4519 1510 4586 castra
1565 4519 1634 4586 et
1687 4514 2012 4590 civitates
2067 4537 2273 4589 suum
2329 4517 2711 4590 dominium
2765 4517 3102 4608 professa,
3159 4514 3233 4587 in
3270 4515 3429 4587 obe-

335 4634 673 4708 dientiam
729 4633 1237 4707 cruciferorum
1293 4637 1362 4706 et
1414 4634 1693 4707 Ordinis
1745 4636 2060 4708 reditura
2115 4638 2373 4724 forent,
2430 4637 2875 4710 amissurum.
2950 4635 3141 4727 Rege
3196 4639 3429 4706 autem

337 4755 733 4828 Wladislao
787 4754 1132 4825 defectum
1186 4753 1669 4844 pecuniarum,
1726 4761 2012 4847 propter
2063 4778 2267 4847 quem
2322 4756 2729 4830 mercenarii
2784 4754 3046 4828 milites
3102 4752 3213 4825 illi
3268 4753 3425 4844 plu-

331 4873 592 4947 rimum
647 4872 928 4945 molesti
983 4876 1247 4961 essent,
1307 4874 1686 4966 allegante,
1747 4880 1816 4948 et
1869 4876 2496 4967 conquirendarum
2532 4875 2988 4967 pecuniarum
3039 4874 3299 4965 gratia,
3350 4874 3427 4945 in

332 4992 702 5066 Poloniam
755 4991 1015 5064 reverti
1068 4993 1445 5084 gestiente,
1521 4995 1800 5067 salubre
1866 4994 1979 5067 illi
2033 4995 2405 5068 consilium
2470 5017 2510 5068 a
2564 4993 2991 5067 militaribus
3051 4997 3120 5065 et
3174 4993 3424 5067 civita-

329 5113 528 5186 tibus
581 5111 1026 5185 Pruthenicis
1080 5117 1355 5185 constat
1407 5112 1646 5186 datum
1702 5095 1952 5186 fuisse:
2012 5121 2357 5206 quatenus
2397 5115 2701 5207 singulis
2756 5111 3167 5186 civitatibus
3208 5113 3419 5185 Prus-

547 5365 596 5446 ¹)
639 5365 986 5425 Iaschkonis
1029 5367 1212 5427 Sokol
1256 5364 1383 5428 Ed.
1429 5364 1610 5449 Lips.
1675 5367 1726 5446 Ω)
1773 5387 1912 5429 usos
1959 5387 2092 5430 esse
2141 5363 2291 5430 Cod.
2340 5367 2533 5431 Rozr.
2598 5367 2651 5448 ³)
2698 5371 2980 5442 Poloniae
3028 5367 3181 5440 cod,
3228 5367 3419 5432 Rozr.
