4342 6384
369 522 504 625 (Α.
541 522 636 598 D.
675 519 932 621 1438.)
1485 542 1712 597 mmm
1763 542 2279 599 nuonncmua.
3320 526 3469 603 603

366 730 485 803 nio
538 732 772 822 Papae
825 732 1076 821 quarto
1128 732 1594 820 praesentato,
1655 730 1976 821 quamvis
2031 733 2106 803 et
2141 730 2585 805 wladislaus
2619 730 2777 807 Rex
2832 734 2904 807 et
2939 731 3289 823 Praelati‚
3342 734 3463 811 ba-

367 871 708 942 ronesqno
773 849 884 922 sui
955 848 1328 922 Nicolaum
1389 850 1783 941 Lassoczky
1841 848 1992 926 suis
2055 850 2286 923 literis
2357 855 2721 943 rogassent
2781 851 3064 943 praefici
3128 852 3466 927 ccclesiae

367 969 830 1043 Posnaniensi
902 969 976 1041 in
1029 966 1428 1059 pontificem
1467 969 1522 1056 ¹)
1597 974 1670 1043 et
1729 972 2078 1060 pastorem
2104 1026 2120 1059 ‚
2198 970 2517 1044 Andreae
2572 969 2985 1062 Bnynsk12)
3056 972 3467 1047 electionem

366 1089 789 1181 approbans,
847 1087 1394 1180 postulationem
1451 1088 1733 1163 Nicolai
1785 1094 1856 1162 et
1892 1111 2132 1181 preces
2186 1090 2415 1184 regias
2470 1089 2831 1179 reiiciens,
2887 1092 3200 1167 Iohanne
3238 1092 3463 1166 Luth-

363 1209 566 1281 konis
621 1209 704 1281 (16
759 1210 1062 1301 Brzezyo
1093 1206 1155 1298 ³)
1209 1208 1554 1283 canonico
1609 1210 2001 1284 Gnesnensi
2057 1215 2128 1285 et
2181 1219 2463 1285 cantore
2500 1209 2975 1299 Lanciciensi,
3034 1217 3105 1285 et
3152 1212 3467 1289 Iohanne

365 1328 828 1401 Twardowski
881 1328 1224 1401 Canonico
1290 1329 1753 1403 Posnaniensi
1815 1351 2097 1405 oausam
2161 1332 2369 1406 electi
2424 1330 2983 1419 solicitantibus,
3054 1332 3166 1405 die
3220 1332 3464 1409 Lunae

367 1448 699 1523 vicesima
750 1448 979 1540 prima
1033 1448 1258 1536 Iunii,
1317 1449 1502 1539 apud
1557 1448 1944 1523 Bononiam
1999 1454 2150 1524 tum
2207 1470 2445 1544 agens,
2503 1452 2898 1540 confirmat,
2954 1451 3024 1527 N
3027 1451 3249 1526 icolao
3287 1453 3460 1527 Las-

365 1569 648 1659 666611,
707 1568 889 1659 qnod
945 1572 1180 1659 partes
1235 1568 1529 1643 Concilii
1567 1567 1991 1643 Basilionsis
2031 1569 2313 1643 enixius
2348 1570 2836 1662 promovisset,
2894 1570 3235 1647 infensus.
3292 1571 3465 1647 Fuit

361 1689 643 1761 tandem
697 1688 850 1778 ipse
885 1688 1202 1761 Andreas
1241 1690 1564 1781 Bnynski
1592 1689 1656 1777 ⁴)
1711 1689 1785 1763 in
1823 1688 2227 1781 episcopum
2267 1690 2814 1766 Posnaniensom
2850 1711 2975 1783 per
3011 1690 3462 1767 Vincentium

363 1807 838 1881 Gnesnensom
893 1807 1492 1899 arehiepiscopum
1559 1809 1632 1882 in
1689 1810 1986 1883 ecclesia
2053 1810 2351 1884 Sanctae
2407 1810 2861 1903 Magdalonae
2912 1808 3327 1886 Galisaiensi
3382 1810 3459 1883 in

363 1926 728 2001 Dominica
782 1927 1415 2021 Quinquagosimao
1469 1929 1636 2001 anni
1701 1930 2197 2021 subsequentis
2252 1935 2731 2019 consecratus,
2788 1929 3263 2023 appellatione
3326 1929 3455 2005 Ni·-

363 2046 542 2119 colai
613 2048 1008 2143 Lassoczky
1089 2048 1177 2119 ad
1252 2048 1641 2123 Concilium
1695 2048 2094 2125 Basiliense
2167 2049 2615 2142 interposita,
2701 2068 2911 2142 quam
2989 2049 3308 2143 neglexit
3379 2070 3459 2125 eo

359 2188 498 2239 non
553 2168 808 2243 stante.

415 2529 808 2601 madium
851 2530 991 2602 nox
1036 2530 1138 2601 sui
1181 2530 1341 2601 iuris
1384 2530 1464 2601 nt
1511 2532 1580 2601 ot
1622 2530 1830 2619 legati
1877 2529 1959 2603 ad
2003 2547 2229 2620 pacem
2272 2548 2414 2606 cun
2458 2531 2719 2603 uberto
2760 2530 3185 2603 nonancu-
3226 2530 3401 2621 noge

1447 2650 1951 2726 concludndam
1993 2652 2367 2723 mittuntur.
2670 2651 2675 2656 '

563 2891 650 2962 In
705 2888 820 2962 (116
872 2889 1359 2980 Conceptionis
1416 2890 1714 2963 Sanctae
1767 2889 2029 2961 Mariae
2080 2889 2327 2962 habita
2382 2894 2489 2962 est
2551 2888 2920 2962 conventio
2973 2888 3323 2981 generalis
3378 2889 3455 2963 in

357 3009 610 3101 oppido
666 3009 1060 3100 Pyotrkovv‚
1127 3009 1250 3081 ubi
1305 3008 1698 3089 wladislao
1761 3014 1958 3101 Rege
2021 3009 2108 3082 ab
2178 3008 2501 3089 omnibns
2565 3008 2949 3098 PraelatiS,
3005 3007 3455 3100 Principibus

355 3134 426 3202 et
478 3129 856 3201 baronibus
922 3128 1070 3201 suis
1134 3128 1622 3220 praesentibus
1696 3128 2109 3202 innovatum
2175 3130 2286 3200 est
2349 3127 2465 3200 illi
2527 3128 2881 3221 Regnum,
2956 3132 3027 3200 61
3081 3128 3237 3201 Rex
3302 3126 3454 3219 ipso

355 3250 676 3322 omnibus
715 3248 1145 3323 indumentis
1197 3248 1553 3341 regalibus
1591 3252 1879 3323 ornatus
1912 3248 1996 3337 ⁵),
2055 3249 2388 3321 thronum
2424 3246 2836 3335 ascendens,
2878 3245 3202 3323 omnibus
3239 3246 3449 3325 Prae-

351 3368 552 3456 latis,
611 3367 1058 3459 Principibus
1113 3372 1185 3441 ot
1236 3367 1616 3441 baronibus
1670 3367 1820 3441 suis
1873 3366 2455 3459 approbantibus,
2512 3365 3115 3447 consentientibus
3170 3370 3241 3439 61
3293 3366 3445 3438 lau-

353 3486 718 3576 dantibus,
804 3491 1222 3579 potestatem
1304 3486 1668 3580 regiminis
1740 3488 2052 3578 plenam,
2127 3485 2492 3560 destitutis
2563 3485 3077 3576 provisoribus,
3151 3485 3447 3577 accepit,

352 3614 686 3701 tanquam
740 3607 836 3695 is,
893 3608 1014 3699 qui
1069 3629 1285 3681 annos
1339 3606 1736 3700 pubertatis
1790 3606 2162 3693 excedens,
2220 3626 2481 3677 annum
2535 3608 2685 3679 erat
2736 3603 3065 3695 quintum
3100 3602 3447 3680 decimum

351 3729 489 3801 iam
544 3728 930 3820 ingressus,
1014 3728 1240 3801 Multa
1302 3727 1376 3799 in
1429 3727 1668 3800 cadem
1733 3725 2191 3801 conventione
2260 3745 2385 3815 pro
2439 3724 2619 3797 bono
2671 3723 2775 3797 rei
2829 3722 3152 3815 publicae
3207 3723 3439 3803 decer-

350 3853 617 3921 nuntur
671 3851 740 3920 61
795 3850 1226 3920 statuuntur.
1309 3848 1508 3919 Inter
1559 3846 1702 3919 alia
1773 3849 2007 3919 autem
2081 3844 2499 3931 decernitur,
2572 3846 2655 3917 ut
2724 3841 3055 3918 discretio
3126 3847 3446 3919 monetae

349 3968 568 4041 falsae
623 3989 664 4039 a
699 3988 864 4039 vora
917 3968 1072 4054 fiat,
1131 3971 1200 4039 et
1237 3967 1650 4041 discretores
1705 3965 1780 4039 in
1817 3964 2134 4057 qualibet
2186 3964 2612 4055 deputentur
2665 3962 2987 4053 civitate,
3044 3966 3114 4040 et
3148 3968 3231 4035 ut
3266 3964 3447 4037 falsa

347 4090 628 4161 moneta
680 4086 968 4174 reiecta,
1028 4106 1194 4159 vera
1228 4085 1489 4178 ubique
1539 4085 1946 4177 recipiatur.
2004 4084 2156 4159 Hoc
2192 4084 2548 4157 decretum
2604 4082 2925 4175 quamvis
2979 4082 3083 4156 rei
3118 4083 3445 4175 publicae

344 4206 845 4293 utilissimum,
903 4205 976 4278 in
1031 4206 1184 4297 ipso
1240 4207 1398 4277 ortu
1455 4225 1579 4277 suo
1637 4204 1971 4289 concidit,
2030 4224 2156 4277 nec
2192 4208 2302 4277 est
2354 4201 2497 4277 nisi
2548 4224 2591 4275 a
2626 4201 3009 4291 PraelatiS,
3064 4202 3447 4281 baronibus

345 4331 416 4402 et
470 4326 828 4399 nobilibus
882 4330 1228 4399 terrarum
1292 4324 1769 4397 cracoviensis
1833 4328 1903 4397 et
1959 4322 2265 4399 Russiae
2328 4322 2797 4399 observatum.
2880 4321 3193 4397 Praelati
3254 4322 3443 4400 enim

343 4452 417 4519 et
469 4446 760 4519 barones
815 4444 1100 4517 Maioris
1155 4442 1520 4532 Poloniae,
1588 4442 1756 4517 item
1819 4442 2187 4537 Principes
2241 4441 2629 4530 Masoviae,
2685 4441 2856 4517 licet
2908 4440 3119 4517 etiam
3174 4462 3249 4517 se
3311 4443 3440 4519 hu-

343 4563 650 4639 iusmodi
703 4563 1056 4636 decretum
1091 4568 1260 4635 tunc
1315 4566 1386 4635 et
1424 4567 1676 4654 expost
1713 4562 1786 4634 in
1823 4562 2072 4635 multis
2107 4560 2717 4649 conventionibus,
2772 4560 3017 4637 multis
3069 4560 3440 4653 promissis

343 4685 836 4758 observaturos
899 4683 1323 4771 firmassent,
1399 4681 1879 4757 contravenire
1951 4686 2185 4756 tamen
2260 4680 2583 4757 omnibus
2654 4700 2792 4754 non
2856 4680 3267 4759 damnosum
3336 4680 3442 4778 rei

340 4803 670 4897 publicae
729 4806 1071 4895 putarunt
1099 4802 1186 4890 θ),
1262 4803 1800 4893 malueruntque
1863 4800 2259 4875 forensibus
2324 4800 2623 4875 monetis
2696 4821 2903 4891 quam
2966 4799 3251 4893 propria
3302 4801 3435 4877 uti.
3484 4856 3487 4861 -

339 4924 526 4997 Item
582 4921 909 5013 quoniam
964 4921 1440 5013 superioribus
1495 4921 1744 4995 diebus
1797 4919 2239 4995 wladislaus
2284 4920 2441 4995 Rex
2494 4924 2639 4993 16111
2690 4940 2816 5011 per
2866 4918 3170 5013 Eugenii
3204 4920 3439 5012 Papae

335 5043 630 5117 nuntios
683 5047 756 5116 61
806 5040 1051 5115 literas
1068 5096 1084 5129 ‚
1142 5062 1351 5134 quam
1405 5040 1618 5115 etiam
1673 5039 1968 5115 Concilii
2021 5038 2445 5115 Basilionsis
2498 5038 2900 5115 solicitatus
2954 5043 3066 5116 eat
3120 5039 3204 5113 (16
3266 5059 3437 5131 pace

557 5315 602 5390 ¹)
649 5318 988 5393 episcopum
1037 5310 1188 5377 Ood.
1220 5310 1398 5378 Kost.
1461 5310 1512 5390 ²)
1555 5311 1833 5377 Brinseki
1877 5308 2004 5378 Ed.
2049 5307 2231 5394 Life.
2296 5306 2349 5391 ⁸)
2394 5310 2639 5377 Raecio
2678 5306 2809 5381 Ed.
2854 5306 3039 5393 biju.
3095 5306 3147 5388 ὓ)
3192 5310 3435 5372 Brinski

331 5416 469 5485 Ed.
514 5417 696 5501 Lipae.
759 5416 814 5498 ⁵)
855 5419 1096 5481 indutus
1139 5413 1266 5481 Ed.
1312 5412 1494 5499 Lips-
1565 5412 1619 5494 ὅ)
1661 5418 1930 5478 statuunt
1969 5411 2098 5477 Ed.
2129 5410 2313 5495 Lips.
