<?xml version="1.0" encoding="UTF-8"?>
<!DOCTYPE html PUBLIC "-//W3C//DTD XHTML 1.0 Transitional//EN"
    "http://www.w3.org/TR/xhtml1/DTD/xhtml1-transitional.dtd">
<html xmlns="http://www.w3.org/1999/xhtml" xml:lang="en" lang="en">
 <head>
  <title>
</title>
<meta http-equiv="Content-Type" content="text/html;charset=utf-8" />
  <meta name='ocr-system' content='tesseract 3.04.00' />
  <meta name='ocr-capabilities' content='ocr_page ocr_carea ocr_par ocr_line ocrx_word'/>
</head>
<body>
  <div class='ocr_page' id='page_1' title='image "./dzieawszystkie00unkngoog_0732.png"; bbox 0 0 4342 6384; ppageno 0'>
   <div class='ocr_carea' id='block_1_1' title="bbox 298 650 3367 751">
    <p class='ocr_par' dir='ltr' id='par_1_1' title="bbox 298 650 3367 751">
     <span class='ocr_line' id='line_1_1' title="bbox 298 650 3367 751; baseline 0.001 -25"><span class='ocrx_word' id='word_1_1' title='bbox 298 650 431 750; x_wconf 73' lang='lat' dir='ltr'><strong>(A.</strong></span> <span class='ocrx_word' id='word_1_2' title='bbox 470 652 561 725; x_wconf 82' lang='lat' dir='ltr'><strong>D.</strong></span> <span class='ocrx_word' id='word_1_3' title='bbox 600 650 854 751; x_wconf 88' lang='grc'><strong>1444.)</strong></span> <span class='ocrx_word' id='word_1_4' title='bbox 1404 674 1632 731; x_wconf 71' lang='lat' dir='ltr'><strong>mann</strong></span> <span class='ocrx_word' id='word_1_5' title='bbox 1683 674 2198 733; x_wconf 78' lang='lat' dir='ltr'><strong>nuonncmns.</strong></span> <span class='ocrx_word' id='word_1_6' title='bbox 3227 650 3367 728; x_wconf 84' lang='lat'><strong>721</strong></span> 
     </span>
    </p>
   </div>
   <div class='ocr_carea' id='block_1_2' title="bbox 522 980 3182 1073">
    <p class='ocr_par' dir='ltr' id='par_1_2' title="bbox 522 980 3182 1073">
     <span class='ocr_line' id='line_1_2' title="bbox 522 980 3182 1073; baseline 0.002 -22"><span class='ocrx_word' id='word_1_7' title='bbox 522 980 915 1054; x_wconf 68' lang='lat' dir='ltr'><strong>wladislaus</strong></span> <span class='ocrx_word' id='word_1_8' title='bbox 958 998 1425 1071; x_wconf 57' lang='lat' dir='ltr'><strong>commessurus</strong></span> <span class='ocrx_word' id='word_1_9' title='bbox 1468 1002 1609 1055; x_wconf 82' lang='grc'><strong>611111</strong></span> <span class='ocrx_word' id='word_1_10' title='bbox 1654 983 1871 1056; x_wconf 70' lang='lat' dir='ltr'><strong>&#39;turcis</strong></span> <span class='ocrx_word' id='word_1_11' title='bbox 1913 983 2089 1073; x_wconf 68' lang='lat' dir='ltr'><strong>apud</strong></span> <span class='ocrx_word' id='word_1_12' title='bbox 2132 982 2433 1060; x_wconf 63' lang='grc'><strong>1111116111</strong></span> <span class='ocrx_word' id='word_1_13' title='bbox 2471 984 2656 1059; x_wconf 73' lang='lat' dir='ltr'><strong>acics</strong></span> <span class='ocrx_word' id='word_1_14' title='bbox 2699 983 2937 1055; x_wconf 78' lang='lat' dir='ltr'><strong>instrui</strong></span> <span class='ocrx_word' id='word_1_15' title='bbox 2981 984 3182 1055; x_wconf 82' lang='lat' dir='ltr'><strong>iubet.</strong></span> 
     </span>
    </p>
   </div>
   <div class='ocr_carea' id='block_1_3' title="bbox 262 1218 3434 5141">
    <p class='ocr_par' dir='ltr' id='par_1_3' title="bbox 262 1218 3434 5141">
     <span class='ocr_line' id='line_1_3' title="bbox 498 1218 3388 1313; baseline 0.001 -24"><span class='ocrx_word' id='word_1_16' title='bbox 498 1218 757 1291; x_wconf 86' lang='lat' dir='ltr'><strong>Eadem</strong></span> <span class='ocrx_word' id='word_1_17' title='bbox 812 1218 1157 1311; x_wconf 90' lang='lat' dir='ltr'><strong>siquidem</strong></span> <span class='ocrx_word' id='word_1_18' title='bbox 1213 1226 1451 1310; x_wconf 91' lang='lat' dir='ltr'><strong>nocte,</strong></span> <span class='ocrx_word' id='word_1_19' title='bbox 1511 1243 1649 1313; x_wconf 88' lang='lat' dir='ltr'><strong>qua</strong></span> <span class='ocrx_word' id='word_1_20' title='bbox 1702 1222 2038 1295; x_wconf 88' lang='lat' dir='ltr'><strong>Warnam</strong></span> <span class='ocrx_word' id='word_1_21' title='bbox 2094 1225 2164 1294; x_wconf 92' lang='lat' dir='ltr'><strong>et</strong></span> <span class='ocrx_word' id='word_1_22' title='bbox 2219 1221 2362 1295; x_wconf 85' lang='lat' dir='ltr'><strong>alia</strong></span> <span class='ocrx_word' id='word_1_23' title='bbox 2414 1222 2708 1295; x_wconf 86' lang='lat' dir='ltr'><strong>castella</strong></span> <span class='ocrx_word' id='word_1_24' title='bbox 2737 1222 2791 1312; x_wconf 87' lang='lat'><strong>¹)</strong></span> <span class='ocrx_word' id='word_1_25' title='bbox 2849 1222 3002 1295; x_wconf 89' lang='lat' dir='ltr'><strong>Rex</strong></span> <span class='ocrx_word' id='word_1_26' title='bbox 3059 1221 3388 1310; x_wconf 82' lang='lat' dir='ltr'><strong>munivit,</strong></span> 
     </span>
     <span class='ocr_line' id='line_1_4' title="bbox 292 1340 3386 1434; baseline 0.002 -25"><span class='ocrx_word' id='word_1_27' title='bbox 292 1342 663 1429; x_wconf 89' lang='lat' dir='ltr'><strong>conspecta</strong></span> <span class='ocrx_word' id='word_1_28' title='bbox 716 1344 881 1410; x_wconf 91' lang='lat' dir='ltr'><strong>sunt</strong></span> <span class='ocrx_word' id='word_1_29' title='bbox 936 1344 1168 1413; x_wconf 87' lang='lat' dir='ltr'><strong>castra</strong></span> <span class='ocrx_word' id='word_1_30' title='bbox 1222 1342 1677 1429; x_wconf 82' lang='lat' dir='ltr'><strong>Teucrorum,</strong></span> <span class='ocrx_word' id='word_1_31' title='bbox 1736 1362 2031 1433; x_wconf 88' lang='lat' dir='ltr'><strong>quorum</strong></span> <span class='ocrx_word' id='word_1_32' title='bbox 2084 1340 2370 1433; x_wconf 85' lang='lat' dir='ltr'><strong>ignibus</strong></span> <span class='ocrx_word' id='word_1_33' title='bbox 2409 1343 2680 1415; x_wconf 90' lang='lat' dir='ltr'><strong>coelum</strong></span> <span class='ocrx_word' id='word_1_34' title='bbox 2735 1362 3012 1434; x_wconf 88' lang='lat' dir='ltr'><strong>quoque</strong></span> <span class='ocrx_word' id='word_1_35' title='bbox 3069 1362 3386 1415; x_wconf 85' lang='lat' dir='ltr'><strong>corusca-</strong></span> 
     </span>
     <span class='ocr_line' id='line_1_5' title="bbox 290 1456 3388 1552; baseline 0.002 -23"><span class='ocrx_word' id='word_1_36' title='bbox 290 1456 435 1529; x_wconf 88' lang='lat' dir='ltr'><strong>bat.</strong></span> <span class='ocrx_word' id='word_1_37' title='bbox 494 1457 649 1548; x_wconf 87' lang='lat' dir='ltr'><strong>Ipsi</strong></span> <span class='ocrx_word' id='word_1_38' title='bbox 677 1456 739 1548; x_wconf 79' lang='grc'><strong>2)</strong></span> <span class='ocrx_word' id='word_1_39' title='bbox 798 1458 1013 1547; x_wconf 90' lang='grc'><strong>66116,</strong></span> <span class='ocrx_word' id='word_1_40' title='bbox 1070 1464 1440 1552; x_wconf 81' lang='lat' dir='ltr'><strong>postquam</strong></span> <span class='ocrx_word' id='word_1_41' title='bbox 1480 1481 1568 1533; x_wconf 88' lang='lat' dir='ltr'><strong>ex</strong></span> <span class='ocrx_word' id='word_1_42' title='bbox 1606 1460 1893 1533; x_wconf 83' lang='lat' dir='ltr'><strong>Natolia</strong></span> <span class='ocrx_word' id='word_1_43' title='bbox 1930 1461 2005 1533; x_wconf 93' lang='lat' dir='ltr'><strong>in</strong></span> <span class='ocrx_word' id='word_1_44' title='bbox 2042 1461 2392 1552; x_wconf 86' lang='lat' dir='ltr'><strong>Europam</strong></span> <span class='ocrx_word' id='word_1_45' title='bbox 2430 1461 2875 1550; x_wconf 87' lang='lat' dir='ltr'><strong>traiecerunt,</strong></span> <span class='ocrx_word' id='word_1_46' title='bbox 2935 1461 3388 1552; x_wconf 82' lang='lat' dir='ltr'><strong>Galliopolim</strong></span> 
     </span>
     <span class='ocr_line' id='line_1_6' title="bbox 294 1578 3388 1677; baseline 0.002 -30"><span class='ocrx_word' id='word_1_47' title='bbox 294 1582 815 1669; x_wconf 90' lang='lat' dir='ltr'><strong>concesserunt,</strong></span> <span class='ocrx_word' id='word_1_48' title='bbox 872 1578 1035 1652; x_wconf 90' lang='lat' dir='ltr'><strong>inde</strong></span> <span class='ocrx_word' id='word_1_49' title='bbox 1090 1580 1176 1651; x_wconf 89' lang='lat' dir='ltr'><strong>ad</strong></span> <span class='ocrx_word' id='word_1_50' title='bbox 1215 1580 1783 1672; x_wconf 88' lang='lat' dir='ltr'><strong>Adrianopolim,</strong></span> <span class='ocrx_word' id='word_1_51' title='bbox 1842 1586 1911 1655; x_wconf 89' lang='lat' dir='ltr'><strong>et</strong></span> <span class='ocrx_word' id='word_1_52' title='bbox 1947 1580 2213 1672; x_wconf 89' lang='lat' dir='ltr'><strong>passim</strong></span> <span class='ocrx_word' id='word_1_53' title='bbox 2265 1585 2514 1673; x_wconf 87' lang='lat' dir='ltr'><strong>gentes</strong></span> <span class='ocrx_word' id='word_1_54' title='bbox 2549 1580 2930 1677; x_wconf 89' lang='lat' dir='ltr'><strong>armigeras</strong></span> <span class='ocrx_word' id='word_1_55' title='bbox 2977 1581 3388 1672; x_wconf 81' lang='lat' dir='ltr'>colligentes</span> 
     </span>
     <span class='ocr_line' id='line_1_7' title="bbox 291 1696 3385 1793; baseline 0.002 -26"><span class='ocrx_word' id='word_1_56' title='bbox 291 1696 810 1771; x_wconf 81' lang='lat' dir='ltr'><strong>validissimum</strong></span> <span class='ocrx_word' id='word_1_57' title='bbox 864 1705 1377 1793; x_wconf 88' lang='lat' dir='ltr'><strong>congregarunt</strong></span> <span class='ocrx_word' id='word_1_58' title='bbox 1412 1701 1830 1790; x_wconf 87' lang='lat' dir='ltr'><strong>exercitum,</strong></span> <span class='ocrx_word' id='word_1_59' title='bbox 1889 1722 2188 1793; x_wconf 88' lang='lat' dir='ltr'><strong>quocum</strong></span> <span class='ocrx_word' id='word_1_60' title='bbox 2243 1722 2490 1773; x_wconf 83' lang='lat' dir='ltr'><strong>versus</strong></span> <span class='ocrx_word' id='word_1_61' title='bbox 2547 1700 2945 1791; x_wconf 80' lang='lat' dir='ltr'>Nicopolim</span> <span class='ocrx_word' id='word_1_62' title='bbox 3001 1700 3385 1788; x_wconf 86' lang='lat' dir='ltr'><strong>venientes,</strong></span> 
     </span>
     <span class='ocr_line' id='line_1_8' title="bbox 291 1816 3384 1912; baseline 0.002 -26"><span class='ocrx_word' id='word_1_63' title='bbox 291 1816 592 1908; x_wconf 80' lang='lat' dir='ltr'><strong>vestigia</strong></span> <span class='ocrx_word' id='word_1_64' title='bbox 654 1817 871 1909; x_wconf 89' lang='lat' dir='ltr'><strong>Regis</strong></span> <span class='ocrx_word' id='word_1_65' title='bbox 934 1818 1265 1891; x_wconf 88' lang='lat' dir='ltr'><strong>continuo</strong></span> <span class='ocrx_word' id='word_1_66' title='bbox 1330 1840 1541 1892; x_wconf 88' lang='lat' dir='ltr'><strong>cursu</strong></span> <span class='ocrx_word' id='word_1_67' title='bbox 1604 1820 1967 1893; x_wconf 76' lang='lat' dir='ltr'><strong>subsecuti</strong></span> <span class='ocrx_word' id='word_1_68' title='bbox 2032 1824 2233 1907; x_wconf 88' lang='lat' dir='ltr'><strong>sunt,</strong></span> <span class='ocrx_word' id='word_1_69' title='bbox 2307 1824 2538 1893; x_wconf 88' lang='lat' dir='ltr'><strong>castra</strong></span> <span class='ocrx_word' id='word_1_70' title='bbox 2601 1841 2878 1912; x_wconf 88' lang='lat' dir='ltr'><strong>quoque</strong></span> <span class='ocrx_word' id='word_1_71' title='bbox 2940 1841 3068 1893; x_wconf 87' lang='lat' dir='ltr'><strong>sua</strong></span> <span class='ocrx_word' id='word_1_72' title='bbox 3122 1821 3384 1909; x_wconf 88' lang='lat' dir='ltr'><strong>eodem,</strong></span> 
     </span>
     <span class='ocr_line' id='line_1_9' title="bbox 290 1936 3434 2031; baseline 0.001 -24"><span class='ocrx_word' id='word_1_73' title='bbox 290 1957 425 2027; x_wconf 91' lang='lat' dir='ltr'><strong>quo</strong></span> <span class='ocrx_word' id='word_1_74' title='bbox 480 1936 824 2025; x_wconf 85' lang='lat' dir='ltr'><strong>diximus,</strong></span> <span class='ocrx_word' id='word_1_75' title='bbox 882 1959 1206 2029; x_wconf 84' lang='lat' dir='ltr'><strong>vespere,</strong></span> <span class='ocrx_word' id='word_1_76' title='bbox 1272 1938 1580 2031; x_wconf 89' lang='lat' dir='ltr'><strong>quinque</strong></span> <span class='ocrx_word' id='word_1_77' title='bbox 1638 1938 1958 2012; x_wconf 86' lang='lat' dir='ltr'><strong>millibus</strong></span> <span class='ocrx_word' id='word_1_78' title='bbox 2008 1959 2349 2030; x_wconf 81' lang='lat' dir='ltr'><strong>passuum</strong></span> <span class='ocrx_word' id='word_1_79' title='bbox 2413 1938 2499 2011; x_wconf 88' lang='lat' dir='ltr'><strong>ab</strong></span> <span class='ocrx_word' id='word_1_80' title='bbox 2555 1938 2869 2011; x_wconf 90' lang='lat' dir='ltr'><strong>exercitu</strong></span> <span class='ocrx_word' id='word_1_81' title='bbox 2921 1939 3114 2031; x_wconf 87' lang='lat' dir='ltr'><strong>regio</strong></span> <span class='ocrx_word' id='word_1_82' title='bbox 3171 1940 3383 2012; x_wconf 88' lang='lat' dir='ltr'><strong>collo·</strong></span> <span class='ocrx_word' id='word_1_83' title='bbox 3427 1954 3434 1961; x_wconf 84' lang='grc'><em>·</em></span> 
     </span>
     <span class='ocr_line' id='line_1_10' title="bbox 288 2056 3383 2150; baseline 0.001 -23"><span class='ocrx_word' id='word_1_84' title='bbox 288 2059 559 2128; x_wconf 85' lang='grc'><strong>6811161.</strong></span> <span class='ocrx_word' id='word_1_85' title='bbox 616 2056 818 2130; x_wconf 86' lang='lat' dir='ltr'><strong>Mane</strong></span> <span class='ocrx_word' id='word_1_86' title='bbox 874 2062 1107 2131; x_wconf 89' lang='lat' dir='ltr'><strong>antem</strong></span> <span class='ocrx_word' id='word_1_87' title='bbox 1162 2059 1369 2148; x_wconf 87' lang='lat' dir='ltr'><strong>facto,</strong></span> <span class='ocrx_word' id='word_1_88' title='bbox 1428 2059 1601 2131; x_wconf 88' lang='lat' dir='ltr'><strong>feria</strong></span> <span class='ocrx_word' id='word_1_89' title='bbox 1655 2059 1867 2132; x_wconf 89' lang='lat' dir='ltr'><strong>tertia</strong></span> <span class='ocrx_word' id='word_1_90' title='bbox 1919 2058 1994 2131; x_wconf 91' lang='lat' dir='ltr'><strong>in</strong></span> <span class='ocrx_word' id='word_1_91' title='bbox 2048 2057 2302 2150; x_wconf 86' lang='lat' dir='ltr'><strong>vigilia</strong></span> <span class='ocrx_word' id='word_1_92' title='bbox 2357 2058 2599 2131; x_wconf 85' lang='lat' dir='ltr'><strong>Sancti</strong></span> <span class='ocrx_word' id='word_1_93' title='bbox 2634 2058 2955 2146; x_wconf 86' lang='lat' dir='ltr'><strong>Martini,</strong></span> <span class='ocrx_word' id='word_1_94' title='bbox 3015 2081 3155 2131; x_wconf 87' lang='lat' dir='ltr'><strong>una</strong></span> <span class='ocrx_word' id='word_1_95' title='bbox 3209 2059 3383 2131; x_wconf 90' lang='lat' dir='ltr'><strong>dun-</strong></span> 
     </span>
     <span class='ocr_line' id='line_1_11' title="bbox 292 2177 3384 2269; baseline 0.002 -23"><span class='ocrx_word' id='word_1_96' title='bbox 292 2179 493 2247; x_wconf 89' lang='lat' dir='ltr'><strong>taxat</strong></span> <span class='ocrx_word' id='word_1_97' title='bbox 545 2177 717 2249; x_wconf 86' lang='lat' dir='ltr'><strong>hora</strong></span> <span class='ocrx_word' id='word_1_98' title='bbox 770 2182 932 2269; x_wconf 88' lang='lat' dir='ltr'><strong>post</strong></span> <span class='ocrx_word' id='word_1_99' title='bbox 986 2182 1214 2251; x_wconf 86' lang='lat' dir='ltr'><strong>ortum</strong></span> <span class='ocrx_word' id='word_1_100' title='bbox 1270 2178 1476 2266; x_wconf 91' lang='lat' dir='ltr'><strong>solis,</strong></span> <span class='ocrx_word' id='word_1_101' title='bbox 1534 2180 1835 2252; x_wconf 83' lang='lat' dir='ltr'><strong>Teucros</strong></span> <span class='ocrx_word' id='word_1_102' title='bbox 1867 2177 1930 2268; x_wconf 76' lang='grc'>3)</span> <span class='ocrx_word' id='word_1_103' title='bbox 1984 2179 2362 2251; x_wconf 84' lang='lat' dir='ltr'><strong>adventare</strong></span> <span class='ocrx_word' id='word_1_104' title='bbox 2419 2180 2490 2251; x_wconf 90' lang='lat' dir='ltr'><strong>et</strong></span> <span class='ocrx_word' id='word_1_105' title='bbox 2541 2177 2806 2269; x_wconf 88' lang='lat' dir='ltr'><strong>pariter</strong></span> <span class='ocrx_word' id='word_1_106' title='bbox 2859 2179 3134 2267; x_wconf 87' lang='lat' dir='ltr'><strong>adesse,</strong></span> <span class='ocrx_word' id='word_1_107' title='bbox 3192 2183 3384 2253; x_wconf 89' lang='lat' dir='ltr'><strong>totus</strong></span> 
     </span>
     <span class='ocr_line' id='line_1_12' title="bbox 286 2297 3385 2389; baseline 0.002 -23"><span class='ocrx_word' id='word_1_108' title='bbox 286 2314 445 2367; x_wconf 91' lang='lat' dir='ltr'><strong>ecce</strong></span> <span class='ocrx_word' id='word_1_109' title='bbox 498 2297 889 2369; x_wconf 88' lang='lat' dir='ltr'><strong>conclamat</strong></span> <span class='ocrx_word' id='word_1_110' title='bbox 942 2297 1317 2371; x_wconf 91' lang='lat' dir='ltr'><strong>exercitus.</strong></span> <span class='ocrx_word' id='word_1_111' title='bbox 1388 2297 1687 2389; x_wconf 85' lang='lat' dir='ltr'><strong>Capiunt</strong></span> <span class='ocrx_word' id='word_1_112' title='bbox 1742 2320 1934 2371; x_wconf 88' lang='lat' dir='ltr'><strong>arma</strong></span> <span class='ocrx_word' id='word_1_113' title='bbox 1988 2297 2253 2371; x_wconf 81' lang='lat' dir='ltr'><strong>milites</strong></span> <span class='ocrx_word' id='word_1_114' title='bbox 2307 2298 2654 2371; x_wconf 90' lang='lat' dir='ltr'><strong>bellorum</strong></span> <span class='ocrx_word' id='word_1_115' title='bbox 2709 2298 2930 2386; x_wconf 83' lang='lat' dir='ltr'><strong>avidi,</strong></span> <span class='ocrx_word' id='word_1_116' title='bbox 2989 2300 3260 2372; x_wconf 91' lang='lat' dir='ltr'><strong>coelum</strong></span> <span class='ocrx_word' id='word_1_117' title='bbox 3313 2304 3385 2371; x_wconf 87' lang='lat' dir='ltr'><strong>et</strong></span> 
     </span>
     <span class='ocr_line' id='line_1_13' title="bbox 285 2416 3383 2510; baseline 0.001 -24"><span class='ocrx_word' id='word_1_118' title='bbox 285 2435 474 2488; x_wconf 87' lang='lat' dir='ltr'><strong>mare</strong></span> <span class='ocrx_word' id='word_1_119' title='bbox 527 2416 817 2489; x_wconf 86' lang='lat' dir='ltr'><strong>vocibus</strong></span> <span class='ocrx_word' id='word_1_120' title='bbox 881 2419 1170 2510; x_wconf 85' lang='lat' dir='ltr'><strong>opplent</strong></span> <span class='ocrx_word' id='word_1_121' title='bbox 1199 2416 1287 2507; x_wconf 85' lang='lat'><strong>⁴),</strong></span> <span class='ocrx_word' id='word_1_122' title='bbox 1366 2417 1690 2490; x_wconf 87' lang='lat' dir='ltr'><strong>tentoriis</strong></span> <span class='ocrx_word' id='word_1_123' title='bbox 1744 2417 2001 2490; x_wconf 85' lang='lat' dir='ltr'><strong>levatis</strong></span> <span class='ocrx_word' id='word_1_124' title='bbox 2057 2422 2127 2490; x_wconf 90' lang='lat' dir='ltr'><strong>et</strong></span> <span class='ocrx_word' id='word_1_125' title='bbox 2183 2417 2502 2490; x_wconf 88' lang='lat' dir='ltr'><strong>curribus</strong></span> <span class='ocrx_word' id='word_1_126' title='bbox 2557 2417 3023 2509; x_wconf 80' lang='grc'><strong>111-8611818118,</strong></span> <span class='ocrx_word' id='word_1_127' title='bbox 3098 2418 3383 2491; x_wconf 88' lang='grc' dir='ltr'><strong>Τ6116118</strong></span> 
     </span>
     <span class='ocr_line' id='line_1_14' title="bbox 287 2526 3382 2629; baseline 0.001 -24"><span class='ocrx_word' id='word_1_128' title='bbox 287 2534 563 2607; x_wconf 86' lang='lat' dir='ltr'><strong>obviam</strong></span> <span class='ocrx_word' id='word_1_129' title='bbox 620 2535 787 2625; x_wconf 86' lang='lat' dir='ltr'><strong>itur,</strong></span> <span class='ocrx_word' id='word_1_130' title='bbox 861 2537 1059 2609; x_wconf 92' lang='lat' dir='ltr'><strong>nullo</strong></span> <span class='ocrx_word' id='word_1_131' title='bbox 1115 2537 1200 2609; x_wconf 91' lang='lat' dir='ltr'><strong>de</strong></span> <span class='ocrx_word' id='word_1_132' title='bbox 1254 2526 1432 2629; x_wconf 72' lang='lat' dir='ltr'><strong>i&#39;psis</strong></span> <span class='ocrx_word' id='word_1_133' title='bbox 1487 2537 1809 2610; x_wconf 90' lang='lat' dir='ltr'><strong>curribus</strong></span> <span class='ocrx_word' id='word_1_134' title='bbox 1866 2558 2052 2611; x_wconf 91' lang='lat' dir='ltr'><strong>more</strong></span> <span class='ocrx_word' id='word_1_135' title='bbox 2106 2537 2821 2615; x_wconf 76' lang='lat' dir='ltr'><strong>Thaborinstructo</strong></span> <span class='ocrx_word' id='word_1_136' title='bbox 2843 2536 2928 2626; x_wconf 81' lang='lat'><strong>5),</strong></span> <span class='ocrx_word' id='word_1_137' title='bbox 2987 2536 3243 2628; x_wconf 91' lang='lat' dir='ltr'><strong>quibus</strong></span> <span class='ocrx_word' id='word_1_138' title='bbox 3306 2537 3382 2609; x_wconf 93' lang='lat' dir='ltr'><strong>in</strong></span> 
     </span>
     <span class='ocr_line' id='line_1_15' title="bbox 287 2654 3376 2747; baseline 0.002 -22"><span class='ocrx_word' id='word_1_139' title='bbox 287 2654 521 2728; x_wconf 90' lang='lat' dir='ltr'><strong>orbem</strong></span> <span class='ocrx_word' id='word_1_140' title='bbox 574 2655 1015 2747; x_wconf 90' lang='lat' dir='ltr'><strong>compositis,</strong></span> <span class='ocrx_word' id='word_1_141' title='bbox 1072 2656 1295 2747; x_wconf 90' lang='lat' dir='ltr'><strong>primo</strong></span> <span class='ocrx_word' id='word_1_142' title='bbox 1322 2712 1340 2744; x_wconf 88' lang='lat'><strong>,</strong></span> <span class='ocrx_word' id='word_1_143' title='bbox 1398 2658 1699 2731; x_wconf 90' lang='lat' dir='ltr'><strong>secundo</strong></span> <span class='ocrx_word' id='word_1_144' title='bbox 1756 2661 1825 2730; x_wconf 92' lang='lat' dir='ltr'><strong>et</strong></span> <span class='ocrx_word' id='word_1_145' title='bbox 1879 2655 2089 2729; x_wconf 89' lang='lat' dir='ltr'><strong>tertio</strong></span> <span class='ocrx_word' id='word_1_146' title='bbox 2144 2677 2474 2730; x_wconf 89' lang='lat' dir='ltr'><strong>curruum</strong></span> <span class='ocrx_word' id='word_1_147' title='bbox 2529 2655 2768 2737; x_wconf 84' lang='lat' dir='ltr'>ordine</span> <span class='ocrx_word' id='word_1_148' title='bbox 2821 2657 3019 2729; x_wconf 83' lang='lat' dir='ltr'><strong>velut</strong></span> <span class='ocrx_word' id='word_1_149' title='bbox 3073 2678 3110 2729; x_wconf 92' lang='lat' dir='ltr'>e</span> <span class='ocrx_word' id='word_1_150' title='bbox 3164 2658 3376 2730; x_wconf 85' lang='lat' dir='ltr'><strong>forta-</strong></span> 
     </span>
     <span class='ocr_line' id='line_1_16' title="bbox 285 2774 3378 2869; baseline 0.001 -23"><span class='ocrx_word' id='word_1_151' title='bbox 285 2774 468 2847; x_wconf 87' lang='lat' dir='ltr'><strong>litiis</strong></span> <span class='ocrx_word' id='word_1_152' title='bbox 498 2775 561 2864; x_wconf 67' lang='grc'>6)</span> <span class='ocrx_word' id='word_1_153' title='bbox 618 2776 843 2848; x_wconf 86' lang='grc'><strong>11111118</strong></span> <span class='ocrx_word' id='word_1_154' title='bbox 898 2797 1210 2869; x_wconf 88' lang='lat' dir='ltr'><strong>pugnare</strong></span> <span class='ocrx_word' id='word_1_155' title='bbox 1263 2781 1539 2868; x_wconf 87' lang='lat' dir='ltr'><strong>poterat</strong></span> <span class='ocrx_word' id='word_1_156' title='bbox 1593 2777 1984 2864; x_wconf 82' lang='lat' dir='ltr'><strong>exercitus3</strong></span> <span class='ocrx_word' id='word_1_157' title='bbox 2063 2777 2186 2851; x_wconf 89' lang='lat' dir='ltr'><strong>sed</strong></span> <span class='ocrx_word' id='word_1_158' title='bbox 2241 2776 2472 2848; x_wconf 84' lang='lat' dir='ltr'><strong>visum</strong></span> <span class='ocrx_word' id='word_1_159' title='bbox 2527 2780 2636 2847; x_wconf 91' lang='lat' dir='ltr'><strong>est</strong></span> <span class='ocrx_word' id='word_1_160' title='bbox 2689 2774 2869 2868; x_wconf 87' lang='lat' dir='ltr'><strong>Regi</strong></span> <span class='ocrx_word' id='word_1_161' title='bbox 2925 2775 3078 2848; x_wconf 89' lang='lat' dir='ltr'><strong>ideo</strong></span> <span class='ocrx_word' id='word_1_162' title='bbox 3133 2796 3378 2849; x_wconf 89' lang='lat' dir='ltr'><strong>currus</strong></span> 
     </span>
     <span class='ocr_line' id='line_1_17' title="bbox 285 2893 3374 2988; baseline 0.001 -23"><span class='ocrx_word' id='word_1_163' title='bbox 285 2893 359 2965; x_wconf 91' lang='lat' dir='ltr'><strong>in</strong></span> <span class='ocrx_word' id='word_1_164' title='bbox 400 2893 709 2967; x_wconf 86' lang='lat' dir='ltr'><strong>ordinem</strong></span> <span class='ocrx_word' id='word_1_165' title='bbox 765 2915 903 2966; x_wconf 91' lang='lat' dir='ltr'><strong>non</strong></span> <span class='ocrx_word' id='word_1_166' title='bbox 937 2895 1136 2987; x_wconf 91' lang='lat' dir='ltr'><strong>poni,</strong></span> <span class='ocrx_word' id='word_1_167' title='bbox 1194 2900 1273 2968; x_wconf 92' lang='lat' dir='ltr'><strong>ut</strong></span> <span class='ocrx_word' id='word_1_168' title='bbox 1312 2896 1611 2988; x_wconf 89' lang='lat' dir='ltr'><strong>singuli,</strong></span> <span class='ocrx_word' id='word_1_169' title='bbox 1670 2897 1792 2988; x_wconf 91' lang='lat' dir='ltr'><strong>qui</strong></span> <span class='ocrx_word' id='word_1_170' title='bbox 1829 2896 1905 2969; x_wconf 90' lang='lat' dir='ltr'><strong>in</strong></span> <span class='ocrx_word' id='word_1_171' title='bbox 1942 2894 2091 2970; x_wconf 89' lang='lat' dir='ltr'><strong>illis</strong></span> <span class='ocrx_word' id='word_1_172' title='bbox 2130 2896 2414 2968; x_wconf 87' lang='lat' dir='ltr'><strong>latitare</strong></span> <span class='ocrx_word' id='word_1_173' title='bbox 2453 2899 2988 2984; x_wconf 80' lang='lat' dir='ltr'><strong>consueverant,</strong></span> <span class='ocrx_word' id='word_1_174' title='bbox 3047 2895 3120 2968; x_wconf 92' lang='lat' dir='ltr'><strong>in</strong></span> <span class='ocrx_word' id='word_1_175' title='bbox 3157 2896 3374 2969; x_wconf 91' lang='lat' dir='ltr'><strong>aciem</strong></span> 
     </span>
     <span class='ocr_line' id='line_1_18' title="bbox 285 3013 3369 3106; baseline 0.001 -22"><span class='ocrx_word' id='word_1_176' title='bbox 285 3013 641 3103; x_wconf 87' lang='lat' dir='ltr'><strong>prodirent</strong></span> <span class='ocrx_word' id='word_1_177' title='bbox 676 3019 745 3087; x_wconf 86' lang='lat' dir='ltr'><strong>et</strong></span> <span class='ocrx_word' id='word_1_178' title='bbox 801 3015 1183 3088; x_wconf 90' lang='lat' dir='ltr'><strong>auctiorem</strong></span> <span class='ocrx_word' id='word_1_179' title='bbox 1221 3017 1525 3089; x_wconf 87' lang='lat' dir='ltr'><strong>facerent</strong></span> <span class='ocrx_word' id='word_1_180' title='bbox 1562 3016 1972 3090; x_wconf 87' lang='lat' dir='ltr'><strong>exercitum.</strong></span> <span class='ocrx_word' id='word_1_181' title='bbox 2013 3014 2260 3087; x_wconf 87' lang='lat' dir='ltr'><strong>Nullis</strong></span> <span class='ocrx_word' id='word_1_182' title='bbox 2299 3016 2534 3101; x_wconf 90' lang='lat' dir='ltr'><strong>etiam,</strong></span> <span class='ocrx_word' id='word_1_183' title='bbox 2574 3014 2890 3087; x_wconf 90' lang='lat' dir='ltr'><strong>nescitur</strong></span> <span class='ocrx_word' id='word_1_184' title='bbox 2943 3036 3079 3106; x_wconf 91' lang='lat' dir='ltr'><strong>quo</strong></span> <span class='ocrx_word' id='word_1_185' title='bbox 3119 3017 3260 3087; x_wconf 87' lang='lat' dir='ltr'><strong>fato</strong></span> <span class='ocrx_word' id='word_1_186' title='bbox 3285 3015 3369 3103; x_wconf 84' lang='lat'><strong>⁷),</strong></span> 
     </span>
     <span class='ocr_line' id='line_1_19' title="bbox 286 3132 3376 3227; baseline 0 -20"><span class='ocrx_word' id='word_1_187' title='bbox 286 3132 681 3207; x_wconf 84' lang='lat' dir='ltr'><strong>bombardis</strong></span> <span class='ocrx_word' id='word_1_188' title='bbox 737 3155 860 3227; x_wconf 84' lang='lat' dir='ltr'><strong>seu</strong></span> <span class='ocrx_word' id='word_1_189' title='bbox 888 3132 953 3223; x_wconf 84' lang='grc'><strong>8)</strong></span> <span class='ocrx_word' id='word_1_190' title='bbox 1008 3135 1377 3209; x_wconf 84' lang='grc'><strong>1611666118</strong></span> <span class='ocrx_word' id='word_1_191' title='bbox 1416 3135 1791 3224; x_wconf 85' lang='lat' dir='ltr'><strong>instruxit,</strong></span> <span class='ocrx_word' id='word_1_192' title='bbox 1850 3136 2104 3227; x_wconf 85' lang='lat' dir='ltr'><strong>quibus</strong></span> <span class='ocrx_word' id='word_1_193' title='bbox 2145 3138 2380 3207; x_wconf 88' lang='lat' dir='ltr'><strong>tamen</strong></span> <span class='ocrx_word' id='word_1_194' title='bbox 2434 3138 2503 3207; x_wconf 92' lang='lat' dir='ltr'><strong>et</strong></span> <span class='ocrx_word' id='word_1_195' title='bbox 2539 3134 2788 3208; x_wconf 90' lang='lat' dir='ltr'><strong>terreri</strong></span> <span class='ocrx_word' id='word_1_196' title='bbox 2843 3139 2912 3207; x_wconf 90' lang='lat' dir='ltr'><strong>et</strong></span> <span class='ocrx_word' id='word_1_197' title='bbox 2965 3134 3220 3207; x_wconf 86' lang='lat' dir='ltr'><strong>offendi</strong></span> <span class='ocrx_word' id='word_1_198' title='bbox 3254 3157 3376 3227; x_wconf 86' lang='lat' dir='ltr'><strong>pa-</strong></span> 
     </span>
     <span class='ocr_line' id='line_1_20' title="bbox 279 3252 3378 3348; baseline 0 -22"><span class='ocrx_word' id='word_1_199' title='bbox 279 3252 459 3326; x_wconf 88' lang='lat' dir='ltr'><strong>riter</strong></span> <span class='ocrx_word' id='word_1_200' title='bbox 510 3253 796 3329; x_wconf 89' lang='lat' dir='ltr'><strong>hostilis</strong></span> <span class='ocrx_word' id='word_1_201' title='bbox 848 3254 1200 3345; x_wconf 89' lang='lat' dir='ltr'><strong>potuisset</strong></span> <span class='ocrx_word' id='word_1_202' title='bbox 1256 3256 1643 3342; x_wconf 89' lang='lat' dir='ltr'><strong>exercitus;</strong></span> <span class='ocrx_word' id='word_1_203' title='bbox 1702 3255 1824 3327; x_wconf 92' lang='lat' dir='ltr'><strong>sed</strong></span> <span class='ocrx_word' id='word_1_204' title='bbox 1878 3256 2063 3327; x_wconf 88' lang='lat' dir='ltr'><strong>mala</strong></span> <span class='ocrx_word' id='word_1_205' title='bbox 2119 3255 2458 3345; x_wconf 87' lang='lat' dir='ltr'><strong>quaedam</strong></span> <span class='ocrx_word' id='word_1_206' title='bbox 2513 3253 2730 3348; x_wconf 90' lang='lat' dir='ltr'><strong>Regis</strong></span> <span class='ocrx_word' id='word_1_207' title='bbox 2787 3255 3114 3327; x_wconf 83' lang='lat' dir='ltr'><strong>valetudo</strong></span> <span class='ocrx_word' id='word_1_208' title='bbox 3168 3255 3378 3329; x_wconf 88' lang='lat' dir='ltr'><strong>rebus</strong></span> 
     </span>
     <span class='ocr_line' id='line_1_21' title="bbox 277 3372 3376 3467; baseline 0.001 -22"><span class='ocrx_word' id='word_1_209' title='bbox 277 3372 716 3447; x_wconf 90' lang='lat' dir='ltr'><strong>instruendis</strong></span> <span class='ocrx_word' id='word_1_210' title='bbox 786 3395 925 3446; x_wconf 91' lang='lat' dir='ltr'><strong>non</strong></span> <span class='ocrx_word' id='word_1_211' title='bbox 988 3374 1431 3449; x_wconf 79' lang='lat' dir='ltr'><strong>mediocriter</strong></span> <span class='ocrx_word' id='word_1_212' title='bbox 1492 3374 1749 3447; x_wconf 82' lang='lat' dir='ltr'><strong>obfuit:</strong></span> <span class='ocrx_word' id='word_1_213' title='bbox 1824 3396 1985 3446; x_wconf 89' lang='lat' dir='ltr'><strong>nam</strong></span> <span class='ocrx_word' id='word_1_214' title='bbox 2049 3395 2208 3447; x_wconf 93' lang='lat' dir='ltr'><strong>cum</strong></span> <span class='ocrx_word' id='word_1_215' title='bbox 2272 3374 2348 3446; x_wconf 93' lang='lat' dir='ltr'><strong>in</strong></span> <span class='ocrx_word' id='word_1_216' title='bbox 2414 3374 2702 3446; x_wconf 90' lang='lat' dir='ltr'><strong>sinistro</strong></span> <span class='ocrx_word' id='word_1_217' title='bbox 2767 3374 2939 3466; x_wconf 92' lang='lat' dir='ltr'><strong>pede</strong></span> <span class='ocrx_word' id='word_1_218' title='bbox 3004 3376 3161 3447; x_wconf 93' lang='lat' dir='ltr'><strong>Rex</strong></span> <span class='ocrx_word' id='word_1_219' title='bbox 3225 3375 3376 3467; x_wconf 89' lang='lat' dir='ltr'><strong>ipse</strong></span> 
     </span>
     <span class='ocr_line' id='line_1_22' title="bbox 278 3493 3374 3591; baseline 0.001 -26"><span class='ocrx_word' id='word_1_220' title='bbox 278 3496 713 3584; x_wconf 80' lang='lat' dir='ltr'><strong>apostemate</strong></span> <span class='ocrx_word' id='word_1_221' title='bbox 768 3495 1062 3587; x_wconf 89' lang='lat' dir='ltr'><strong>quodam</strong></span> <span class='ocrx_word' id='word_1_222' title='bbox 1120 3496 1484 3587; x_wconf 88' lang='lat' dir='ltr'><strong>paulisper</strong></span> <span class='ocrx_word' id='word_1_223' title='bbox 1537 3498 1950 3591; x_wconf 83' lang='lat' dir='ltr'><strong>aegrotaret,</strong></span> <span class='ocrx_word' id='word_1_224' title='bbox 2006 3494 2295 3565; x_wconf 87' lang='lat' dir='ltr'><strong>Huniad</strong></span> <span class='ocrx_word' id='word_1_225' title='bbox 2332 3494 2641 3566; x_wconf 87' lang='lat' dir='ltr'><strong>Ianusch</strong></span> <span class='ocrx_word' id='word_1_226' title='bbox 2671 3493 2733 3582; x_wconf 81' lang='grc'>9)</span> <span class='ocrx_word' id='word_1_227' title='bbox 2769 3493 3212 3585; x_wconf 81' lang='lat' dir='ltr'><strong>Woyewoda,</strong></span> <span class='ocrx_word' id='word_1_228' title='bbox 3251 3495 3374 3568; x_wconf 86' lang='lat' dir='ltr'><strong>Ca-</strong></span> 
     </span>
     <span class='ocr_line' id='line_1_23' title="bbox 274 3613 3373 3706; baseline 0.001 -21"><span class='ocrx_word' id='word_1_229' title='bbox 274 3614 607 3705; x_wconf 90' lang='lat' dir='ltr'><strong>pitaneus</strong></span> <span class='ocrx_word' id='word_1_230' title='bbox 645 3613 1022 3703; x_wconf 87' lang='lat' dir='ltr'><strong>exercitus,</strong></span> <span class='ocrx_word' id='word_1_231' title='bbox 1065 3614 1250 3688; x_wconf 87' lang='lat' dir='ltr'><strong>acies</strong></span> <span class='ocrx_word' id='word_1_232' title='bbox 1286 3614 1635 3687; x_wconf 85' lang='lat' dir='ltr'><strong>instruxit</strong></span> <span class='ocrx_word' id='word_1_233' title='bbox 1688 3621 1757 3687; x_wconf 93' lang='lat' dir='ltr'><strong>et</strong></span> <span class='ocrx_word' id='word_1_234' title='bbox 1793 3613 2055 3688; x_wconf 80' lang='lat' dir='ltr'><strong>locavit</strong></span> <span class='ocrx_word' id='word_1_235' title='bbox 2091 3614 2165 3685; x_wconf 92' lang='lat' dir='ltr'><strong>in</strong></span> <span class='ocrx_word' id='word_1_236' title='bbox 2202 3614 2388 3685; x_wconf 88' lang='lat' dir='ltr'><strong>hunc</strong></span> <span class='ocrx_word' id='word_1_237' title='bbox 2426 3613 2729 3685; x_wconf 90' lang='lat' dir='ltr'><strong>modum.</strong></span> <span class='ocrx_word' id='word_1_238' title='bbox 2787 3613 2873 3685; x_wconf 94' lang='lat' dir='ltr'><strong>In</strong></span> <span class='ocrx_word' id='word_1_239' title='bbox 2912 3634 3113 3687; x_wconf 88' lang='lat' dir='ltr'><strong>arcus</strong></span> <span class='ocrx_word' id='word_1_240' title='bbox 3151 3614 3373 3706; x_wconf 90' lang='lat' dir='ltr'><strong>siqui-</strong></span> 
     </span>
     <span class='ocr_line' id='line_1_24' title="bbox 276 3732 3376 3826; baseline 0 -21"><span class='ocrx_word' id='word_1_241' title='bbox 276 3734 436 3805; x_wconf 91' lang='lat' dir='ltr'><strong>dem</strong></span> <span class='ocrx_word' id='word_1_242' title='bbox 491 3734 773 3806; x_wconf 90' lang='lat' dir='ltr'><strong>modum</strong></span> <span class='ocrx_word' id='word_1_243' title='bbox 828 3755 954 3825; x_wconf 91' lang='lat' dir='ltr'><strong>per</strong></span> <span class='ocrx_word' id='word_1_244' title='bbox 1008 3734 1353 3826; x_wconf 84' lang='lat' dir='ltr'><strong>quendam</strong></span> <span class='ocrx_word' id='word_1_245' title='bbox 1406 3735 1667 3807; x_wconf 88' lang='lat' dir='ltr'><strong>vallem</strong></span> <span class='ocrx_word' id='word_1_246' title='bbox 1721 3735 1971 3821; x_wconf 88' lang='lat' dir='ltr'><strong>latam,</strong></span> <span class='ocrx_word' id='word_1_247' title='bbox 2030 3734 2228 3806; x_wconf 93' lang='lat' dir='ltr'><strong>mille</strong></span> <span class='ocrx_word' id='word_1_248' title='bbox 2281 3732 2560 3805; x_wconf 87' lang='lat' dir='ltr'><strong>circiter</strong></span> <span class='ocrx_word' id='word_1_249' title='bbox 2612 3732 2939 3824; x_wconf 87' lang='lat' dir='ltr'><strong>passibus</strong></span> <span class='ocrx_word' id='word_1_250' title='bbox 2995 3733 3181 3807; x_wconf 88' lang='lat' dir='ltr'><strong>acies</strong></span> <span class='ocrx_word' id='word_1_251' title='bbox 3237 3733 3376 3806; x_wconf 92' lang='lat' dir='ltr'><strong>sibi</strong></span> 
     </span>
     <span class='ocr_line' id='line_1_25' title="bbox 270 3852 3372 3946; baseline 0 -21"><span class='ocrx_word' id='word_1_252' title='bbox 270 3852 652 3945; x_wconf 84' lang='lat' dir='ltr'><strong>contiguae</strong></span> <span class='ocrx_word' id='word_1_253' title='bbox 716 3852 1225 3942; x_wconf 86' lang='lat' dir='ltr'><strong>consistebant,</strong></span> <span class='ocrx_word' id='word_1_254' title='bbox 1300 3874 1619 3946; x_wconf 89' lang='lat' dir='ltr'><strong>campum</strong></span> <span class='ocrx_word' id='word_1_255' title='bbox 1684 3855 2047 3945; x_wconf 90' lang='lat' dir='ltr'><strong>opplentes</strong></span> <span class='ocrx_word' id='word_1_256' title='bbox 2112 3874 2153 3925; x_wconf 92' lang='lat' dir='ltr'><strong>a</strong></span> <span class='ocrx_word' id='word_1_257' title='bbox 2205 3854 2365 3925; x_wconf 85' lang='lat' dir='ltr'><strong>lacu</strong></span> <span class='ocrx_word' id='word_1_258' title='bbox 2438 3853 2578 3925; x_wconf 89' lang='lat' dir='ltr'><strong>fere</strong></span> <span class='ocrx_word' id='word_1_259' title='bbox 2638 3873 2863 3942; x_wconf 88' lang='lat' dir='ltr'><strong>usque</strong></span> <span class='ocrx_word' id='word_1_260' title='bbox 2927 3852 3014 3923; x_wconf 90' lang='lat' dir='ltr'><strong>ad</strong></span> <span class='ocrx_word' id='word_1_261' title='bbox 3076 3856 3372 3943; x_wconf 88' lang='lat' dir='ltr'><strong>montes,</strong></span> 
     </span>
     <span class='ocr_line' id='line_1_26' title="bbox 273 3970 3374 4065; baseline 0 -22"><span class='ocrx_word' id='word_1_262' title='bbox 273 3972 401 4064; x_wconf 89' lang='lat' dir='ltr'><strong>qui</strong></span> <span class='ocrx_word' id='word_1_263' title='bbox 456 3972 729 4045; x_wconf 91' lang='lat' dir='ltr'><strong>deserto</strong></span> <span class='ocrx_word' id='word_1_264' title='bbox 784 3972 1101 4065; x_wconf 86' lang='lat' dir='ltr'><strong>contigui</strong></span> <span class='ocrx_word' id='word_1_265' title='bbox 1154 3976 1353 4060; x_wconf 91' lang='lat' dir='ltr'><strong>sunt;</strong></span> <span class='ocrx_word' id='word_1_266' title='bbox 1426 3995 1467 4045; x_wconf 90' lang='lat' dir='ltr'><strong>a</strong></span> <span class='ocrx_word' id='word_1_267' title='bbox 1522 3973 1809 4045; x_wconf 89' lang='lat' dir='ltr'><strong>sinistro</strong></span> <span class='ocrx_word' id='word_1_268' title='bbox 1873 3994 2088 4045; x_wconf 90' lang='lat' dir='ltr'><strong>cornu</strong></span> <span class='ocrx_word' id='word_1_269' title='bbox 2141 3993 2354 4063; x_wconf 91' lang='lat' dir='ltr'><strong>penes</strong></span> <span class='ocrx_word' id='word_1_270' title='bbox 2423 3973 2653 4044; x_wconf 89' lang='lat' dir='ltr'><strong>lacum</strong></span> <span class='ocrx_word' id='word_1_271' title='bbox 2720 3970 2901 4043; x_wconf 92' lang='lat' dir='ltr'><strong>idem</strong></span> <span class='ocrx_word' id='word_1_272' title='bbox 2956 3971 3374 4063; x_wconf 83' lang='lat' dir='ltr'><strong>Woyewoda</strong></span> 
     </span>
     <span class='ocr_line' id='line_1_27' title="bbox 271 4091 3370 4184; baseline 0 -22"><span class='ocrx_word' id='word_1_273' title='bbox 271 4091 587 4183; x_wconf 82' lang='lat' dir='ltr'><strong>quinque</strong></span> <span class='ocrx_word' id='word_1_274' title='bbox 643 4091 913 4164; x_wconf 86' lang='lat' dir='ltr'><strong>vexilla</strong></span> <span class='ocrx_word' id='word_1_275' title='bbox 967 4093 1350 4182; x_wconf 83' lang='lat' dir='ltr'><strong>locaverat,</strong></span> <span class='ocrx_word' id='word_1_276' title='bbox 1425 4097 1577 4165; x_wconf 91' lang='lat' dir='ltr'><strong>tum</strong></span> <span class='ocrx_word' id='word_1_277' title='bbox 1642 4113 1731 4165; x_wconf 93' lang='lat' dir='ltr'><strong>ex</strong></span> <span class='ocrx_word' id='word_1_278' title='bbox 1783 4092 2119 4184; x_wconf 86' lang='grc'><strong>1116111118,</strong></span> <span class='ocrx_word' id='word_1_279' title='bbox 2196 4096 2347 4164; x_wconf 88' lang='grc'><strong>11116</strong></span> <span class='ocrx_word' id='word_1_280' title='bbox 2414 4112 2501 4164; x_wconf 87' lang='lat' dir='ltr'><strong>ex</strong></span> <span class='ocrx_word' id='word_1_281' title='bbox 2556 4091 2936 4164; x_wconf 89' lang='lat' dir='ltr'><strong>baronibus</strong></span> <span class='ocrx_word' id='word_1_282' title='bbox 3003 4091 3370 4184; x_wconf 88' lang='lat' dir='ltr'><strong>Hungaro-</strong></span> 
     </span>
     <span class='ocr_line' id='line_1_28' title="bbox 269 4210 3368 4311; baseline 0 -29"><span class='ocrx_word' id='word_1_283' title='bbox 269 4232 463 4311; x_wconf 80' lang='lat' dir='ltr'><strong>rum:</strong></span> <span class='ocrx_word' id='word_1_284' title='bbox 520 4216 893 4303; x_wconf 88' lang='lat' dir='ltr'><strong>postquam</strong></span> <span class='ocrx_word' id='word_1_285' title='bbox 949 4216 1019 4285; x_wconf 88' lang='lat' dir='ltr'><strong>et</strong></span> <span class='ocrx_word' id='word_1_286' title='bbox 1072 4212 1226 4286; x_wconf 89' lang='lat' dir='ltr'><strong>Rex</strong></span> <span class='ocrx_word' id='word_1_287' title='bbox 1283 4214 1435 4305; x_wconf 90' lang='lat' dir='ltr'><strong>ipse</strong></span> <span class='ocrx_word' id='word_1_288' title='bbox 1487 4234 1645 4285; x_wconf 89' lang='lat' dir='ltr'><strong>cum</strong></span> <span class='ocrx_word' id='word_1_289' title='bbox 1682 4212 1832 4284; x_wconf 90' lang='lat' dir='ltr'><strong>suis</strong></span> <span class='ocrx_word' id='word_1_290' title='bbox 1886 4211 2178 4285; x_wconf 84' lang='lat' dir='ltr'><strong>vexillis</strong></span> <span class='ocrx_word' id='word_1_291' title='bbox 2233 4214 2304 4283; x_wconf 91' lang='lat' dir='ltr'><strong>et</strong></span> <span class='ocrx_word' id='word_1_292' title='bbox 2340 4210 2622 4284; x_wconf 89' lang='lat' dir='ltr'><strong>aciebus</strong></span> <span class='ocrx_word' id='word_1_293' title='bbox 2677 4212 3056 4283; x_wconf 90' lang='lat' dir='ltr'><strong>electorum</strong></span> <span class='ocrx_word' id='word_1_294' title='bbox 3112 4232 3198 4284; x_wconf 91' lang='lat' dir='ltr'><strong>ex</strong></span> <span class='ocrx_word' id='word_1_295' title='bbox 3236 4212 3368 4283; x_wconf 90' lang='lat' dir='ltr'><strong>Po-</strong></span> 
     </span>
     <span class='ocr_line' id='line_1_29' title="bbox 269 4329 3364 4423; baseline -0 -21"><span class='ocrx_word' id='word_1_296' title='bbox 269 4330 467 4403; x_wconf 88' lang='lat' dir='ltr'><strong>lonia</strong></span> <span class='ocrx_word' id='word_1_297' title='bbox 520 4334 591 4405; x_wconf 90' lang='lat' dir='ltr'><strong>et</strong></span> <span class='ocrx_word' id='word_1_298' title='bbox 645 4332 1010 4423; x_wconf 88' lang='lat' dir='ltr'><strong>Hungaria</strong></span> <span class='ocrx_word' id='word_1_299' title='bbox 1064 4331 1406 4420; x_wconf 90' lang='lat' dir='ltr'><strong>militum,</strong></span> <span class='ocrx_word' id='word_1_300' title='bbox 1476 4337 1808 4423; x_wconf 86' lang='lat' dir='ltr'><strong>tanquam</strong></span> <span class='ocrx_word' id='word_1_301' title='bbox 1870 4331 1947 4403; x_wconf 93' lang='lat' dir='ltr'><strong>in</strong></span> <span class='ocrx_word' id='word_1_302' title='bbox 2002 4330 2313 4403; x_wconf 90' lang='lat' dir='ltr'><strong>omnium</strong></span> <span class='ocrx_word' id='word_1_303' title='bbox 2368 4330 2674 4403; x_wconf 91' lang='lat' dir='ltr'><strong>acierum</strong></span> <span class='ocrx_word' id='word_1_304' title='bbox 2729 4334 2801 4403; x_wconf 89' lang='lat' dir='ltr'><strong>et</strong></span> <span class='ocrx_word' id='word_1_305' title='bbox 2853 4329 3161 4401; x_wconf 89' lang='lat' dir='ltr'><strong>militum</strong></span> <span class='ocrx_word' id='word_1_306' title='bbox 3216 4350 3364 4402; x_wconf 92' lang='lat' dir='ltr'><strong>cor-</strong></span> 
     </span>
     <span class='ocr_line' id='line_1_30' title="bbox 266 4448 3368 4544; baseline -0.001 -22"><span class='ocrx_word' id='word_1_307' title='bbox 266 4449 485 4522; x_wconf 88' lang='lat' dir='ltr'><strong>dibus</strong></span> <span class='ocrx_word' id='word_1_308' title='bbox 540 4470 789 4543; x_wconf 88' lang='lat' dir='ltr'><strong>magno</strong></span> <span class='ocrx_word' id='word_1_309' title='bbox 847 4451 1215 4542; x_wconf 86' lang='lat' dir='ltr'><strong>splendore</strong></span> <span class='ocrx_word' id='word_1_310' title='bbox 1279 4450 1759 4544; x_wconf 88' lang='lat' dir='ltr'><strong>dignitateque</strong></span> <span class='ocrx_word' id='word_1_311' title='bbox 1814 4452 2183 4538; x_wconf 87' lang='lat' dir='ltr'><strong>fremebat,</strong></span> <span class='ocrx_word' id='word_1_312' title='bbox 2251 4449 2433 4522; x_wconf 90' lang='lat' dir='ltr'><strong>nihil</strong></span> <span class='ocrx_word' id='word_1_313' title='bbox 2486 4448 2711 4541; x_wconf 86' lang='lat' dir='ltr'><strong>magis</strong></span> <span class='ocrx_word' id='word_1_314' title='bbox 2776 4449 3099 4539; x_wconf 85' lang='grc'><strong>66111668,</strong></span> <span class='ocrx_word' id='word_1_315' title='bbox 3160 4470 3368 4540; x_wconf 88' lang='lat' dir='ltr'><strong>quam</strong></span> 
     </span>
     <span class='ocr_line' id='line_1_31' title="bbox 268 4568 3372 4662; baseline -0.001 -19"><span class='ocrx_word' id='word_1_316' title='bbox 268 4591 557 4643; x_wconf 86' lang='lat' dir='ltr'><strong>manum</strong></span> <span class='ocrx_word' id='word_1_317' title='bbox 613 4590 1000 4658; x_wconf 89' lang='lat' dir='ltr'><strong>conserere,</strong></span> <span class='ocrx_word' id='word_1_318' title='bbox 1058 4571 1341 4643; x_wconf 86' lang='lat' dir='ltr'><strong>credens</strong></span> <span class='ocrx_word' id='word_1_319' title='bbox 1380 4592 1529 4658; x_wconf 90' lang='grc'><strong>668,</strong></span> <span class='ocrx_word' id='word_1_320' title='bbox 1587 4569 1712 4662; x_wconf 88' lang='lat' dir='ltr'><strong>qui</strong></span> <span class='ocrx_word' id='word_1_321' title='bbox 1763 4570 1946 4643; x_wconf 82' lang='lat' dir='ltr'><strong>infra</strong></span> <span class='ocrx_word' id='word_1_322' title='bbox 1982 4572 2404 4642; x_wconf 87' lang='lat' dir='ltr'><strong>Teucrorum</strong></span> <span class='ocrx_word' id='word_1_323' title='bbox 2455 4568 2936 4661; x_wconf 88' lang='lat' dir='ltr'><strong>possessiones</strong></span> <span class='ocrx_word' id='word_1_324' title='bbox 2992 4573 3062 4641; x_wconf 91' lang='lat' dir='ltr'><strong>et</strong></span> <span class='ocrx_word' id='word_1_325' title='bbox 3099 4570 3372 4643; x_wconf 90' lang='lat' dir='ltr'><strong>moenia</strong></span> 
     </span>
     <span class='ocr_line' id='line_1_32' title="bbox 267 4688 3365 4780; baseline 0 -19"><span class='ocrx_word' id='word_1_326' title='bbox 267 4688 508 4761; x_wconf 88' lang='lat' dir='ltr'><strong>tribus</strong></span> <span class='ocrx_word' id='word_1_327' title='bbox 563 4688 649 4761; x_wconf 91' lang='lat' dir='ltr'><strong>de</strong></span> <span class='ocrx_word' id='word_1_328' title='bbox 704 4688 1217 4780; x_wconf 86' lang='lat' dir='ltr'><strong>quinquaginta</strong></span> <span class='ocrx_word' id='word_1_329' title='bbox 1268 4688 1516 4762; x_wconf 88' lang='lat' dir='ltr'><strong>diebus</strong></span> <span class='ocrx_word' id='word_1_330' title='bbox 1572 4709 1805 4761; x_wconf 89' lang='lat' dir='ltr'><strong>secum</strong></span> <span class='ocrx_word' id='word_1_331' title='bbox 1861 4688 2340 4761; x_wconf 82' lang='lat' dir='ltr'><strong>militaverant</strong></span> <span class='ocrx_word' id='word_1_332' title='bbox 2395 4692 2465 4761; x_wconf 92' lang='lat' dir='ltr'><strong>et</strong></span> <span class='ocrx_word' id='word_1_333' title='bbox 2503 4689 2681 4761; x_wconf 90' lang='lat' dir='ltr'><strong>alias</strong></span> <span class='ocrx_word' id='word_1_334' title='bbox 2735 4710 2876 4760; x_wconf 89' lang='lat' dir='ltr'><strong>una</strong></span> <span class='ocrx_word' id='word_1_335' title='bbox 2931 4709 3166 4761; x_wconf 88' lang='lat' dir='ltr'><strong>secum</strong></span> <span class='ocrx_word' id='word_1_336' title='bbox 3220 4691 3365 4762; x_wconf 79' lang='lat' dir='ltr'><strong>fue-</strong></span> 
     </span>
     <span class='ocr_line' id='line_1_33' title="bbox 263 4806 3364 4900; baseline -0 -19"><span class='ocrx_word' id='word_1_337' title='bbox 263 4811 465 4895; x_wconf 91' lang='lat' dir='ltr'><strong>rant,</strong></span> <span class='ocrx_word' id='word_1_338' title='bbox 523 4806 596 4879; x_wconf 94' lang='lat' dir='ltr'><strong>in</strong></span> <span class='ocrx_word' id='word_1_339' title='bbox 635 4807 829 4880; x_wconf 93' lang='lat' dir='ltr'><strong>mille</strong></span> <span class='ocrx_word' id='word_1_340' title='bbox 882 4808 1195 4899; x_wconf 88' lang='lat' dir='ltr'><strong>pericula</strong></span> <span class='ocrx_word' id='word_1_341' title='bbox 1231 4808 1509 4897; x_wconf 88' lang='grc'><strong>11161118,</strong></span> <span class='ocrx_word' id='word_1_342' title='bbox 1568 4808 1756 4881; x_wconf 88' lang='grc'><strong>61661</strong></span> <span class='ocrx_word' id='word_1_343' title='bbox 1811 4808 2023 4880; x_wconf 90' lang='lat' dir='ltr'><strong>etiam</strong></span> <span class='ocrx_word' id='word_1_344' title='bbox 2077 4807 2344 4880; x_wconf 85' lang='lat' dir='ltr'><strong>virtute</strong></span> <span class='ocrx_word' id='word_1_345' title='bbox 2398 4807 2485 4879; x_wconf 91' lang='lat' dir='ltr'><strong>ad</strong></span> <span class='ocrx_word' id='word_1_346' title='bbox 2521 4811 2814 4880; x_wconf 91' lang='lat' dir='ltr'><strong>mortem</strong></span> <span class='ocrx_word' id='word_1_347' title='bbox 2868 4829 3092 4900; x_wconf 89' lang='lat' dir='ltr'><strong>usque</strong></span> <span class='ocrx_word' id='word_1_348' title='bbox 3131 4828 3364 4881; x_wconf 90' lang='lat' dir='ltr'><strong>secum</strong></span> 
     </span>
     <span class='ocr_line' id='line_1_34' title="bbox 264 4927 3362 5019; baseline 0 -18"><span class='ocrx_word' id='word_1_349' title='bbox 264 4948 428 5001; x_wconf 90' lang='lat' dir='ltr'><strong>esse</strong></span> <span class='ocrx_word' id='word_1_350' title='bbox 482 4932 948 5019; x_wconf 89' lang='lat' dir='ltr'><strong>pugnaturos;</strong></span> <span class='ocrx_word' id='word_1_351' title='bbox 1006 4928 1127 5001; x_wconf 85' lang='lat' dir='ltr'><strong>sed</strong></span> <span class='ocrx_word' id='word_1_352' title='bbox 1172 4928 1379 5001; x_wconf 88' lang='lat' dir='ltr'><strong>aliter</strong></span> <span class='ocrx_word' id='word_1_353' title='bbox 1435 4942 1641 5019; x_wconf 87' lang='lat' dir='ltr'><strong>quam</strong></span> <span class='ocrx_word' id='word_1_354' title='bbox 1678 4928 1834 5001; x_wconf 88' lang='lat' dir='ltr'><strong>Rex</strong></span> <span class='ocrx_word' id='word_1_355' title='bbox 1890 4928 2247 5019; x_wconf 89' lang='lat' dir='ltr'><strong>sperabat,</strong></span> <span class='ocrx_word' id='word_1_356' title='bbox 2307 4927 2562 5001; x_wconf 82' lang='lat' dir='ltr'><strong>evenit.</strong></span> <span class='ocrx_word' id='word_1_357' title='bbox 2618 4927 2800 4999; x_wconf 90' lang='lat' dir='ltr'><strong>Nam</strong></span> <span class='ocrx_word' id='word_1_358' title='bbox 2856 4948 3013 5000; x_wconf 92' lang='lat' dir='ltr'><strong>cum</strong></span> <span class='ocrx_word' id='word_1_359' title='bbox 3048 4933 3210 5019; x_wconf 87' lang='lat' dir='ltr'><strong>post</strong></span> <span class='ocrx_word' id='word_1_360' title='bbox 3249 4949 3362 5001; x_wconf 84' lang='lat' dir='ltr'><strong>ve-</strong></span> 
     </span>
     <span class='ocr_line' id='line_1_35' title="bbox 262 5047 3360 5141; baseline 0 -20"><span class='ocrx_word' id='word_1_361' title='bbox 262 5048 453 5121; x_wconf 89' lang='lat' dir='ltr'><strong>xilla</strong></span> <span class='ocrx_word' id='word_1_362' title='bbox 507 5047 725 5141; x_wconf 89' lang='lat' dir='ltr'><strong>Regis</strong></span> <span class='ocrx_word' id='word_1_363' title='bbox 789 5048 879 5121; x_wconf 93' lang='lat' dir='ltr'><strong>ad</strong></span> <span class='ocrx_word' id='word_1_364' title='bbox 940 5048 1260 5121; x_wconf 85' lang='lat' dir='ltr'><strong>dextram</strong></span> <span class='ocrx_word' id='word_1_365' title='bbox 1324 5049 1593 5122; x_wconf 84' lang='lat' dir='ltr'><strong>locatae</strong></span> <span class='ocrx_word' id='word_1_366' title='bbox 1656 5053 1891 5122; x_wconf 89' lang='lat' dir='ltr'><strong>essent</strong></span> <span class='ocrx_word' id='word_1_367' title='bbox 1954 5047 2139 5122; x_wconf 89' lang='lat' dir='ltr'><strong>acies</strong></span> <span class='ocrx_word' id='word_1_368' title='bbox 2203 5048 2731 5137; x_wconf 79' lang='lat' dir='ltr'><strong>walachorum,</strong></span> <span class='ocrx_word' id='word_1_369' title='bbox 2807 5048 3052 5121; x_wconf 87' lang='lat' dir='ltr'><strong>dextro</strong></span> <span class='ocrx_word' id='word_1_370' title='bbox 3125 5068 3360 5139; x_wconf 88' lang='lat' dir='ltr'><strong>proce-</strong></span> 
     </span>
    </p>
   </div>
   <div class='ocr_carea' id='block_1_4' title="bbox 259 5332 3366 5627">
    <p class='ocr_par' dir='ltr' id='par_1_4' title="bbox 259 5332 3366 5627">
     <span class='ocr_line' id='line_1_36' title="bbox 488 5332 3366 5421; baseline 0.001 -24"><span class='ocrx_word' id='word_1_371' title='bbox 488 5337 532 5416; x_wconf 88' lang='lat'><strong>¹)</strong></span> <span class='ocrx_word' id='word_1_372' title='bbox 580 5343 776 5399; x_wconf 85' lang='lat' dir='ltr'><strong>castra</strong></span> <span class='ocrx_word' id='word_1_373' title='bbox 824 5332 975 5399; x_wconf 80' lang='lat' dir='ltr'><strong>Cod.</strong></span> <span class='ocrx_word' id='word_1_374' title='bbox 1008 5333 1185 5399; x_wconf 74' lang='lat' dir='ltr'><strong>Kost.</strong></span> <span class='ocrx_word' id='word_1_375' title='bbox 1234 5336 1287 5417; x_wconf 61' lang='grc' dir='ltr'><strong>ςῑ)</strong></span> <span class='ocrx_word' id='word_1_376' title='bbox 1332 5338 1474 5414; x_wconf 84' lang='lat' dir='ltr'><strong>Ipsa</strong></span> <span class='ocrx_word' id='word_1_377' title='bbox 1521 5332 1671 5399; x_wconf 79' lang='lat' dir='ltr'><strong>Cod.</strong></span> <span class='ocrx_word' id='word_1_378' title='bbox 1705 5334 1881 5399; x_wconf 72' lang='lat' dir='ltr'><strong>Kost.</strong></span> <span class='ocrx_word' id='word_1_379' title='bbox 1933 5336 1987 5417; x_wconf 76' lang='lat'><strong>³)</strong></span> <span class='ocrx_word' id='word_1_380' title='bbox 2035 5340 2265 5399; x_wconf 86' lang='lat' dir='ltr'><strong>Turcos</strong></span> <span class='ocrx_word' id='word_1_381' title='bbox 2315 5332 2466 5401; x_wconf 78' lang='lat' dir='ltr'><strong>Cod.</strong></span> <span class='ocrx_word' id='word_1_382' title='bbox 2489 5334 2626 5401; x_wconf 78' lang='lat' dir='ltr'><strong>Lis.</strong></span> <span class='ocrx_word' id='word_1_383' title='bbox 2675 5335 2726 5416; x_wconf 69' lang='grc'><strong>4)</strong></span> <span class='ocrx_word' id='word_1_384' title='bbox 2777 5343 2984 5415; x_wconf 83' lang='lat' dir='ltr'><strong>optant</strong></span> <span class='ocrx_word' id='word_1_385' title='bbox 3025 5335 3151 5401; x_wconf 77' lang='lat' dir='ltr'><strong>Ed.</strong></span> <span class='ocrx_word' id='word_1_386' title='bbox 3184 5334 3366 5421; x_wconf 77' lang='lat' dir='ltr'><strong>Lips.</strong></span> 
     </span>
     <span class='ocr_line' id='line_1_37' title="bbox 262 5435 3363 5524; baseline -0.001 -21"><span class='ocrx_word' id='word_1_387' title='bbox 262 5440 319 5520; x_wconf 76' lang='lat'><strong>⁵)</strong></span> <span class='ocrx_word' id='word_1_388' title='bbox 372 5441 685 5503; x_wconf 87' lang='lat' dir='ltr'><strong>coniuncto</strong></span> <span class='ocrx_word' id='word_1_389' title='bbox 733 5435 885 5501; x_wconf 74' lang='lat' dir='ltr'><strong>cod.</strong></span> <span class='ocrx_word' id='word_1_390' title='bbox 916 5437 1134 5503; x_wconf 76' lang='lat' dir='ltr'><strong>Przcz.</strong></span> <span class='ocrx_word' id='word_1_391' title='bbox 1183 5437 1240 5524; x_wconf 83' lang='lat'><strong>⁶)</strong></span> <span class='ocrx_word' id='word_1_392' title='bbox 1286 5442 1547 5502; x_wconf 84' lang='lat' dir='ltr'><strong>castellis</strong></span> <span class='ocrx_word' id='word_1_393' title='bbox 1596 5435 1747 5501; x_wconf 77' lang='lat' dir='ltr'><strong>Cod.</strong></span> <span class='ocrx_word' id='word_1_394' title='bbox 1796 5438 1931 5503; x_wconf 72' lang='lat' dir='ltr'><strong>Lis.</strong></span> <span class='ocrx_word' id='word_1_395' title='bbox 1983 5439 2032 5520; x_wconf 89' lang='lat'><strong>⁷)</strong></span> <span class='ocrx_word' id='word_1_396' title='bbox 2081 5442 2236 5501; x_wconf 84' lang='lat' dir='ltr'><strong>facto</strong></span> <span class='ocrx_word' id='word_1_397' title='bbox 2281 5438 2407 5501; x_wconf 74' lang='lat' dir='ltr'><strong>Ed.</strong></span> <span class='ocrx_word' id='word_1_398' title='bbox 2455 5438 2636 5522; x_wconf 75' lang='lat' dir='ltr'><strong>Lips.</strong></span> <span class='ocrx_word' id='word_1_399' title='bbox 2695 5439 2750 5521; x_wconf 82' lang='grc'><strong>8)</strong></span> <span class='ocrx_word' id='word_1_400' title='bbox 2795 5460 2860 5501; x_wconf 82' lang='grc'><strong>86</strong></span> <span class='ocrx_word' id='word_1_401' title='bbox 2905 5446 2966 5501; x_wconf 84' lang='grc'><strong>61</strong></span> <span class='ocrx_word' id='word_1_402' title='bbox 3006 5438 3133 5503; x_wconf 78' lang='lat' dir='ltr'><strong>Ed.</strong></span> <span class='ocrx_word' id='word_1_403' title='bbox 3180 5438 3363 5523; x_wconf 78' lang='lat' dir='ltr'><strong>Lips.</strong></span> 
     </span>
     <span class='ocr_line' id='line_1_38' title="bbox 259 5537 1697 5627; baseline 0 -25"><span class='ocrx_word' id='word_1_404' title='bbox 259 5541 322 5627; x_wconf 76' lang='lat'><strong>⁹)</strong></span> <span class='ocrx_word' id='word_1_405' title='bbox 368 5542 665 5603; x_wconf 82' lang='lat' dir='ltr'><strong>Iohannes</strong></span> <span class='ocrx_word' id='word_1_406' title='bbox 715 5537 867 5603; x_wconf 83' lang='lat' dir='ltr'><strong>C&#39;od.</strong></span> <span class='ocrx_word' id='word_1_407' title='bbox 916 5540 1049 5605; x_wconf 67' lang='lat' dir='ltr'><strong>[Aa.</strong></span> <span class='ocrx_word' id='word_1_408' title='bbox 1094 5544 1289 5605; x_wconf 83' lang='lat' dir='ltr'><strong>Ianiss</strong></span> <span class='ocrx_word' id='word_1_409' title='bbox 1331 5540 1459 5604; x_wconf 78' lang='lat' dir='ltr'><strong>Ed.</strong></span> <span class='ocrx_word' id='word_1_410' title='bbox 1514 5539 1697 5625; x_wconf 73' lang='lat' dir='ltr'><strong>Lips-</strong></span> 
     </span>
    </p>
   </div>
   <div class='ocr_carea' id='block_1_5' title="bbox 315 5678 3082 5763">
    <p class='ocr_par' dir='ltr' id='par_1_5' title="bbox 315 5678 3082 5763">
     <span class='ocr_line' id='line_1_39' title="bbox 315 5678 3082 5763; baseline -0.002 -28"><span class='ocrx_word' id='word_1_411' title='bbox 315 5694 363 5735; x_wconf 81' lang='lat' dir='ltr'><strong>J.</strong></span> <span class='ocrx_word' id='word_1_412' title='bbox 390 5692 585 5745; x_wconf 68' lang='lat' dir='ltr'><strong>magon.</strong></span> <span class='ocrx_word' id='word_1_413' title='bbox 612 5692 785 5733; x_wconf 73' lang='lat' dir='ltr'><strong>mator.</strong></span> <span class='ocrx_word' id='word_1_414' title='bbox 814 5692 974 5734; x_wconf 73' lang='lat' dir='ltr'><strong>roien.</strong></span> <span class='ocrx_word' id='word_1_415' title='bbox 1001 5692 1052 5732; x_wconf 79' lang='grc'><strong>’1.</strong></span> <span class='ocrx_word' id='word_1_416' title='bbox 1080 5692 1160 5739; x_wconf 80' lang='lat' dir='ltr'><strong>rv.</strong></span> <span class='ocrx_word' id='word_1_417' title='bbox 1810 5756 1816 5763; x_wconf 21' lang='grc' dir='ltr'>ἱ</span> <span class='ocrx_word' id='word_1_418' title='bbox 3017 5678 3082 5730; x_wconf 88' lang='grc'><strong>91</strong></span> 
     </span>
    </p>
   </div>
  </div>
 </body>
</html>
