4342 6384
388 593 521 693 (Α.
562 596 651 669 D.
693 592 946 693 1443.)
1523 620 1751 673 muna
1800 619 2312 673 nuonucnms.
3329 598 3472 673 691

1003 924 1365 997 Invidorum
1408 926 1492 997 de
1535 926 1869 1029 wladislai
1912 926 2111 1015 legis
2157 926 2577 1016 expeditione
2618 927 2882 1001 iudicia.

594 1163 929 1256 Quamvis
984 1167 1218 1236 autem
1274 1163 1569 1237 victoria
1619 1185 1745 1255 per
1800 1164 2272 1237 Wladislaum
2327 1164 2592 1257 Regem
2648 1186 2735 1237 ex
2790 1165 3036 1237 Turcis
3089 1165 3312 1238 relata
3366 1185 3474 1238 ce-

387 1284 605 1358 lebria
658 1288 731 1357 et
784 1304 1034 1355 sonora
1070 1284 1127 1373 ¹)
1184 1282 1427 1372 fuerit,
1490 1288 1565 1357 et
1617 1284 2021 1356 universam
2076 1283 2684 1357 christianitatem
2739 1284 2994 1377 gaudio
3050 1284 3388 1358 immenso
3418 1283 3482 1373 ²)

390 1402 873 1495 compleverit:
930 1424 1069 1475 non
1124 1404 1411 1476 deerant
1465 1407 1700 1477 tamen
1754 1405 1994 1476 hostes
2050 1408 2121 1476 et
2175 1401 2402 1476 invidi
2457 1403 2599 1492 sui,
2657 1403 3068 1495 praesertim
3123 1404 3308 1477 inter
3334 1405 3480 1476 Au-

391 1525 641 1599 strales
694 1527 767 1597 et
818 1524 1239 1611 AlmannoS,
1296 1522 1421 1614 qui
1456 1524 1710 1595 famam
1765 1522 2105 1614 triumphi
2144 1522 2257 1595 sui
2311 1527 2724 1612 extenuare,
2783 1526 3196 1615 fuscareque
3249 1524 3484 1597 conati

393 1649 591 1732 suut,
643 1648 1034 1716 asserentes
1089 1643 1470 1715 Iohannem
1525 1642 1610 1715 de
1646 1642 1932 1715 Huniad
1977 1642 2468 1734 Woyewodam
2508 1644 2704 1716 velut
2755 1642 2860 1717 rei
2913 1642 3246 1715 militaris
3299 1643 3480 1734 peri-

391 1768 575 1852 tum,
630 1763 893 1836 bellum
957 1762 1140 1835 illud
1204 1761 1585 1835 confec-isse
1618 1818 1636 1851 ,
1696 1767 1765 1835 et
1829 1759 2162 1835 victoriae
2223 1762 2488 1835 relatae
2547 1764 2824 1853 praeter
2885 1761 3276 1854 auspicium
3294 1818 3310 1851 ,
3378 1762 3482 1835 nil

390 1884 479 1957 ad
532 1882 1003 1955 wladislaum
1056 1883 1319 1975 Regem
1371 1881 1745 1973 pertinere.
1824 1880 1961 1955 Sed
2012 1902 2153 1953 non
2205 1882 2440 1972 potuit
2502 1881 2786 1954 invidus
2839 1881 3024 1955 livor
3087 1882 3481 1955 claritatem

388 2003 903 2097 triumphorum
958 2022 1243 2075 suorum
1298 2002 1776 2093 quoquomodo
1831 2002 2210 2093 attingere,
2274 2000 2606 2073 universa
2658 1999 3188 2075 christianitate
3241 2007 3312 2076 et
3367 2002 3484 2075 his

390 2121 837 2214 praesertim,
905 2120 1028 2213 qui
1080 2143 1220 2193 una
1272 2120 1793 2207 militaverant,
1858 2119 2155 2213 gloriam
2212 2120 2666 2193 victoriarum
2721 2120 2798 2193 in
2851 2122 3115 2213 Regem
3169 2120 3481 2193 Wladis·

390 2244 583 2314 laum
635 2241 1134 2329 referentibus,
1190 2245 1627 2332 congerente.
1686 2241 1823 2313 Sed
1877 2244 1947 2312 et
2000 2241 2275 2313 Aeneas
2329 2240 2417 2313 de
2471 2239 2676 2313 Senis
2731 2241 2996 2329 Italus,
3053 2241 3273 2314 Poeta
3326 2241 3482 2312 lau—

388 2366 659 2449 reatuS,
715 2361 841 2453 qui
894 2382 976 2434 ea
1028 2365 1445 2452 tempestate
1498 2361 1682 2451 apud
1734 2360 2169 2433 Fridericum
2218 2360 2690 2433 Romanorum
2726 2361 2986 2453 Regem
3040 2359 3299 2432 notarii
3333 2360 3483 2431 offi-

392 2481 499 2554 cio
562 2481 1009 2574 fungebatur,
1064 2480 1568 2573 gratitudinem
1622 2480 1806 2571 apud
1863 2479 2250 2551 Almannos
2305 2485 2842 2568 consecuturae,
2911 2479 3157 2551 multis
3209 2478 3485 2571 probris

392 2600 864 2673 wladislaum
918 2601 1183 2693 Regem
1244 2601 1539 2691 carpsit,
1616 2603 1687 2671 et
1748 2620 1957 2690 quem
2020 2601 2422 2672 coelotenus
2495 2599 2736 2672 efferre
2805 2598 3177 2686 debuerat,
3234 2598 3482 2671 trium-

391 2721 689 2811 phorum
745 2741 1029 2793 suorum
1084 2721 1439 2793 cumulum
1496 2724 1567 2792 et
1618 2718 1915 2810 gloriam
1969 2723 2350 2791 extenuare
2403 2720 2800 2806 laborabat,
2862 2719 3072 2809 plura
3123 2718 3486 2811 adfingens

395 2844 465 2913 et
517 2839 735 2911 variis
792 2840 941 2911 suis
996 2839 1319 2932 epistolis
1373 2838 1721 2928 inserenS,
1780 2858 1957 2929 quae
2010 2838 2221 2911 decus
2274 2837 2545 2931 regium
2597 2842 2670 2912 et
2721 2838 3057 2911 virtutem
3111 2856 3311 2909 suam
3363 2839 3484 2911 he·

393 2958 655 3031 roicam
706 2959 1138 3051 expilabant.

921 3319 1159 3409 Ingens
1202 3320 1420 3390 terrae
1463 3320 1681 3389 motu
1722 3318 1793 3389 in
1836 3317 2117 3402 Polonle,
2162 3316 2488 3406 llunguie
2532 3319 2603 3388 et
2646 3316 2967 3388 Bobenia.

602 3558 863 3650 Quinta
924 3556 1187 3629 mensis
1247 3555 1441 3627 Iunii
1504 3553 1855 3647 generalis
1918 3557 2143 3627 terrae
2205 3556 2439 3626 motus
2501 3552 2914 3645 praesertim
2985 3552 3060 3625 in
3124 3553 3484 3642 Poloniae,

392 3677 803 3771 Hungariae
862 3682 935 3750 et
987 3674 1365 3749 Bohemiae
1428 3674 1695 3767 Regnis
1759 3676 1831 3746 et
1882 3672 2203 3763 partibus
2268 3672 2556 3761 vicinis,
2631 3672 2798 3745 adeo
2852 3671 3134 3745 validus
3199 3676 3486 3745 exortus

393 3803 537 3887 est,
592 3803 676 3869 ut
728 3800 989 3883 turreS,
1047 3794 1499 3885 aedificiaque
1552 3811 1909 3866 murorum
1962 3796 2396 3881 corruerent,
2461 3798 2531 3865 et
2585 3791 2907 3884 singulae
2958 3792 3206 3864 domus
3265 3814 3482 3883 quan-

392 3923 827 4007 tumcunque
904 3915 1233 3987 robustae
1314 3918 1437 3985 aut
1516 3914 1753 3985 firmae
1778 3967 1795 3999 ,
1886 3916 2082 3983 motu
2160 3912 2460 3985 notabili
2541 3912 2990 3985 volverentur
3013 3966 3030 3998 ,
3113 3911 3486 3983 fluviorum

392 4036 615 4124 alvei,
670 4033 875 4126 aquis
928 4033 1003 4105 in
1073 4037 1311 4124 partes
1372 4036 1709 4124 utrasque
1769 4030 2304 4123 diffugientibus
2327 4029 2412 4121 ³),
2479 4031 2684 4103 vacui
2747 4036 3216 4120 cernerentur,
3273 4031 3485 4125 liqui-

394 4157 489 4228 da
550 4174 865 4247 quaeque
936 4152 1263 4241 salirent,
1336 4152 1653 4224 homines
1724 4171 1980 4251 pavore
2052 4150 2288 4223 subito
2359 4151 2788 4223 consternati
2857 4172 2900 4223 a
2963 4171 3174 4224 sensu
3246 4156 3318 4225 et
3379 4173 3485 4224 ra-

393 4276 589 4348 tione
648 4274 1143 4346 alienarentur.
1219 4272 1525 4343 Testudo
1588 4270 1993 4343 monasterii
2066 4269 2366 4343 Sanctae
2429 4268 2844 4341 Catharinae
2917 4272 3212 4343 fratrum
3287 4270 3492 4343 Beati

394 4392 787 4486 Augustini
848 4390 925 4463 in
979 4390 1377 4479 casimiria,
1436 4394 1630 4463 motu
1692 4388 1819 4462 illo
1885 4389 1961 4461 in
2026 4394 2282 4463 terram
2345 4394 2550 4463 nocte
2603 4388 2905 4478 decidit,
2965 4394 3036 4461 et
3089 4391 3296 4481 plura
3349 4390 3492 4461 alia

394 4518 553 4587 loca
605 4518 801 4584 motu
854 4516 1079 4585 terrae
1132 4510 1417 4583 ruinata
1470 4514 1659 4583 sunt.
1716 4509 2071 4582 Intensior
2106 4514 2338 4581 tamen
2391 4512 2622 4581 motus
2677 4508 2828 4599 ipse
2880 4508 2956 4580 in
3010 4508 3252 4601 Regno
3288 4509 3487 4580 Hun-

390 4632 633 4725 gariae
686 4630 854 4720 fuit,
910 4630 1035 4703 ubi
1090 4634 1158 4703 et
1212 4634 1443 4703 castra
1495 4627 1833 4721 quaedam
1887 4648 2130 4701 eversa
2185 4633 2373 4700 sunt.
2442 4628 2580 4701 Sed
2635 4631 2705 4699 et
2756 4626 2964 4719 gleba
3015 4627 3170 4718 ipsa
3222 4628 3297 4699 in
3351 4628 3486 4701 Re-

391 4772 537 4846 gno
590 4750 925 4823 Poloniae
977 4749 1379 4842 vulgarium
1444 4748 1771 4839 opinione
1826 4748 2137 4820 sterilior
2199 4750 2360 4838 post
2413 4752 2676 4819 motum
2741 4751 2964 4819 terrae
3027 4767 3182 4819 esse
3238 4747 3490 4838 coepit,

390 4878 467 4946 et
521 4870 597 4942 in
650 4891 867 4942 annos
921 4870 1161 4960 plures
1216 4867 1388 4941 lolia
1440 4872 1511 4941 et
1547 4867 1883 4958 quosdam
1937 4867 2267 4939 insolitos
2323 4870 2394 4939 et
2429 4871 2638 4939 antea
2689 4886 3046 4958 nunquam
3103 4866 3297 4938 visos
3335 4868 3486 4938 fru-

393 4996 592 5077 ctus,
649 4990 772 5081 qui
824 4989 899 5061 in
935 4989 1267 5062 Polonico
1324 4989 1631 5079 Snyecz
1664 4988 1725 5076 ⁴)
1780 4986 2134 5075 dicuntur,
2193 4986 2534 5059 inlocum
2570 4985 2731 5077 puri
2767 4985 2991 5059 tritici
3044 4986 3489 5079 germinavit,

390 5114 596 5183 motu
648 5111 987 5200 praefato,
1044 5113 1125 5180 ut
1179 5105 1593 5200 vulgaribus
1647 5126 1957 5179 asserere
2008 5106 2312 5197 placuit,
2369 5106 2646 5178 vitiata.

616 5380 661 5461 ²)
708 5384 1004 5444 honorosa
1051 5376 1203 5444 Cod.
1248 5375 1427 5443 Kost.
1504 5377 1556 5458 ςῑ)
1601 5398 1818 5457 magno
1862 5380 2081 5456 gaudio
2134 5376 2262 5440 Ed.
2307 5376 2488 5461 Lips.
2559 5374 2616 5461 ³)
2665 5378 3056 5439 defluentibus
3115 5371 3271 5439 God.
3315 5374 3492 5439 Kost.

390 5486 454 5567 ⁴)
502 5487 711 5548 Sniccz
758 5480 911 5548 C'od.
957 5482 1133 5547 Kost.
1180 5485 1351 5545 Snier
1394 5478 1521 5543 Ed.
1567 5480 1749 5565 Lips.
