4342 6384
326 545 464 646 (Α.
505 546 596 620 D.
641 543 892 643 1430.)
1471 566 1699 621 LIBER
1750 566 2215 622 monemus.
3275 550 3423 625 431

337 757 652 843 „stentes
707 753 792 825 de
842 751 1198 843 praesenti
1251 751 1438 825 inter
1473 757 1746 827 caetera
1787 752 2271 845 requirebant,
2328 743 2703 845 antequam
2739 754 3116 829 haberetur
3151 755 3267 828 hic
3302 776 3424 829 no·

337 872 544 963 „titia
596 872 938 945 novitatis
990 870 1427 961 huiusmodi,
1483 873 1898 964 pollicentes
1953 873 2345 964 praefatum
2398 874 2660 963 Regem
2714 874 3187 947 Romanorum
3235 876 3423 967 pari·

335 996 489 1081 „ter
543 996 1006 1063 servaturum.
1067 991 1255 1083 Quae
1306 991 1676 1083 requisitio
1733 1013 1888 1065 cum
1943 992 2240 1064 honesta
2278 995 2347 1063 et
2383 991 2576 1065 iusta
2612 993 2741 1081 sit,
2794 993 2924 1065 tibi
2962 993 3423 1087 iniungimus,

336 1116 460 1202 »ιιι
513 1111 695 1184 velis
749 1132 903 1183 eam
957 1132 1044 1184 ex
1097 1115 1298 1202 parte
1352 1116 1476 1184 tua
1529 1110 1991 1189 effectualiter
2044 1098 2459 1203 adimplere,
2526 1112 3044 1203 praetermissis
3100 1114 3420 1203 caeteris,

336 1252 559 1322 „quae
612 1231 688 1302 in
741 1230 1168 1303 contrarium
1223 1229 1361 1303 dici
1414 1236 1702 1322 possent
1766 1230 2062 1304 forsitan
2123 1231 2465 1303 hactenus
2528 1236 2685 1305 acta
2739 1252 2915 1307 esse.
2982 1232 3075 1304 Et
3128 1232 3194 1306 si
3247 1254 3425 1324 quae

333 1350 562 1440 „inter
613 1371 738 1422 vos
793 1350 1188 1425 differentia
1244 1354 1658 1439 remaneret,
1715 1351 2042 1423 volumus
2099 1351 2411 1439 omnino,
2481 1356 2563 1423 ut
2618 1373 2743 1443 pro
2800 1372 2881 1425 ea
2936 1352 3249 1425 tollenda
3304 1374 3420 1425 ve-

334 1470 602 1559 „strum
656 1474 952 1561 uterque
1005 1468 1442 1542 transmittat
1496 1474 1806 1543 oratores
1862 1490 2027 1542 suos
2065 1470 2499 1543 sufficienter
2533 1470 2917 1543 instructos
2958 1470 3045 1543 ad
3082 1471 3419 1545 dilectum

335 1590 604 1679 „filium
657 1594 972 1661 nostrum
1030 1589 1390 1661 Iulianum
1446 1589 1692 1662 Sancti
1727 1590 1988 1681 Angeli
2024 1590 2411 1663 Diaconum
2450 1590 2919 1679 cardinalem,
2972 1589 3423 1681 Apostolicae

336 1709 583 1798 „Sedis
620 1709 997 1802 Legatum,
1055 1730 1260 1799 quem
1299 1709 1386 1779 ad
1422 1712 1656 1800 partes
1713 1709 2123 1783 Germaniae
2163 1708 2713 1781 transmittimus
2750 1710 2834 1783 de
2870 1710 3259 1801 praesenti,
3309 1710 3416 1783 vi-

335 1850 620 1919 „surum
674 1833 744 1901 et
797 1828 1240 1921 cogniturum
1299 1826 1728 1901 differentias
1782 1829 2187 1920 utriusque,
2244 1849 2369 1920 per
2422 1850 2577 1903 eum
2634 1828 3102 1901 amicabiliter
3141 1848 3416 1921 compo-

335 1948 661 2038 „nendas.
719 1946 982 2037 Quodsi
1035 1968 1174 2020 non
1228 1952 1466 2039 posset
1519 1948 1670 2038 ipse
1724 1949 2090 2038 perficere,
2166 1947 2525 2035 volumuS,
2581 1952 2663 2019 ut
2717 1946 2899 2019 infra
2955 1953 3220 2020 certum
3276 1953 3415 2021 ter-

335 2068 644 2157 „minum
697 2067 786 2139 ad
837 2088 966 2139 nos
1023 2066 1307 2139 veniant
1359 2066 1595 2139 nuntii
1649 2072 1720 2139 et
1775 2072 2081 2140 oratores
2134 2067 2357 2140 vestri
2411 2087 2567 2139 cum
2623 2066 3235 2140 informationibus
3295 2087 3415 2159 op-

335 2188 730 2280 „portunis‚
804 2193 884 2259 ut
947 2207 1072 2260 vos
1137 2185 1608 2259 amicabiliter
1669 2206 2195 2277 componamus,
2274 2187 2389 2258 vel
2452 2185 2727 2277 quando
2794 2186 3005 2258 aliter
3067 2186 3219 2259 fieri
3280 2207 3419 2259 non

335 2312 646 2399 „posset.
701 2326 825 2398 per
863 2306 1063 2381 ,viam
1117 2305 1435 2378 iustitiae
1489 2304 1748 2377 vestris
1803 2304 2301 2378 controversiis
2350 2304 2663 2377 debitum
2700 2304 3138 2396 imponamus
3175 2307 3411 2395 finem,

334 2435 446 2516 „et
499 2446 624 2498 vos
678 2426 853 2497 duos
908 2424 1291 2497 catholicos
1343 2424 1605 2516 Reges,
1675 2424 1862 2496 sicut
1915 2430 2239 2515 optamus
2294 2428 2364 2497 et
2418 2424 2700 2515 utrique
2754 2429 3071 2497 vestrum
3131 2424 3416 2516 expedit

335 2551 449 2635 „et
485 2548 537 2635 ι)
593 2544 1016 2617 christianae
1067 2544 1172 2617 rei
1225 2543 1548 2635 publicae
1599 2543 1674 2616 in
1731 2548 1974 2615 sancta
2036 2543 2327 2616 caritate
2400 2547 2471 2615 et
2525 2542 2839 2617 amicitia
2902 2546 3413 2619 confirmemus.

334 2664 632 2754 „Verum
685 2672 848 2737 ante
903 2662 1164 2751 omnia,
1220 2662 1325 2735 fili
1381 2662 1772 2750 carissime,
1831 2673 1901 2735 te
1954 2662 2437 2751 exhortamur,
2486 2662 2909 2754 requirimus
2947 2668 3019 2736 et
3053 2684 3409 2756 rogamuS,

331 2788 454 2873 »ιιι
506 2783 696 2856 omni
747 2782 1190 2856 contentione
1243 2788 1314 2855 et
1371 2781 1750 2855 offensione
1806 2781 2146 2872 seposita,
2204 2782 2384 2853 velis
2434 2782 2665 2855 favere
2722 2788 2791 2855 et
2828 2782 3160 2856 assistere
3214 2804 3412 2874 prae·

331 2904 516 2993 „fato
569 2903 1039 2976 Romanorum
1093 2901 1275 2994 Regi
1327 2908 1566 2973 contra
1616 2902 1962 2974 Bohemos
2016 2901 2401 2975 haereticos
2465 2906 2613 2975 toto
2666 2922 2871 2993 posse
2926 2906 3081 2990 tuo,
3136 2907 3207 2975 et
3267 2901 3402 2974 Po-

333 3023 572 3113 „lonos
627 3044 896 3111 omnes,
956 3022 1078 3114 qui
1133 3042 1289 3095 cum
1345 3020 1447 3095 eis
1502 3024 1700 3109 sunt,
1759 3022 1889 3093 sub
1941 3020 2277 3113 gravibus
2329 3019 2575 3112 poenis
2630 3026 2701 3095 et
2756 3020 3413 3094 comminationibus

331 3163 726 3231 „rev-ocare,
785 3145 856 3215 et
909 3141 1180 3233 operari
1233 3139 1503 3229 taliter,
1563 3139 1746 3233 quod
1796 3140 2181 3215 restituant
2234 3161 2359 3232 per
2412 3161 2529 3213 eos
2584 3140 2821 3213 ablata
2858 3140 3277 3229 CatholiciS‚
3332 3161 3413 3213 ac

331 3261 748 3354 „diligenter
800 3265 871 3333 et
924 3260 1298 3333 efficaciter
1347 3259 1748 3351 providere,
1806 3259 1989 3351 quod
2045 3258 2303 3333 eisdem
2358 3260 2731 3333 haereticis
2786 3281 2913 3334 nec
2960 3264 3410 3348 commeatu8‚

331 3402 498 3471 „nec
533 3377 1080 3468 'subventioneS‚
1137 3400 1266 3454 nec
1316 3380 1467 3452 ulla
1521 3379 1838 3451 subsidia
1890 3378 1974 3453 de
2029 3386 2149 3451 tuo
2206 3380 2451 3472 Regno
2506 3380 2841 3453 Poloniae
2895 3379 3410 3468 ministrentur,

329 3500 558 3591 „sicut
609 3500 812 3573 nobis
865 3500 1204 3574 asseritur
1255 3501 1594 3572 hactenus
1652 3500 1913 3572 factum
1969 3520 2153 3587 esse,
2212 3502 2283 3572 et
2334 3499 2409 3571 in
2461 3500 2594 3571 hac
2638 3520 2848 3573 causa
2883 3499 2987 3572 ita
3023 3504 3093 3572 te
3130 3499 3409 3587 habere,

327 3626 452 3710 „ut
504 3620 900 3713 intelligere
953 3619 1291 3708 videariS,
1350 3640 1500 3692 eam
1555 3619 1778 3711 magis
1828 3639 2110 3691 causam
2157 3617 2293 3691 Dei
2338 3638 2523 3707 esse,
2580 3640 2789 3711 quam
2833 3618 3226 3706 hominum,
3282 3639 3409 3710 pro

325 3760 509 3831 „qua
561 3739 820 3813 teneris
875 3743 956 3810 ut
1007 3739 1166 3813 Rex
1221 3738 1644 3827 catholicus,
1703 3738 1915 3811 etiam
1971 3737 2122 3811 sine
2174 3742 2498 3830 respectu
2552 3738 2854 3811 alicuius
2904 3737 3255 3811 amicitiae
3293 3738 3411 3809 vel

326 3859 668 3949 „foederis
721 3858 1066 3947 laborare;
1125 3862 1196 3931 et
1251 3857 1314 3930 si
1369 3857 1794 3930 contrarium
1859 3859 2152 3945 facereS,
2212 3858 2397 3949 quod
2451 3861 2725 3930 avertat
2778 3858 3001 3946 Deus,
3069 3855 3406 3930 adversus

326 3984 441 4070 „te
501 3979 812 4052 divinam
879 3983 949 4052 et
999 3980 1376 4050 humanam
1437 3962 1788 4050 iustitiam
1849 3997 2284 4069 provocares
2353 3978 2610 4049 Datum
2676 3978 2939 4050 Romae
2990 3976 3177 4069 apud
3232 3976 3405 4049 San-

325 4104 520 4189 „ctos
583 4099 996 4191 Apostolos,
1063 4097 1278 4170 Sexto
1342 4096 1682 4169 Calendas
1745 4096 2145 4185 Februarii,
2204 4095 2667 4170 Pontificatus
2728 4096 2955 4170 nostri
3000 4118 3180 4169 anno
3236 4118 3404 4188 qua-

325 4218 796 4307 „tuordecimo
826 4216 932 4308 2)“
948 4272 966 4291 .

315 4568 467 4644 (lun
508 4568 724 4643 Poloni
767 4571 1004 4662 Regem
1049 4585 1234 4643 suum
1276 4570 1612 4644 liberaturi
1643 4568 1726 4643 de
1756 4568 2199 4644 contrahendo
2246 4568 2539 4644 exercitu
2570 4568 3049 4657 consultarent,
3098 4570 3167 4642 et
3194 4568 3401 4660 legati

313 4692 400 4763 ad
445 4691 901 4782 svitrigauum
943 4691 1124 4763 missi
1168 4691 1626 4763 Warsehoviae
1671 4692 2143 4778 consisterent,
2191 4692 2423 4763 literae
2454 4707 2495 4763 a
2523 4690 2698 4781 Rege
2742 4690 2826 4762 de
2869 4707 2990 4761 sua
3018 4689 3404 4761 liberatione

1587 4810 1722 4882 illis
1765 4810 2139 4883 afferuntur.

516 5056 820 5137 Venerat
892 5060 967 5134 in
1036 5059 1400 5134 Poloniam
1476 5081 1564 5134 ex
1626 5058 2011 5133 Lithuania
2086 5058 2490 5159 specialiter
2560 5058 2821 5133 missus
2896 5058 3244 5131 Iohannes
3317 5056 3401 5132 de

311 5181 762 5257 Oleschnicza
814 5180 1043 5273 Regni
1095 5181 1428 5254 Poloniae
1481 5180 1898 5269 marsalcus,
1953 5197 2079 5271 per
2131 5201 2340 5271 quem
2391 5180 2547 5253 Rex
2599 5178 2798 5253 mille
2852 5178 3084 5270 cyclos
3122 5176 3397 5270 argenti

522 5436 568 5519 ¹)
613 5456 685 5497 ac
739 5434 890 5499 ovd.
937 5434 1130 5499 Rozr.
1179 5434 1234 5516 ²)
1263 5438 1483 5497 Datum
1509 5436 1732 5497 Romae
1760 5432 1920 5513 apud
1951 5434 2199 5498 Sanctos
2226 5433 2547 5513 Apostolos
2578 5440 2690 5496 etc.
2719 5439 2787 5495 nt
2814 5452 3013 5513 snpra.
3044 5428 3172 5495 Ed.
3204 5427 3389 5517 Dips.
