4342 6384
419 548 548 647 (Α.
585 547 678 621 D.
719 544 949 644 1412.)
1573 569 1797 621 mann
1848 570 2302 623 unnucnms.
3336 554 3473 623 131

423 753 656 845 gariae
709 752 896 839 Rex,
951 751 1027 823 in
1081 752 1340 825 vertice
1393 752 1682 843 Alpium
1737 773 2132 840 occurrenS,
2200 753 2574 826 adventum
2630 774 2833 825 suum
2898 754 3203 847 excepit,
3264 757 3333 825 et
3387 754 3486 825 fa-

421 873 552 945 ctis
605 870 872 943 mutuis
927 869 1472 944 salutationibus
1527 876 1594 943 61
1649 870 1940 959 66611116,
1999 872 2072 943 111
2129 872 2459 963 oppidum
2514 872 2893 964 Lubowlya
2932 874 3007 961 ι),
3064 872 3183 945 11111
3238 872 3491 945 iterum

418 992 502 1064 ab
564 995 864 1081 utraque
925 989 1198 1081 Regina
1261 989 1770 1081 excipiebatur,
1835 990 2150 1062 deduxit.
2216 990 2547 1080 Quamvis
2610 996 2851 1065 autem
2916 992 3161 1064 diebus
3228 996 3494 1081 septem

421 1113 648 1202 Reges
701 1130 824 1201 per
879 1130 952 1181 se
1015 1113 1085 1181 et
1139 1108 1576 1181 consiliarios
1640 1129 1802 1179 suos
1857 1109 1941 1181 de
1994 1129 2162 1199 pace
2228 1109 2565 1201 egissent,
2633 1130 2771 1181 non
2838 1115 3068 1183 tamen
3121 1131 3261 1200 pax
3316 1110 3501 1182 inter

422 1230 584 1301 illos
645 1232 924 1319 poterat
984 1226 1374 1301 convenire.
1449 1227 1602 1299 Iam
1664 1227 1900 1318 itaque
1963 1228 2076 1300 die
2141 1228 2443 1301 Sabbato
2506 1232 2667 1300 ante
2727 1228 3160 1301 Dominicam
3214 1228 3481 1316 Indica,

421 1338 814 1420 wladislao
867 1346 1202 1419 Poloniae
1256 1347 1448 1437 Rege
1501 1367 1656 1419 cum
1713 1346 1861 1418 suis
1917 1346 2237 1419 omnibus
2292 1346 2378 1418 ad
2431 1346 2926 1420 discessionem
2982 1347 3327 1435 accincto,
3387 1346 3495 1420 Si-

413 1465 825 1559 gismundus
879 1466 1036 1539 Rex
1089 1486 1270 1537 nova
1304 1465 1666 1557 rogatione
1699 1465 1996 1555 pervicit
2034 1465 2263 1553 illum,
2321 1470 2664 1556 quatenus
2701 1466 2913 1537 faciat
2948 1486 3214 1553 secum,
3274 1466 3492 1538 omni·

415 1587 545 1658 bus
599 1583 884 1657 arbitris
938 1583 1278 1671 exclusis,
1345 1584 1434 1655 ad
1489 1587 1828 1656 secretam
1891 1604 2233 1656 cameram
2297 1583 2712 1675 ingressum.
2780 1582 2924 1656 Ubi
2978 1604 3137 1657 cum
3177 1588 3499 1675 'uterque

416 1703 820 1799 resedisset,
879 1700 1370 1794 Sigismundus
1425 1702 1893 1774 Romanorum
1950 1706 2020 1774 et
2073 1702 2477 1794 Hungariae
2532 1702 2721 1790 Rex,
2777 1706 2859 1774 nt
2906 1706 3057 1775 erat
3092 1703 3181 1775 ad
3216 1702 3499 1794 ingenia

419 1827 488 1895 et
536 1820 888 1894 versutias
942 1821 1226 1910 plenus,
1283 1820 1384 1893 sic
1439 1820 1526 1891 ad
1579 1820 2050 1892 Wladislaum
2105 1821 2438 1893 Poloniae
2484 1821 2744 1913 Regem
2780 1842 2981 1893 orsus
3020 1826 3161 1895 est:
3220 1820 3387 1893 Cum
3426 1826 3499 1894 et

419 1940 756 2032 sanguine
807 1940 1229 2030 propinquo,
1285 1938 1768 2011 illustrissime
1833 1943 1904 2011 et
1957 1938 2366 2011 charissime
2428 1940 2671 2012 frater!
2740 1943 2811 2011 et
2864 1939 3209 2012 affinitate
3276 1938 3491 2031 gemi-

418 2063 583 2131 nata
633 2078 877 2129 sumus
932 2056 1229 2131 invicem
1283 2056 1634 2145 obstricti,
1688 2057 2068 2130 habeamus
2121 2058 2410 2149 insuper
2460 2058 2703 2149 Regna
2758 2057 2989 2129 vicina
3026 2062 3097 2130 et
3134 2058 3350 2131 variis
3389 2058 3493 2129 in-

418 2182 526 2249 ter
577 2198 652 2249 se
705 2175 1344 2249 necessitudinibus
1381 2194 1468 2247 ex
1506 2180 1813 2266 temprre
1851 2179 2130 2248 vetusto
2169 2175 2566 2248 coniuncta:
2624 2176 2934 2268 disgredi
2987 2176 3269 2263 dehinc,
3326 2196 3497 2268 pace

419 2316 554 2367 non
610 2294 961 2382 stabilita,
1018 2296 1292 2366 foedum
1347 2300 1419 2367 et
1471 2298 1675 2385 turpe
1729 2292 2010 2386 utrique
2071 2298 2389 2365 nostrum
2448 2294 2808 2381 existim03
2873 2294 3283 2385 praesertim
3339 2315 3497 2366 cum

417 2413 832 2485 inimicitiae
867 2416 1146 2485 nostrae
1183 2432 1319 2484 non
1356 2413 1432 2484 111
1467 2414 1752 2506 longum
1788 2432 2229 2504 progressae,
2286 2412 2490 2484 facile
2524 2418 2853 2511 possunt,
2910 2414 3279 2485 dummodo
3314 2412 3497 2484 bona

417 2552 612 2604 mens
666 2529 974 2618 affuerit,
1030 2530 1356 2603 rescindi.
1413 2531 1564 2622 Ego
1620 2552 1894 2623 quoque
1949 2551 2105 2603 cum
2141 2534 2267 2602 tua
2301 2528 2793 2619 Excellentia'‚-
2827 2530 3111 2623 tuisque
3148 2529 3494 2603 Dominiis

417 2650 492 2721 111
543 2648 740 2740 pacis
805 2648 1219 2721 amoenitate
1282 2650 1660 2722 consistere
1691 2647 1752 2737 ²)
1810 2668 2243 2740 summopere
2306 2652 2659 2740 exoptem3
2726 2649 2847 2722 sed
2911 2649 3238 2741 quoniam
3293 2670 3333 2721 a
3385 2668 3495 2721 me

416 2789 540 2859 pro
594 2766 966 2840 Cruciferis
1004 2771 1322 2857 coeptum
1361 2771 1499 2855 est,
1555 2768 1754 2839 cuius
1803 2767 1942 2839 iam
1979 2766 2245 2855 taedet,
2283 2766 2731 2858 poenitetque
2786 2787 2893 2839 me
2916 2814 2947 2855 ,—
2988 2767 3283 2839 bellum:
3340 2768 3491 2857 pol·

418 2886 681 2959 licebor
733 2886 972 2975 itaque
1027 2884 1158 2957 tibi
1211 2888 1283 2958 et
1334 2885 1726 2957 iusiurandi
1747 2940 1766 2973 ,
1835 2885 1897 2957 si
1951 2884 2026 2956 in
2077 2888 2453 2976 perpetuae
2516 2885 2709 2975 pacis
2772 2885 3013 2957 foedus
3067 2904 3337 2957 mecum
3390 2906 3497 2957 16-

418 3006 564 3077 dire
620 3004 888 3075 sincere
941 3003 1324 3090 consentis,
1384 3008 1810 3077 sacramento
1865 3003 2186 3096 firmabo,
2254 3008 2323 3076 61
2378 3003 2765 3077 cruciferos
2818 3024 2926 3075 me
2981 3025 3022 3074 a
3073 3004 3185 3075 die
3236 3002 3368 3074 hac
3424 3007 3494 3075 et

417 3123 490 3195 in
543 3122 1044 3213 sempiternum
1097 3122 1566 3211 deserturum,
1625 3128 1694 3195 61
1747 3144 1904 3195 611111
1959 3122 2279 3195 omnibus
2333 3122 2511 3195 meis
2565 3122 2900 3214 potentiis
2936 3141 3062 3213 pro
3100 3142 3332 3192 66111111
3373 3142 3491 3193 ex-

417 3240 738 3315 terminio
773 3236 1170 3332 personalia
1207 3240 1460 3313 solatia
1493 3238 1554 3328 3)
1609 3262 1717 3313 1116
1756 3240 1916 3328 tibi,
1975 3260 2054 3313 66
2089 3245 2323 3313 16111611
2360 3240 2754 3313 conditione
2792 3238 3235 3331 interposita,
3293 3260 3490 3329 prae-

419 3360 755 3432 stiturum
806 3357 1245 3449 repromitto:
1301 3362 1382 3429 ut
1435 3363 1805 3449 postquam
1857 3358 2161 3449 propitia
2214 3359 2605 3432 Divinitate
2658 3379 2774 3431 eos
2830 3358 3019 3429 vinci
3056 3361 3128 3429 61
3164 3356 3490 3430 extermi-

417 3477 568 3550 nari
624 3475 1076 3567 contingerit,
1133 3478 1358 3549 terrae
1394 3475 1820 3563 0111111611616,
1877 3476 2443 3549 Michaloviensis
2481 3480 2551 3548 et
2584 3474 3067 3563 Pomeraniae,
3126 3495 3297 3564 quas
3333 3494 3489 3564 pro-

419 3596 604 3687 prias
669 3598 740 3667 61
799 3594 1160 3666 naturales
1223 3594 1454 3687 Regni
1515 3594 1624 3665 tui
1687 3593 2020 3666 Poloniae
2085 3595 2443 3684 profiteor,
2510 3594 2594 3665 ad
2657 3597 2727 3665 te
2782 3598 2853 3665 et
2908 3593 3227 3684 Regnum
3290 3596 3490 3661 tuum

421 3712 838 3804 simpliciter
888 3715 960 3784 et
1012 3712 1322 3802 plenarie
1378 3712 1723 3799 recidant3
1789 3716 2044 3785 terram
2107 3716 2339 3785 autem
2404 3710 2735 3784 Prussiae
2789 3732 2866 3783 eo
2922 3710 3105 3782 inter
3163 3730 3289 3780 nos
3345 3727 3488 3779 sor-

419 3831 676 3903 tiamur
727 3835 962 3921 pacto,
1023 3834 1104 3901 ut
1155 3831 1336 3903 alter
1389 3852 1476 3903 ex
1528 3829 1728 3903 nobis
1783 3830 2109 3903 maiorem
2165 3830 2366 3902 illius
2402 3833 2671 3920 partem
2708 3827 3043 3919 accipiat,
3101 3826 3222 3919 qui
3276 3825 3486 3897 maio-

419 3970 524 4021 res
579 3948 932 4021 exercitus
995 3948 1066 4020 in
1130 3968 1450 4040 guerram
1513 3948 1947 4020 conduxerit.
2016 3948 2325 4022 Credidit
2386 3946 2719 4039 Princeps
2775 3946 3082 4037 simplex
3136 3950 3207 4017 et
3258 3947 3489 4017 rectus

419 4067 852 4140 Wladislaus
904 4065 1237 4138 Poloniae
1287 4066 1446 4137 Rex
1497 4065 1664 4138 huic
1717 4067 1910 4138 vafro
1961 4067 2362 4157 callidoque
2400 4065 2834 4157 Sigismundi
2871 4064 3086 4157 Regis
3122 4062 3486 4154 promisso,

419 4185 834 4259 existimans
887 4184 1070 4274 apud
1123 4184 1328 4255 illum
1381 4204 1628 4275 aeque,
1685 4187 1768 4255 ut
1803 4186 1985 4275 apud
2023 4206 2128 4272 66,
2166 4184 2573 4276 religionem
2608 4182 3001 4254 iusiurandi
3056 4183 3198 4254 fore
3236 4180 3481 4253 debere

417 4303 901 4376 intemeratam
937 4305 1008 4373 et
1044 4307 1574 4373 sacrosanctam.
1631 4302 2000 4373 Voluntati
2029 4302 2091 4390 ⁴)
2148 4307 2219 4374 et
2254 4300 2723 4391 deprecationi
2762 4298 3197 4391 Sigismundi
3234 4298 3307 4369 in
3345 4297 3485 4369 sin-

415 4421 602 4511 gulis
665 4420 1092 4505 ultroneum,
1149 4419 1571 4491 consiliariis
1627 4419 1774 4490 suis
1827 4418 2345 4511 ignorantibuS,
2400 4418 2722 4509 praebuit
2776 4436 3218 4489 consensum:
3278 4416 3485 4486 6161-

416 4543 562 4611 1616
615 4538 690 4608 111
745 4536 1065 4608 manibus
1121 4536 1444 4624 alteriue,
1505 4557 1714 4627 super
1764 4536 2035 4639 lignum
2088 4537 2409 4608 vivificae
2462 4534 2733 4622 Crucis,
2792 4536 2877 4605 de
2931 4533 3357 4608 observando
3418 4536 3489 4603 et

417 4654 858 4744 adimplendo
918 4653 1321 4725 huiusmodi
1386 4658 1691 4727 tractatu
1747 4660 1814 4727 et
1866 4658 2259 4741 6611116616,
2324 4656 2723 4742 praestante
2786 4652 3249 4723 iuramentum
3268 4704 3285 4735 ,
3344 4650 3484 4719 foe·

416 4773 546 4844 dus
597 4775 1043 4863 perpetuum,
1098 4772 1446 4861 gravitate
1500 4794 1781 4844 suarum
1836 4773 2253 4844 iniuriarum
2306 4793 2446 4843 non
2498 4771 2845 4858 discussa,
2901 4790 3040 4841 non
3070 4768 3131 4856 5)
3188 4767 3483 4858 digesta,

415 4890 604 4962 iecit.
669 4888 1152 4979 Magnitudine
1213 4889 1500 4979 insuper
1561 4889 2098 4980 pollicitationis
2153 4910 2195 4960 a
2250 4889 2695 4981 Sigismundo
2758 4888 2950 4977 Rege
3015 4887 3235 4956 factae
3289 4885 3486 4956 Wla-

414 5008 684 5079 dislaus
738 5005 1070 5077 Poloniae
1121 5006 1280 5078 Rex
1332 5007 1704 5097 pellectus,
1772 5028 1911 5078 non
1965 5007 2195 5078 solum
2249 5007 2557 5078 omnium
2611 5004 3025 5077 iniuriarum
3081 5006 3149 5075 et
3202 5003 3485 5073 damno-

631 5272 681 5354 ¹)
721 5274 1056 5351 Lubomlya
1110 5270 1263 5337 Coa.
1317 5272 1508 5337 Rozr.
1565 5272 1616 5353 ²)
1665 5275 1918 5335 existere
1969 5270 2095 5335 Ed.
2143 5270 2325 5355 Lips.
2382 5271 2436 5352 ⁸)
2478 5272 2700 5333 auxilia
2746 5266 2898 5334 Cod.
2945 5268 3135 5333 Rozr.
3184 5267 3240 5351 ⁴)
3282 5272 3491 5346 Itaque

411 5377 705 5439 voluntati
754 5371 905 5438 Cod.
949 5373 1142 5437 Rozr.
1190 5374 1242 5455 ⁸)
1287 5392 1480 5451 neque
1526 5368 1678 5437 Cod.
1723 5372 1916 5437 Rozr.
3048 5374 3053 5381 ’
