<?xml version="1.0" encoding="UTF-8"?>
<!DOCTYPE html PUBLIC "-//W3C//DTD XHTML 1.0 Transitional//EN"
    "http://www.w3.org/TR/xhtml1/DTD/xhtml1-transitional.dtd">
<html xmlns="http://www.w3.org/1999/xhtml" xml:lang="en" lang="en">
 <head>
  <title>
</title>
<meta http-equiv="Content-Type" content="text/html;charset=utf-8" />
  <meta name='ocr-system' content='tesseract 3.04.00' />
  <meta name='ocr-capabilities' content='ocr_page ocr_carea ocr_par ocr_line ocrx_word'/>
</head>
<body>
  <div class='ocr_page' id='page_1' title='image "./dzieawszystkie00unkngoog_0719.png"; bbox 0 0 4342 6384; ppageno 0'>
   <div class='ocr_carea' id='block_1_1' title="bbox 935 560 4018 663">
    <p class='ocr_par' dir='ltr' id='par_1_1' title="bbox 935 560 4018 663">
     <span class='ocr_line' id='line_1_1' title="bbox 935 560 4018 663; baseline 0.001 -26"><span class='ocrx_word' id='word_1_1' title='bbox 935 562 1081 637; x_wconf 88' lang='grc'><strong>708</strong></span> <span class='ocrx_word' id='word_1_2' title='bbox 2064 585 2291 639; x_wconf 72' lang='lat' dir='ltr'><strong>nrm-m</strong></span> <span class='ocrx_word' id='word_1_3' title='bbox 2342 586 2852 639; x_wconf 74' lang='lat' dir='ltr'><strong>Duonncnms.</strong></span> <span class='ocrx_word' id='word_1_4' title='bbox 3454 563 3586 663; x_wconf 89' lang='grc' dir='ltr'><strong>(Α.</strong></span> <span class='ocrx_word' id='word_1_5' title='bbox 3625 565 3718 639; x_wconf 87' lang='lat' dir='ltr'><strong>D.</strong></span> <span class='ocrx_word' id='word_1_6' title='bbox 3758 560 4018 661; x_wconf 75' lang='grc'>1444.)</span> 
     </span>
    </p>
   </div>
   <div class='ocr_carea' id='block_1_2' title="bbox 926 838 4020 1095">
    <p class='ocr_par' dir='ltr' id='par_1_2' title="bbox 926 838 4020 1095">
     <span class='ocr_line' id='line_1_2' title="bbox 926 838 4020 976; baseline 0 -21"><span class='ocrx_word' id='word_1_7' title='bbox 926 884 1319 957; x_wconf 71' lang='lat' dir='ltr'><strong>wladislau</strong></span> <span class='ocrx_word' id='word_1_8' title='bbox 1360 885 1501 956; x_wconf 76' lang='lat' dir='ltr'><strong>Rex</strong></span> <span class='ocrx_word' id='word_1_9' title='bbox 1546 887 1652 956; x_wconf 86' lang='lat' dir='ltr'><strong>tot</strong></span> <span class='ocrx_word' id='word_1_10' title='bbox 1696 884 2263 957; x_wconf 77' lang='lat' dir='ltr'><strong>exhortationibus</strong></span> <span class='ocrx_word' id='word_1_11' title='bbox 2307 887 2692 971; x_wconf 79' lang='lat' dir='ltr'><strong>commotus,</strong></span> <span class='ocrx_word' id='word_1_12' title='bbox 2736 886 2822 956; x_wconf 80' lang='lat' dir='ltr'><strong>ad</strong></span> <span class='ocrx_word' id='word_1_13' title='bbox 2866 886 3350 976; x_wconf 69' lang='lat' dir='ltr'><strong>persuasionem</strong></span> <span class='ocrx_word' id='word_1_14' title='bbox 3394 883 3620 957; x_wconf 72' lang='lat' dir='ltr'><strong>Iuliani</strong></span> <span class='ocrx_word' id='word_1_15' title='bbox 3649 838 4020 957; x_wconf 62' lang='lat' dir='ltr'><strong>otrannus</strong></span> 
     </span>
     <span class='ocr_line' id='line_1_3' title="bbox 1310 1004 3626 1095; baseline 0.001 -21"><span class='ocrx_word' id='word_1_16' title='bbox 1310 1004 1545 1076; x_wconf 82' lang='lat' dir='ltr'><strong>bellum</strong></span> <span class='ocrx_word' id='word_1_17' title='bbox 1587 1004 2101 1095; x_wconf 79' lang='lat' dir='ltr'><strong>prosequendum</strong></span> <span class='ocrx_word' id='word_1_18' title='bbox 2141 1005 2212 1076; x_wconf 80' lang='lat' dir='ltr'><strong>in</strong></span> <span class='ocrx_word' id='word_1_19' title='bbox 2255 1004 2490 1077; x_wconf 75' lang='lat' dir='ltr'><strong>Turcos</strong></span> <span class='ocrx_word' id='word_1_20' title='bbox 2530 1004 2830 1077; x_wconf 76' lang='lat' dir='ltr'><strong>instituit</strong></span> <span class='ocrx_word' id='word_1_21' title='bbox 2877 1009 2947 1077; x_wconf 81' lang='lat' dir='ltr'><strong>et</strong></span> <span class='ocrx_word' id='word_1_22' title='bbox 2988 1006 3351 1077; x_wconf 71' lang='lat' dir='ltr'><strong>iuramento</strong></span> <span class='ocrx_word' id='word_1_23' title='bbox 3393 1006 3626 1078; x_wconf 73' lang='lat' dir='ltr'><strong>fimat.</strong></span> 
     </span>
    </p>
   </div>
   <div class='ocr_carea' id='block_1_3' title="bbox 926 1248 4022 5152">
    <p class='ocr_par' dir='ltr' id='par_1_3' title="bbox 926 1248 4022 4441">
     <span class='ocr_line' id='line_1_4' title="bbox 1138 1248 4018 1342; baseline -0.001 -20"><span class='ocrx_word' id='word_1_24' title='bbox 1138 1252 1405 1322; x_wconf 86' lang='lat' dir='ltr'><strong>Harum</strong></span> <span class='ocrx_word' id='word_1_25' title='bbox 1460 1250 1823 1323; x_wconf 88' lang='lat' dir='ltr'><strong>literarum</strong></span> <span class='ocrx_word' id='word_1_26' title='bbox 1880 1250 2095 1325; x_wconf 89' lang='lat' dir='ltr'><strong>series</strong></span> <span class='ocrx_word' id='word_1_27' title='bbox 2152 1250 2621 1323; x_wconf 88' lang='lat' dir='ltr'><strong>Wladislaum</strong></span> <span class='ocrx_word' id='word_1_28' title='bbox 2675 1252 2936 1342; x_wconf 88' lang='lat' dir='ltr'><strong>Regem</strong></span> <span class='ocrx_word' id='word_1_29' title='bbox 3001 1250 3253 1338; x_wconf 82' lang='lat' dir='ltr'><strong>movit,</strong></span> <span class='ocrx_word' id='word_1_30' title='bbox 3310 1253 3380 1323; x_wconf 86' lang='lat' dir='ltr'><strong>et</strong></span> <span class='ocrx_word' id='word_1_31' title='bbox 3441 1248 3720 1322; x_wconf 87' lang='lat' dir='ltr'><strong>Iuliano</strong></span> <span class='ocrx_word' id='word_1_32' title='bbox 3775 1248 4018 1321; x_wconf 80' lang='lat' dir='ltr'><strong>Cardi-</strong></span> 
     </span>
     <span class='ocr_line' id='line_1_5' title="bbox 927 1368 4017 1461; baseline -0.001 -18"><span class='ocrx_word' id='word_1_33' title='bbox 927 1371 1077 1443; x_wconf 90' lang='lat' dir='ltr'><strong>nali</strong></span> <span class='ocrx_word' id='word_1_34' title='bbox 1130 1376 1271 1443; x_wconf 88' lang='lat' dir='ltr'><strong>tam</strong></span> <span class='ocrx_word' id='word_1_35' title='bbox 1327 1370 1733 1461; x_wconf 86' lang='lat' dir='ltr'><strong>prudentia,</strong></span> <span class='ocrx_word' id='word_1_36' title='bbox 1792 1391 1999 1461; x_wconf 86' lang='lat' dir='ltr'><strong>quam</strong></span> <span class='ocrx_word' id='word_1_37' title='bbox 2056 1370 2488 1461; x_wconf 80' lang='lat' dir='ltr'><strong>eloquentia,</strong></span> <span class='ocrx_word' id='word_1_38' title='bbox 2547 1376 2808 1461; x_wconf 90' lang='lat' dir='ltr'><strong>quanta</strong></span> <span class='ocrx_word' id='word_1_39' title='bbox 2862 1371 3078 1460; x_wconf 90' lang='lat' dir='ltr'><strong>mala,</strong></span> <span class='ocrx_word' id='word_1_40' title='bbox 3139 1370 3200 1443; x_wconf 91' lang='lat' dir='ltr'><strong>si</strong></span> <span class='ocrx_word' id='word_1_41' title='bbox 3255 1368 3604 1442; x_wconf 77' lang='lat' dir='ltr'>conclusio</span> <span class='ocrx_word' id='word_1_42' title='bbox 3655 1368 3864 1461; x_wconf 84' lang='lat' dir='ltr'><strong>pacis</strong></span> <span class='ocrx_word' id='word_1_43' title='bbox 3903 1368 4017 1439; x_wconf 89' lang='lat' dir='ltr'><strong>ob-</strong></span> 
     </span>
     <span class='ocr_line' id='line_1_6' title="bbox 928 1486 4016 1580; baseline -0.001 -19"><span class='ocrx_word' id='word_1_44' title='bbox 928 1495 1203 1563; x_wconf 83' lang='lat' dir='ltr'><strong>servata</strong></span> <span class='ocrx_word' id='word_1_45' title='bbox 1258 1490 1502 1578; x_wconf 84' lang='lat' dir='ltr'><strong>fuerit,</strong></span> <span class='ocrx_word' id='word_1_46' title='bbox 1563 1494 1825 1580; x_wconf 89' lang='lat' dir='ltr'><strong>quanta</strong></span> <span class='ocrx_word' id='word_1_47' title='bbox 1876 1489 2087 1577; x_wconf 92' lang='lat' dir='ltr'><strong>bona,</strong></span> <span class='ocrx_word' id='word_1_48' title='bbox 2148 1489 2211 1561; x_wconf 92' lang='lat' dir='ltr'><strong>si</strong></span> <span class='ocrx_word' id='word_1_49' title='bbox 2265 1488 2529 1561; x_wconf 83' lang='lat' dir='ltr'><strong>violata</strong></span> <span class='ocrx_word' id='word_1_50' title='bbox 2584 1494 2652 1562; x_wconf 92' lang='lat' dir='ltr'><strong>et</strong></span> <span class='ocrx_word' id='word_1_51' title='bbox 2705 1490 2994 1577; x_wconf 91' lang='lat' dir='ltr'><strong>reiecta,</strong></span> <span class='ocrx_word' id='word_1_52' title='bbox 3052 1488 3507 1580; x_wconf 80' lang='lat' dir='ltr'><strong>amplissimis</strong></span> <span class='ocrx_word' id='word_1_53' title='bbox 3544 1492 3614 1561; x_wconf 91' lang='lat' dir='ltr'><strong>et</strong></span> <span class='ocrx_word' id='word_1_54' title='bbox 3650 1486 4016 1559; x_wconf 81' lang='lat' dir='ltr'><strong>diuturnis</strong></span> 
     </span>
     <span class='ocr_line' id='line_1_7' title="bbox 932 1606 4018 1700; baseline -0.001 -21"><span class='ocrx_word' id='word_1_55' title='bbox 932 1608 1364 1681; x_wconf 82' lang='lat' dir='ltr'><strong>sermonibus</strong></span> <span class='ocrx_word' id='word_1_56' title='bbox 1420 1608 1839 1697; x_wconf 86' lang='lat' dir='ltr'><strong>disserente,</strong></span> <span class='ocrx_word' id='word_1_57' title='bbox 1895 1608 2251 1699; x_wconf 87' lang='lat' dir='ltr'><strong>poenitere</strong></span> <span class='ocrx_word' id='word_1_58' title='bbox 2307 1607 2567 1699; x_wconf 86' lang='lat' dir='ltr'><strong>Regem</strong></span> <span class='ocrx_word' id='word_1_59' title='bbox 2605 1612 2674 1681; x_wconf 94' lang='lat' dir='ltr'><strong>et</strong></span> <span class='ocrx_word' id='word_1_60' title='bbox 2711 1609 3149 1681; x_wconf 78' lang='lat' dir='ltr'><strong>consiliarios</strong></span> <span class='ocrx_word' id='word_1_61' title='bbox 3184 1608 3373 1700; x_wconf 90' lang='lat' dir='ltr'><strong>pacti</strong></span> <span class='ocrx_word' id='word_1_62' title='bbox 3409 1612 3480 1679; x_wconf 92' lang='lat' dir='ltr'><strong>et</strong></span> <span class='ocrx_word' id='word_1_63' title='bbox 3517 1606 3822 1679; x_wconf 87' lang='lat' dir='ltr'><strong>foederis</strong></span> <span class='ocrx_word' id='word_1_64' title='bbox 3863 1626 4018 1678; x_wconf 89' lang='lat' dir='ltr'><strong>cum</strong></span> 
     </span>
     <span class='ocr_line' id='line_1_8' title="bbox 929 1726 4017 1819; baseline -0.002 -20"><span class='ocrx_word' id='word_1_65' title='bbox 929 1728 1172 1800; x_wconf 87' lang='lat' dir='ltr'><strong>Turcis</strong></span> <span class='ocrx_word' id='word_1_66' title='bbox 1226 1726 1390 1799; x_wconf 88' lang='lat' dir='ltr'><strong>initi</strong></span> <span class='ocrx_word' id='word_1_67' title='bbox 1445 1727 1703 1819; x_wconf 88' lang='lat' dir='ltr'><strong>coepit,</strong></span> <span class='ocrx_word' id='word_1_68' title='bbox 1760 1728 2170 1819; x_wconf 88' lang='lat' dir='ltr'><strong>praesertim</strong></span> <span class='ocrx_word' id='word_1_69' title='bbox 2227 1747 2384 1800; x_wconf 91' lang='lat' dir='ltr'><strong>cum</strong></span> <span class='ocrx_word' id='word_1_70' title='bbox 2439 1748 2598 1818; x_wconf 89' lang='lat' dir='ltr'><strong>spes</strong></span> <span class='ocrx_word' id='word_1_71' title='bbox 2653 1728 2840 1799; x_wconf 90' lang='lat' dir='ltr'><strong>haud</strong></span> <span class='ocrx_word' id='word_1_72' title='bbox 2893 1726 3106 1799; x_wconf 87' lang='lat' dir='ltr'><strong>dubia</strong></span> <span class='ocrx_word' id='word_1_73' title='bbox 3160 1727 3400 1813; x_wconf 86' lang='lat' dir='ltr'><strong>fuerit,</strong></span> <span class='ocrx_word' id='word_1_74' title='bbox 3457 1746 3593 1798; x_wconf 91' lang='lat' dir='ltr'><strong>non</strong></span> <span class='ocrx_word' id='word_1_75' title='bbox 3639 1746 3722 1797; x_wconf 86' lang='lat' dir='ltr'><strong>ea</strong></span> <span class='ocrx_word' id='word_1_76' title='bbox 3759 1726 4017 1811; x_wconf 88' lang='lat' dir='ltr'><strong>solum,</strong></span> 
     </span>
     <span class='ocr_line' id='line_1_9' title="bbox 934 1844 4018 1939; baseline -0.001 -22"><span class='ocrx_word' id='word_1_77' title='bbox 934 1868 1109 1939; x_wconf 88' lang='lat' dir='ltr'><strong>quac</strong></span> <span class='ocrx_word' id='word_1_78' title='bbox 1162 1847 1429 1918; x_wconf 89' lang='lat' dir='ltr'><strong>Turcus</strong></span> <span class='ocrx_word' id='word_1_79' title='bbox 1482 1847 1884 1919; x_wconf 89' lang='lat' dir='ltr'><strong>redditurus</strong></span> <span class='ocrx_word' id='word_1_80' title='bbox 1942 1852 2121 1935; x_wconf 87' lang='lat' dir='ltr'><strong>erat,</strong></span> <span class='ocrx_word' id='word_1_81' title='bbox 2182 1848 2300 1920; x_wconf 87' lang='lat' dir='ltr'><strong>sed</strong></span> <span class='ocrx_word' id='word_1_82' title='bbox 2355 1848 2756 1919; x_wconf 84' lang='lat' dir='ltr'><strong>universam</strong></span> <span class='ocrx_word' id='word_1_83' title='bbox 2793 1848 3143 1937; x_wconf 81' lang='lat' dir='ltr'><strong>Europam</strong></span> <span class='ocrx_word' id='word_1_84' title='bbox 3177 1844 3568 1936; x_wconf 88' lang='lat' dir='ltr'><strong>recuperari</strong></span> <span class='ocrx_word' id='word_1_85' title='bbox 3605 1850 3674 1917; x_wconf 88' lang='lat' dir='ltr'><strong>et</strong></span> <span class='ocrx_word' id='word_1_86' title='bbox 3709 1846 4018 1917; x_wconf 70' lang='lat' dir='ltr'><strong>Tuscum</strong></span> 
     </span>
     <span class='ocr_line' id='line_1_10' title="bbox 926 1963 4020 2058; baseline -0.001 -21"><span class='ocrx_word' id='word_1_87' title='bbox 926 1968 1117 2038; x_wconf 90' lang='lat' dir='ltr'><strong>ultra</strong></span> <span class='ocrx_word' id='word_1_88' title='bbox 1170 1985 1358 2037; x_wconf 89' lang='lat' dir='ltr'><strong>mare</strong></span> <span class='ocrx_word' id='word_1_89' title='bbox 1410 1965 1637 2057; x_wconf 88' lang='lat' dir='ltr'><strong>redigi</strong></span> <span class='ocrx_word' id='word_1_90' title='bbox 1691 1986 1896 2055; x_wconf 87' lang='lat' dir='ltr'><strong>posse</strong></span> <span class='ocrx_word' id='word_1_91' title='bbox 1952 1971 2021 2039; x_wconf 91' lang='lat' dir='ltr'><strong>et</strong></span> <span class='ocrx_word' id='word_1_92' title='bbox 2080 1965 2500 2058; x_wconf 86' lang='lat' dir='ltr'><strong>sempiterno</strong></span> <span class='ocrx_word' id='word_1_93' title='bbox 2555 1965 2682 2038; x_wconf 91' lang='lat' dir='ltr'><strong>illo</strong></span> <span class='ocrx_word' id='word_1_94' title='bbox 2735 1966 3024 2058; x_wconf 89' lang='lat' dir='ltr'><strong>gloriari</strong></span> <span class='ocrx_word' id='word_1_95' title='bbox 3061 1965 3440 2055; x_wconf 87' lang='lat' dir='ltr'><strong>triumpho.</strong></span> <span class='ocrx_word' id='word_1_96' title='bbox 3499 1964 3635 2036; x_wconf 88' lang='lat' dir='ltr'><strong>Sed</strong></span> <span class='ocrx_word' id='word_1_97' title='bbox 3671 1968 3746 2035; x_wconf 89' lang='lat' dir='ltr'><strong>et</strong></span> <span class='ocrx_word' id='word_1_98' title='bbox 3782 1963 4020 2054; x_wconf 87' lang='lat' dir='ltr'><strong>ipsum</strong></span> 
     </span>
     <span class='ocr_line' id='line_1_11' title="bbox 927 2082 4014 2177; baseline -0.002 -20"><span class='ocrx_word' id='word_1_99' title='bbox 927 2085 1309 2157; x_wconf 78' lang='lat' dir='ltr'><strong>Iohannem</strong></span> <span class='ocrx_word' id='word_1_100' title='bbox 1364 2085 1449 2158; x_wconf 89' lang='lat' dir='ltr'><strong>de</strong></span> <span class='ocrx_word' id='word_1_101' title='bbox 1502 2084 1820 2172; x_wconf 89' lang='lat' dir='ltr'><strong>Huniad,</strong></span> <span class='ocrx_word' id='word_1_102' title='bbox 1888 2084 2009 2176; x_wconf 92' lang='lat' dir='ltr'><strong>qui</strong></span> <span class='ocrx_word' id='word_1_103' title='bbox 2075 2084 2334 2177; x_wconf 88' lang='lat' dir='ltr'><strong>Regem</strong></span> <span class='ocrx_word' id='word_1_104' title='bbox 2391 2084 2478 2155; x_wconf 92' lang='lat' dir='ltr'><strong>ad</strong></span> <span class='ocrx_word' id='word_1_105' title='bbox 2530 2084 3034 2175; x_wconf 87' lang='lat' dir='ltr'><strong>pacificandum</strong></span> <span class='ocrx_word' id='word_1_106' title='bbox 3099 2104 3254 2157; x_wconf 92' lang='lat' dir='ltr'><strong>cum</strong></span> <span class='ocrx_word' id='word_1_107' title='bbox 3309 2083 3552 2156; x_wconf 89' lang='lat' dir='ltr'><strong>Turcis</strong></span> <span class='ocrx_word' id='word_1_108' title='bbox 3605 2082 4014 2167; x_wconf 77' lang='lat' dir='ltr'><strong>induxerat,</strong></span> 
     </span>
     <span class='ocr_line' id='line_1_12' title="bbox 930 2200 4014 2295; baseline -0.002 -18"><span class='ocrx_word' id='word_1_109' title='bbox 930 2204 1165 2277; x_wconf 90' lang='lat' dir='ltr'><strong>eadem</strong></span> <span class='ocrx_word' id='word_1_110' title='bbox 1219 2204 1653 2295; x_wconf 88' lang='lat' dir='ltr'><strong>poenitentia</strong></span> <span class='ocrx_word' id='word_1_111' title='bbox 1706 2203 2003 2291; x_wconf 80' lang='lat' dir='ltr'><strong>invasit,</strong></span> <span class='ocrx_word' id='word_1_112' title='bbox 2062 2224 2148 2276; x_wconf 90' lang='lat' dir='ltr'><strong>ex</strong></span> <span class='ocrx_word' id='word_1_113' title='bbox 2187 2224 2264 2276; x_wconf 91' lang='lat' dir='ltr'><strong>eo</strong></span> <span class='ocrx_word' id='word_1_114' title='bbox 2302 2203 2637 2290; x_wconf 85' lang='lat' dir='ltr'><strong>maxime,</strong></span> <span class='ocrx_word' id='word_1_115' title='bbox 2696 2204 2879 2295; x_wconf 91' lang='lat' dir='ltr'><strong>quod</strong></span> <span class='ocrx_word' id='word_1_116' title='bbox 2917 2202 3353 2276; x_wconf 83' lang='lat' dir='ltr'><strong>Wladislaus</strong></span> <span class='ocrx_word' id='word_1_117' title='bbox 3390 2204 3542 2276; x_wconf 85' lang='lat' dir='ltr'><strong>Rex</strong></span> <span class='ocrx_word' id='word_1_118' title='bbox 3581 2200 3785 2273; x_wconf 85' lang='lat' dir='ltr'><strong>finito</strong></span> <span class='ocrx_word' id='word_1_119' title='bbox 3821 2201 4014 2274; x_wconf 88' lang='lat' dir='ltr'><strong>bello</strong></span> 
     </span>
     <span class='ocr_line' id='line_1_13' title="bbox 930 2322 4018 2416; baseline -0 -23"><span class='ocrx_word' id='word_1_120' title='bbox 930 2324 1159 2415; x_wconf 88' lang='lat' dir='ltr'><strong>ipsum</strong></span> <span class='ocrx_word' id='word_1_121' title='bbox 1215 2322 1289 2395; x_wconf 91' lang='lat' dir='ltr'><strong>in</strong></span> <span class='ocrx_word' id='word_1_122' title='bbox 1344 2322 1720 2416; x_wconf 86' lang='lat' dir='ltr'><strong>Bulgariae</strong></span> <span class='ocrx_word' id='word_1_123' title='bbox 1784 2323 2047 2415; x_wconf 85' lang='lat' dir='ltr'><strong>Regem</strong></span> <span class='ocrx_word' id='word_1_124' title='bbox 2112 2324 2517 2415; x_wconf 90' lang='lat' dir='ltr'><strong>praeficere,</strong></span> <span class='ocrx_word' id='word_1_125' title='bbox 2585 2324 2668 2397; x_wconf 92' lang='lat' dir='ltr'><strong>de</strong></span> <span class='ocrx_word' id='word_1_126' title='bbox 2731 2344 2867 2415; x_wconf 90' lang='lat' dir='ltr'><strong>quo</strong></span> <span class='ocrx_word' id='word_1_127' title='bbox 2925 2326 2994 2395; x_wconf 91' lang='lat' dir='ltr'><strong>et</strong></span> <span class='ocrx_word' id='word_1_128' title='bbox 3045 2322 3363 2414; x_wconf 87' lang='lat' dir='ltr'><strong>publicas</strong></span> <span class='ocrx_word' id='word_1_129' title='bbox 3425 2322 3796 2394; x_wconf 88' lang='lat' dir='ltr'><strong>literarum</strong></span> <span class='ocrx_word' id='word_1_130' title='bbox 3860 2340 4018 2411; x_wconf 89' lang='lat' dir='ltr'><strong>pro-</strong></span> 
     </span>
     <span class='ocr_line' id='line_1_14' title="bbox 929 2439 4016 2540; baseline -0.001 -26"><span class='ocrx_word' id='word_1_131' title='bbox 929 2441 1299 2515; x_wconf 89' lang='lat' dir='ltr'><strong>missiones</strong></span> <span class='ocrx_word' id='word_1_132' title='bbox 1356 2442 1686 2540; x_wconf 81' lang='lat' dir='ltr'><strong>habebat,</strong></span> <span class='ocrx_word' id='word_1_133' title='bbox 1743 2442 2240 2534; x_wconf 80' lang='lat' dir='ltr'><strong>pollicebatur,</strong></span> <span class='ocrx_word' id='word_1_134' title='bbox 2307 2463 2485 2535; x_wconf 87' lang='lat' dir='ltr'><strong>quae</strong></span> <span class='ocrx_word' id='word_1_135' title='bbox 2540 2442 2826 2516; x_wconf 83' lang='lat' dir='ltr'><strong>ambitio</strong></span> <span class='ocrx_word' id='word_1_136' title='bbox 2891 2443 3120 2515; x_wconf 84' lang='lat' dir='ltr'><strong>virum</strong></span> <span class='ocrx_word' id='word_1_137' title='bbox 3183 2442 3476 2533; x_wconf 86' lang='lat' dir='ltr'><strong>spiritus</strong></span> <span class='ocrx_word' id='word_1_138' title='bbox 3532 2439 3848 2533; x_wconf 87' lang='lat' dir='ltr'><strong>ingentis</strong></span> <span class='ocrx_word' id='word_1_139' title='bbox 3905 2460 4016 2511; x_wconf 79' lang='lat' dir='ltr'><strong>ve-</strong></span> 
     </span>
     <span class='ocr_line' id='line_1_15' title="bbox 931 2554 4018 2655; baseline -0.001 -22"><span class='ocrx_word' id='word_1_140' title='bbox 931 2562 1159 2635; x_wconf 87' lang='lat' dir='ltr'><strong>xando</strong></span> <span class='ocrx_word' id='word_1_141' title='bbox 1199 2563 1252 2650; x_wconf 91' lang='lat'><strong>¹)</strong></span> <span class='ocrx_word' id='word_1_142' title='bbox 1308 2562 1643 2654; x_wconf 83' lang='lat' dir='ltr'><strong>agitabat.</strong></span> <span class='ocrx_word' id='word_1_143' title='bbox 1700 2562 1888 2634; x_wconf 83' lang='lat' dir='ltr'><strong>Novi</strong></span> <span class='ocrx_word' id='word_1_144' title='bbox 1926 2562 2164 2654; x_wconf 88' lang='lat' dir='ltr'><strong>itaque</strong></span> <span class='ocrx_word' id='word_1_145' title='bbox 2201 2566 2579 2650; x_wconf 76' lang='lat' dir='ltr'><strong>tractatuS,</strong></span> <span class='ocrx_word' id='word_1_146' title='bbox 2620 2554 2840 2634; x_wconf 79' lang='lat' dir='ltr'><strong>novae</strong></span> <span class='ocrx_word' id='word_1_147' title='bbox 2876 2561 3410 2655; x_wconf 84' lang='lat' dir='ltr'><strong>deliberationes</strong></span> <span class='ocrx_word' id='word_1_148' title='bbox 3445 2560 3688 2633; x_wconf 88' lang='lat' dir='ltr'><strong>haberi</strong></span> <span class='ocrx_word' id='word_1_149' title='bbox 3721 2564 4018 2651; x_wconf 83' lang='lat' dir='ltr'><strong>coeptae</strong></span> 
     </span>
     <span class='ocr_line' id='line_1_16' title="bbox 932 2679 4016 2773; baseline -0.002 -19"><span class='ocrx_word' id='word_1_150' title='bbox 932 2685 1096 2754; x_wconf 90' lang='lat' dir='ltr'><strong>sunt</strong></span> <span class='ocrx_word' id='word_1_151' title='bbox 1150 2680 1235 2753; x_wconf 88' lang='lat' dir='ltr'><strong>de</strong></span> <span class='ocrx_word' id='word_1_152' title='bbox 1287 2680 1475 2753; x_wconf 89' lang='lat' dir='ltr'><strong>bello</strong></span> <span class='ocrx_word' id='word_1_153' title='bbox 1530 2682 2041 2773; x_wconf 88' lang='lat' dir='ltr'><strong>prosequendo,</strong></span> <span class='ocrx_word' id='word_1_154' title='bbox 2108 2687 2181 2754; x_wconf 90' lang='lat' dir='ltr'><strong>et</strong></span> <span class='ocrx_word' id='word_1_155' title='bbox 2233 2682 2470 2773; x_wconf 90' lang='lat' dir='ltr'><strong>plures</strong></span> <span class='ocrx_word' id='word_1_156' title='bbox 2539 2682 2686 2754; x_wconf 89' lang='lat' dir='ltr'><strong>dies</strong></span> <span class='ocrx_word' id='word_1_157' title='bbox 2740 2685 3101 2773; x_wconf 90' lang='lat' dir='ltr'><strong>praeterea</strong></span> <span class='ocrx_word' id='word_1_158' title='bbox 3153 2679 3537 2771; x_wconf 88' lang='lat' dir='ltr'><strong>absumpti,</strong></span> <span class='ocrx_word' id='word_1_159' title='bbox 3592 2679 3782 2752; x_wconf 80' lang='lat' dir='ltr'><strong>infra</strong></span> <span class='ocrx_word' id='word_1_160' title='bbox 3839 2698 4016 2769; x_wconf 84' lang='lat' dir='ltr'><strong>quos</strong></span> 
     </span>
     <span class='ocr_line' id='line_1_17' title="bbox 927 2798 4020 2893; baseline -0.001 -21"><span class='ocrx_word' id='word_1_161' title='bbox 927 2802 1092 2873; x_wconf 90' lang='lat' dir='ltr'><strong>dum</strong></span> <span class='ocrx_word' id='word_1_162' title='bbox 1146 2804 1377 2874; x_wconf 88' lang='lat' dir='ltr'><strong>castra</strong></span> <span class='ocrx_word' id='word_1_163' title='bbox 1442 2800 1822 2873; x_wconf 84' lang='lat' dir='ltr'><strong>Smiderow</strong></span> <span class='ocrx_word' id='word_1_164' title='bbox 1852 2799 1940 2891; x_wconf 79' lang='lat'><strong>²),</strong></span> <span class='ocrx_word' id='word_1_165' title='bbox 2000 2802 2396 2892; x_wconf 78' lang='lat' dir='ltr'><strong>Golubyecz</strong></span> <span class='ocrx_word' id='word_1_166' title='bbox 2461 2806 2532 2874; x_wconf 89' lang='lat' dir='ltr'><strong>et</strong></span> <span class='ocrx_word' id='word_1_167' title='bbox 2585 2801 2758 2889; x_wconf 86' lang='lat' dir='ltr'><strong>alia,</strong></span> <span class='ocrx_word' id='word_1_168' title='bbox 2827 2802 3087 2893; x_wconf 87' lang='lat' dir='ltr'><strong>elapsis</strong></span> <span class='ocrx_word' id='word_1_169' title='bbox 3149 2821 3288 2872; x_wconf 89' lang='lat' dir='ltr'><strong>non</strong></span> <span class='ocrx_word' id='word_1_170' title='bbox 3353 2804 3504 2872; x_wconf 91' lang='lat' dir='ltr'><strong>octo</strong></span> <span class='ocrx_word' id='word_1_171' title='bbox 3569 2800 3840 2886; x_wconf 88' lang='lat' dir='ltr'><strong>solum,</strong></span> <span class='ocrx_word' id='word_1_172' title='bbox 3901 2798 4020 2869; x_wconf 82' lang='lat' dir='ltr'><strong>sed</strong></span> 
     </span>
     <span class='ocr_line' id='line_1_18' title="bbox 932 2916 4018 3012; baseline -0.001 -22"><span class='ocrx_word' id='word_1_173' title='bbox 932 2919 1188 3012; x_wconf 85' lang='lat' dir='ltr'><strong>viginti</strong></span> <span class='ocrx_word' id='word_1_174' title='bbox 1243 2919 1520 3008; x_wconf 79' lang='lat' dir='ltr'><strong>diebuS,</strong></span> <span class='ocrx_word' id='word_1_175' title='bbox 1577 2919 1780 2991; x_wconf 90' lang='lat' dir='ltr'><strong>iuxta</strong></span> <span class='ocrx_word' id='word_1_176' title='bbox 1833 2921 2223 3012; x_wconf 87' lang='lat' dir='ltr'><strong>legatorum</strong></span> <span class='ocrx_word' id='word_1_177' title='bbox 2279 2920 2721 3011; x_wconf 85' lang='lat' dir='ltr'><strong>sponsionem</strong></span> <span class='ocrx_word' id='word_1_178' title='bbox 2758 2941 2895 2992; x_wconf 90' lang='lat' dir='ltr'><strong>non</strong></span> <span class='ocrx_word' id='word_1_179' title='bbox 2933 2921 3416 3005; x_wconf 86' lang='lat' dir='ltr'><strong>redderentur,</strong></span> <span class='ocrx_word' id='word_1_180' title='bbox 3474 2918 3738 2990; x_wconf 89' lang='lat' dir='ltr'><strong>bellum</strong></span> <span class='ocrx_word' id='word_1_181' title='bbox 3779 2936 3878 2989; x_wconf 84' lang='lat' dir='ltr'><strong>ex</strong></span> <span class='ocrx_word' id='word_1_182' title='bbox 3915 2916 4018 2989; x_wconf 86' lang='lat' dir='ltr'><strong>in-</strong></span> 
     </span>
     <span class='ocr_line' id='line_1_19' title="bbox 931 3035 4021 3131; baseline -0.001 -21"><span class='ocrx_word' id='word_1_183' title='bbox 931 3043 1126 3131; x_wconf 89' lang='lat' dir='ltr'><strong>tegro</strong></span> <span class='ocrx_word' id='word_1_184' title='bbox 1180 3038 1331 3129; x_wconf 88' lang='lat' dir='ltr'><strong>geri</strong></span> <span class='ocrx_word' id='word_1_185' title='bbox 1394 3059 1550 3109; x_wconf 91' lang='lat' dir='ltr'><strong>cum</strong></span> <span class='ocrx_word' id='word_1_186' title='bbox 1613 3040 1837 3111; x_wconf 87' lang='lat' dir='ltr'><strong>Turco</strong></span> <span class='ocrx_word' id='word_1_187' title='bbox 1898 3040 2199 3131; x_wconf 85' lang='lat' dir='ltr'><strong>placuit,</strong></span> <span class='ocrx_word' id='word_1_188' title='bbox 2267 3060 2492 3131; x_wconf 91' lang='lat' dir='ltr'><strong>neque</strong></span> <span class='ocrx_word' id='word_1_189' title='bbox 2555 3040 2902 3112; x_wconf 86' lang='lat' dir='ltr'><strong>auxilium</strong></span> <span class='ocrx_word' id='word_1_190' title='bbox 2967 3038 3215 3112; x_wconf 90' lang='lat' dir='ltr'><strong>classis</strong></span> <span class='ocrx_word' id='word_1_191' title='bbox 3270 3037 3694 3125; x_wconf 82' lang='lat' dir='ltr'><strong>maritimae,</strong></span> <span class='ocrx_word' id='word_1_192' title='bbox 3749 3035 4021 3107; x_wconf 83' lang='lat' dir='ltr'><strong>dudum</strong></span> 
     </span>
     <span class='ocr_line' id='line_1_20' title="bbox 932 3154 4018 3250; baseline -0.001 -22"><span class='ocrx_word' id='word_1_193' title='bbox 932 3161 1210 3230; x_wconf 89' lang='lat' dir='ltr'><strong>tenente</strong></span> <span class='ocrx_word' id='word_1_194' title='bbox 1264 3156 1339 3228; x_wconf 93' lang='lat' dir='ltr'><strong>in</strong></span> <span class='ocrx_word' id='word_1_195' title='bbox 1394 3157 1652 3230; x_wconf 88' lang='lat' dir='ltr'><strong>Stricto</strong></span> <span class='ocrx_word' id='word_1_196' title='bbox 1688 3155 1751 3247; x_wconf 80' lang='lat'><strong>³)</strong></span> <span class='ocrx_word' id='word_1_197' title='bbox 1806 3158 2226 3247; x_wconf 90' lang='lat' dir='ltr'><strong>custodiam,</strong></span> <span class='ocrx_word' id='word_1_198' title='bbox 2283 3162 2479 3230; x_wconf 87' lang='lat' dir='ltr'><strong>tanto</strong></span> <span class='ocrx_word' id='word_1_199' title='bbox 2535 3164 2847 3250; x_wconf 90' lang='lat' dir='ltr'><strong>tempore</strong></span> <span class='ocrx_word' id='word_1_200' title='bbox 2900 3158 2974 3232; x_wconf 88' lang='lat' dir='ltr'><strong>in</strong></span> <span class='ocrx_word' id='word_1_201' title='bbox 3031 3179 3158 3231; x_wconf 86' lang='lat' dir='ltr'><strong>sua</strong></span> <span class='ocrx_word' id='word_1_202' title='bbox 3211 3178 3332 3250; x_wconf 88' lang='lat' dir='ltr'><strong>spe</strong></span> <span class='ocrx_word' id='word_1_203' title='bbox 3383 3154 3648 3250; x_wconf 89' lang='lat' dir='ltr'><strong>negligi</strong></span> <span class='ocrx_word' id='word_1_204' title='bbox 3701 3159 3776 3227; x_wconf 87' lang='lat' dir='ltr'><strong>ct</strong></span> <span class='ocrx_word' id='word_1_205' title='bbox 3835 3156 4018 3227; x_wconf 82' lang='lat' dir='ltr'><strong>frau-</strong></span> 
     </span>
     <span class='ocr_line' id='line_1_21' title="bbox 933 3274 4022 3369; baseline -0.001 -21"><span class='ocrx_word' id='word_1_206' title='bbox 933 3276 1113 3363; x_wconf 86' lang='lat' dir='ltr'><strong>dari,</strong></span> <span class='ocrx_word' id='word_1_207' title='bbox 1175 3296 1547 3368; x_wconf 88' lang='lat' dir='ltr'><strong>omnesque</strong></span> <span class='ocrx_word' id='word_1_208' title='bbox 1601 3277 1923 3369; x_wconf 89' lang='lat' dir='ltr'><strong>Hungari</strong></span> <span class='ocrx_word' id='word_1_209' title='bbox 1976 3278 2247 3369; x_wconf 88' lang='lat' dir='ltr'><strong>legatos</strong></span> <span class='ocrx_word' id='word_1_210' title='bbox 2304 3277 2513 3351; x_wconf 87' lang='lat' dir='ltr'><strong>Turci</strong></span> <span class='ocrx_word' id='word_1_211' title='bbox 2549 3278 2622 3351; x_wconf 89' lang='lat' dir='ltr'><strong>iu</strong></span> <span class='ocrx_word' id='word_1_212' title='bbox 2659 3278 2818 3350; x_wconf 92' lang='lat' dir='ltr'><strong>dolo</strong></span> <span class='ocrx_word' id='word_1_213' title='bbox 2873 3278 3186 3366; x_wconf 83' lang='lat' dir='ltr'><strong>venisse,</strong></span> <span class='ocrx_word' id='word_1_214' title='bbox 3243 3281 3314 3350; x_wconf 90' lang='lat' dir='ltr'><strong>et</strong></span> <span class='ocrx_word' id='word_1_215' title='bbox 3355 3274 3634 3349; x_wconf 87' lang='lat' dir='ltr'><strong>callidis</strong></span> <span class='ocrx_word' id='word_1_216' title='bbox 3675 3274 4022 3366; x_wconf 85' lang='lat' dir='ltr'><strong>vanisque</strong></span> 
     </span>
     <span class='ocr_line' id='line_1_22' title="bbox 931 3394 4014 3490; baseline -0 -23"><span class='ocrx_word' id='word_1_217' title='bbox 931 3394 1511 3487; x_wconf 88' lang='lat' dir='ltr'><strong>promissionibus</strong></span> <span class='ocrx_word' id='word_1_218' title='bbox 1566 3400 1877 3470; x_wconf 87' lang='lat' dir='ltr'><strong>avertere</strong></span> <span class='ocrx_word' id='word_1_219' title='bbox 1931 3398 2190 3490; x_wconf 90' lang='lat' dir='ltr'><strong>Regem</strong></span> <span class='ocrx_word' id='word_1_220' title='bbox 2246 3419 2288 3469; x_wconf 89' lang='lat' dir='ltr'><strong>a</strong></span> <span class='ocrx_word' id='word_1_221' title='bbox 2339 3398 2524 3470; x_wconf 91' lang='lat' dir='ltr'><strong>bello</strong></span> <span class='ocrx_word' id='word_1_222' title='bbox 2579 3398 2876 3490; x_wconf 89' lang='lat' dir='ltr'><strong>gerendo</strong></span> <span class='ocrx_word' id='word_1_223' title='bbox 2932 3397 3243 3470; x_wconf 85' lang='lat' dir='ltr'><strong>voluisse</strong></span> <span class='ocrx_word' id='word_1_224' title='bbox 3279 3395 3804 3469; x_wconf 89' lang='lat' dir='ltr'><strong>concludebant.</strong></span> <span class='ocrx_word' id='word_1_225' title='bbox 3867 3394 4014 3466; x_wconf 83' lang='lat' dir='ltr'><strong>Ita·</strong></span> 
     </span>
     <span class='ocr_line' id='line_1_23' title="bbox 934 3513 4021 3608; baseline -0 -23"><span class='ocrx_word' id='word_1_226' title='bbox 934 3535 1067 3606; x_wconf 89' lang='lat' dir='ltr'><strong>que</strong></span> <span class='ocrx_word' id='word_1_227' title='bbox 1123 3518 1457 3587; x_wconf 89' lang='lat' dir='ltr'><strong>temerato</strong></span> <span class='ocrx_word' id='word_1_228' title='bbox 1512 3514 1936 3603; x_wconf 89' lang='lat' dir='ltr'><strong>iuramento,</strong></span> <span class='ocrx_word' id='word_1_229' title='bbox 2002 3520 2211 3606; x_wconf 91' lang='lat' dir='ltr'><strong>rupto</strong></span> <span class='ocrx_word' id='word_1_230' title='bbox 2267 3516 2536 3590; x_wconf 90' lang='lat' dir='ltr'><strong>foedere</strong></span> <span class='ocrx_word' id='word_1_231' title='bbox 2590 3518 2836 3589; x_wconf 84' lang='lat' dir='ltr'><strong>Turcis</strong></span> <span class='ocrx_word' id='word_1_232' title='bbox 2888 3516 3260 3608; x_wconf 87' lang='lat' dir='ltr'><strong>promisso,</strong></span> <span class='ocrx_word' id='word_1_233' title='bbox 3329 3514 3508 3607; x_wconf 87' lang='lat' dir='ltr'><strong>quod</strong></span> <span class='ocrx_word' id='word_1_234' title='bbox 3560 3535 3686 3606; x_wconf 85' lang='lat' dir='ltr'><strong>pro</strong></span> <span class='ocrx_word' id='word_1_235' title='bbox 3739 3513 4021 3587; x_wconf 84' lang='lat' dir='ltr'><strong>cautela</strong></span> 
     </span>
     <span class='ocr_line' id='line_1_24' title="bbox 936 3632 4018 3727; baseline -0 -22"><span class='ocrx_word' id='word_1_236' title='bbox 936 3632 1261 3725; x_wconf 88' lang='lat' dir='ltr'><strong>ampliori</strong></span> <span class='ocrx_word' id='word_1_237' title='bbox 1313 3636 1385 3705; x_wconf 92' lang='lat' dir='ltr'><strong>et</strong></span> <span class='ocrx_word' id='word_1_238' title='bbox 1436 3633 1921 3724; x_wconf 86' lang='lat' dir='ltr'><strong>purificatione</strong></span> <span class='ocrx_word' id='word_1_239' title='bbox 1983 3634 2217 3725; x_wconf 88' lang='lat' dir='ltr'><strong>regiae</strong></span> <span class='ocrx_word' id='word_1_240' title='bbox 2281 3635 2746 3708; x_wconf 86' lang='lat' dir='ltr'><strong>conscientiae</strong></span> <span class='ocrx_word' id='word_1_241' title='bbox 2801 3636 3180 3709; x_wconf 86' lang='lat' dir='ltr'><strong>autoritate</strong></span> <span class='ocrx_word' id='word_1_242' title='bbox 3233 3633 3618 3727; x_wconf 88' lang='lat' dir='ltr'><strong>apostolica</strong></span> <span class='ocrx_word' id='word_1_243' title='bbox 3670 3632 4018 3705; x_wconf 77' lang='lat' dir='ltr'><strong>dissolve-</strong></span> 
     </span>
     <span class='ocr_line' id='line_1_25' title="bbox 930 3750 4018 3845; baseline -0.001 -20"><span class='ocrx_word' id='word_1_244' title='bbox 930 3753 1083 3840; x_wconf 91' lang='lat' dir='ltr'><strong>bat,</strong></span> <span class='ocrx_word' id='word_1_245' title='bbox 1142 3756 1213 3825; x_wconf 92' lang='lat' dir='ltr'><strong>et</strong></span> <span class='ocrx_word' id='word_1_246' title='bbox 1266 3750 1573 3839; x_wconf 88' lang='lat' dir='ltr'><strong>irritum,</strong></span> <span class='ocrx_word' id='word_1_247' title='bbox 1634 3772 1909 3825; x_wconf 86' lang='lat' dir='ltr'><strong>cassum</strong></span> <span class='ocrx_word' id='word_1_248' title='bbox 1963 3757 2174 3845; x_wconf 90' lang='lat' dir='ltr'><strong>atque</strong></span> <span class='ocrx_word' id='word_1_249' title='bbox 2228 3755 2502 3826; x_wconf 90' lang='lat' dir='ltr'><strong>nullum</strong></span> <span class='ocrx_word' id='word_1_250' title='bbox 2559 3754 2884 3828; x_wconf 87' lang='lat' dir='ltr'><strong>Iulianus</strong></span> <span class='ocrx_word' id='word_1_251' title='bbox 2939 3753 3360 3841; x_wconf 82' lang='lat' dir='ltr'><strong>Cardinalis,</strong></span> <span class='ocrx_word' id='word_1_252' title='bbox 3416 3754 3612 3826; x_wconf 79' lang='lat' dir='ltr'><strong>velut</strong></span> <span class='ocrx_word' id='word_1_253' title='bbox 3667 3752 3860 3844; x_wconf 85' lang='lat' dir='ltr'><strong>quod</strong></span> <span class='ocrx_word' id='word_1_254' title='bbox 3914 3752 4018 3823; x_wconf 88' lang='lat' dir='ltr'><strong>in·</strong></span> 
     </span>
     <span class='ocr_line' id='line_1_26' title="bbox 933 3870 4017 3964; baseline 0 -21"><span class='ocrx_word' id='word_1_255' title='bbox 933 3873 1130 3943; x_wconf 90' lang='lat' dir='ltr'><strong>iussu</strong></span> <span class='ocrx_word' id='word_1_256' title='bbox 1186 3870 1387 3943; x_wconf 86' lang='lat' dir='ltr'><strong>Sedis</strong></span> <span class='ocrx_word' id='word_1_257' title='bbox 1443 3872 1891 3962; x_wconf 88' lang='lat' dir='ltr'><strong>Apostolicae</strong></span> <span class='ocrx_word' id='word_1_258' title='bbox 1954 3893 2109 3945; x_wconf 91' lang='lat' dir='ltr'><strong>cum</strong></span> <span class='ocrx_word' id='word_1_259' title='bbox 2171 3874 2373 3946; x_wconf 89' lang='lat' dir='ltr'><strong>hoste</strong></span> <span class='ocrx_word' id='word_1_260' title='bbox 2435 3871 2801 3947; x_wconf 88' lang='lat' dir='ltr'><strong>christiani</strong></span> <span class='ocrx_word' id='word_1_261' title='bbox 2865 3874 3165 3945; x_wconf 88' lang='lat' dir='ltr'><strong>nominis</strong></span> <span class='ocrx_word' id='word_1_262' title='bbox 3221 3876 3373 3949; x_wconf 87' lang='lat' dir='ltr'><strong>Rex</strong></span> <span class='ocrx_word' id='word_1_263' title='bbox 3433 3872 3828 3964; x_wconf 88' lang='lat' dir='ltr'><strong>pepigerat,</strong></span> <span class='ocrx_word' id='word_1_264' title='bbox 3904 3870 4017 3943; x_wconf 86' lang='lat' dir='ltr'><strong>de·</strong></span> 
     </span>
     <span class='ocr_line' id='line_1_27' title="bbox 934 3989 4020 4082; baseline 0 -20"><span class='ocrx_word' id='word_1_265' title='bbox 934 3990 1288 4077; x_wconf 84' lang='lat' dir='ltr'><strong>comebat,</strong></span> <span class='ocrx_word' id='word_1_266' title='bbox 1345 3989 1610 4063; x_wconf 90' lang='lat' dir='ltr'><strong>bellum</strong></span> <span class='ocrx_word' id='word_1_267' title='bbox 1666 3996 1907 4063; x_wconf 90' lang='lat' dir='ltr'><strong>contra</strong></span> <span class='ocrx_word' id='word_1_268' title='bbox 1959 3993 2220 4063; x_wconf 88' lang='lat' dir='ltr'><strong>Turcos</strong></span> <span class='ocrx_word' id='word_1_269' title='bbox 2275 3992 2710 4065; x_wconf 90' lang='lat' dir='ltr'><strong>Wladislaus</strong></span> <span class='ocrx_word' id='word_1_270' title='bbox 2766 3994 2922 4065; x_wconf 91' lang='lat' dir='ltr'><strong>Rex</strong></span> <span class='ocrx_word' id='word_1_271' title='bbox 2976 3993 3464 4066; x_wconf 86' lang='lat' dir='ltr'><strong>assumendum</strong></span> <span class='ocrx_word' id='word_1_272' title='bbox 3519 3996 3590 4063; x_wconf 87' lang='lat' dir='ltr'><strong>et</strong></span> <span class='ocrx_word' id='word_1_273' title='bbox 3631 3990 4020 4082; x_wconf 85' lang='lat' dir='ltr'><strong>gerendum</strong></span> 
     </span>
     <span class='ocr_line' id='line_1_28' title="bbox 936 4107 4016 4201; baseline 0.001 -22"><span class='ocrx_word' id='word_1_274' title='bbox 936 4107 1313 4180; x_wconf 89' lang='lat' dir='ltr'><strong>concludit.</strong></span> <span class='ocrx_word' id='word_1_275' title='bbox 1370 4108 1464 4179; x_wconf 90' lang='lat' dir='ltr'><strong>Et</strong></span> <span class='ocrx_word' id='word_1_276' title='bbox 1515 4130 1603 4181; x_wconf 89' lang='lat' dir='ltr'><strong>ne</strong></span> <span class='ocrx_word' id='word_1_277' title='bbox 1657 4109 2012 4182; x_wconf 87' lang='lat' dir='ltr'><strong>conclusio</strong></span> <span class='ocrx_word' id='word_1_278' title='bbox 2068 4110 2225 4201; x_wconf 89' lang='lat' dir='ltr'><strong>ipsa</strong></span> <span class='ocrx_word' id='word_1_279' title='bbox 2279 4131 2363 4183; x_wconf 88' lang='lat' dir='ltr'><strong>ex</strong></span> <span class='ocrx_word' id='word_1_280' title='bbox 2419 4111 2658 4201; x_wconf 88' lang='lat' dir='ltr'><strong>aliquo</strong></span> <span class='ocrx_word' id='word_1_281' title='bbox 2713 4116 2970 4183; x_wconf 83' lang='lat' dir='ltr'><strong>eventu</strong></span> <span class='ocrx_word' id='word_1_282' title='bbox 3025 4110 3354 4198; x_wconf 80' lang='lat' dir='ltr'><strong>dissolvi,</strong></span> <span class='ocrx_word' id='word_1_283' title='bbox 3411 4109 3668 4182; x_wconf 87' lang='lat' dir='ltr'><strong>variari</strong></span> <span class='ocrx_word' id='word_1_284' title='bbox 3717 4111 3786 4181; x_wconf 91' lang='lat' dir='ltr'><strong>et</strong></span> <span class='ocrx_word' id='word_1_285' title='bbox 3823 4110 4016 4183; x_wconf 83' lang='lat' dir='ltr'><strong>labe·</strong></span> 
     </span>
     <span class='ocr_line' id='line_1_29' title="bbox 938 4226 4016 4322; baseline 0.001 -25"><span class='ocrx_word' id='word_1_286' title='bbox 938 4226 1185 4299; x_wconf 86' lang='lat' dir='ltr'><strong>factari</strong></span> <span class='ocrx_word' id='word_1_287' title='bbox 1237 4228 1494 4317; x_wconf 89' lang='lat' dir='ltr'><strong>possit,</strong></span> <span class='ocrx_word' id='word_1_288' title='bbox 1552 4229 1876 4301; x_wconf 88' lang='lat' dir='ltr'><strong>Iulianus</strong></span> <span class='ocrx_word' id='word_1_289' title='bbox 1932 4229 2326 4301; x_wconf 76' lang='lat' dir='ltr'><strong>cardinalis</strong></span> <span class='ocrx_word' id='word_1_290' title='bbox 2381 4234 2525 4302; x_wconf 91' lang='lat' dir='ltr'><strong>tam</strong></span> <span class='ocrx_word' id='word_1_291' title='bbox 2573 4231 2659 4303; x_wconf 88' lang='lat' dir='ltr'><strong>ab</strong></span> <span class='ocrx_word' id='word_1_292' title='bbox 2697 4230 3088 4302; x_wconf 88' lang='lat' dir='ltr'><strong>Wladislao</strong></span> <span class='ocrx_word' id='word_1_293' title='bbox 3145 4230 3365 4322; x_wconf 84' lang='lat' dir='ltr'><strong>Rege,</strong></span> <span class='ocrx_word' id='word_1_294' title='bbox 3422 4250 3630 4320; x_wconf 88' lang='lat' dir='ltr'><strong>quam</strong></span> <span class='ocrx_word' id='word_1_295' title='bbox 3667 4230 3754 4302; x_wconf 88' lang='lat' dir='ltr'><strong>ab</strong></span> <span class='ocrx_word' id='word_1_296' title='bbox 3791 4227 4016 4299; x_wconf 89' lang='lat' dir='ltr'><strong>omni-</strong></span> 
     </span>
     <span class='ocr_line' id='line_1_30' title="bbox 935 4345 3411 4441; baseline 0 -23"><span class='ocrx_word' id='word_1_297' title='bbox 935 4347 1067 4418; x_wconf 91' lang='lat' dir='ltr'><strong>bus</strong></span> <span class='ocrx_word' id='word_1_298' title='bbox 1123 4345 1273 4417; x_wconf 90' lang='lat' dir='ltr'><strong>suis</strong></span> <span class='ocrx_word' id='word_1_299' title='bbox 1304 4346 1365 4433; x_wconf 82' lang='lat'><strong>⁴)</strong></span> <span class='ocrx_word' id='word_1_300' title='bbox 1422 4347 1843 4421; x_wconf 89' lang='lat' dir='ltr'><strong>consiliariis</strong></span> <span class='ocrx_word' id='word_1_301' title='bbox 1896 4370 2077 4419; x_wconf 83' lang='lat' dir='ltr'><strong>nova</strong></span> <span class='ocrx_word' id='word_1_302' title='bbox 2132 4348 2522 4420; x_wconf 88' lang='lat' dir='ltr'><strong>iuramenta</strong></span> <span class='ocrx_word' id='word_1_303' title='bbox 2577 4348 2800 4441; x_wconf 85' lang='lat' dir='ltr'><strong>exigit</strong></span> <span class='ocrx_word' id='word_1_304' title='bbox 2852 4349 2927 4420; x_wconf 91' lang='lat' dir='ltr'><strong>in</strong></span> <span class='ocrx_word' id='word_1_305' title='bbox 2980 4349 3110 4421; x_wconf 88' lang='lat' dir='ltr'><strong>hac</strong></span> <span class='ocrx_word' id='word_1_306' title='bbox 3165 4350 3411 4420; x_wconf 86' lang='lat' dir='ltr'><strong>forma:</strong></span> 
     </span>
    </p>

    <p class='ocr_par' dir='ltr' id='par_1_4' title="bbox 947 4463 4018 5152">
     <span class='ocr_line' id='line_1_31' title="bbox 1153 4463 4018 4560; baseline 0.001 -24"><span class='ocrx_word' id='word_1_307' title='bbox 1153 4463 1342 4553; x_wconf 87' lang='lat' dir='ltr'><strong>„Nos</strong></span> <span class='ocrx_word' id='word_1_308' title='bbox 1381 4464 1815 4538; x_wconf 88' lang='lat' dir='ltr'><strong>Wladislaus</strong></span> <span class='ocrx_word' id='word_1_309' title='bbox 1868 4466 1999 4539; x_wconf 91' lang='lat' dir='ltr'><strong>Dei</strong></span> <span class='ocrx_word' id='word_1_310' title='bbox 2034 4467 2265 4558; x_wconf 88' lang='lat' dir='ltr'><strong>gratia</strong></span> <span class='ocrx_word' id='word_1_311' title='bbox 2311 4468 2743 4560; x_wconf 90' lang='lat' dir='ltr'><strong>Hungariae,</strong></span> <span class='ocrx_word' id='word_1_312' title='bbox 2800 4468 3166 4556; x_wconf 89' lang='lat' dir='ltr'><strong>Poloniae,</strong></span> <span class='ocrx_word' id='word_1_313' title='bbox 3223 4466 3645 4554; x_wconf 85' lang='lat' dir='ltr'><strong>Dalmatiae,</strong></span> <span class='ocrx_word' id='word_1_314' title='bbox 3701 4465 4018 4538; x_wconf 74' lang='lat' dir='ltr'><strong>croatiae</strong></span> 
     </span>
     <span class='ocr_line' id='line_1_32' title="bbox 947 4572 4010 4677; baseline -0.001 -20"><span class='ocrx_word' id='word_1_315' title='bbox 947 4584 1178 4673; x_wconf 86' lang='lat' dir='ltr'><strong>„Rex,</strong></span> <span class='ocrx_word' id='word_1_316' title='bbox 1234 4572 1655 4657; x_wconf 83' lang='lat' dir='ltr'><strong>Lithuaniae</strong></span> <span class='ocrx_word' id='word_1_317' title='bbox 1709 4586 2043 4677; x_wconf 88' lang='lat' dir='ltr'><strong>Princeps</strong></span> <span class='ocrx_word' id='word_1_318' title='bbox 2099 4607 2464 4677; x_wconf 91' lang='lat' dir='ltr'><strong>supremus</strong></span> <span class='ocrx_word' id='word_1_319' title='bbox 2520 4591 2591 4658; x_wconf 90' lang='lat' dir='ltr'><strong>et</strong></span> <span class='ocrx_word' id='word_1_320' title='bbox 2643 4587 2919 4673; x_wconf 76' lang='lat' dir='ltr'><strong>haereS,</strong></span> <span class='ocrx_word' id='word_1_321' title='bbox 2987 4587 3075 4659; x_wconf 90' lang='lat' dir='ltr'><strong>ad</strong></span> <span class='ocrx_word' id='word_1_322' title='bbox 3127 4586 3609 4659; x_wconf 84' lang='lat' dir='ltr'><strong>universorum</strong></span> <span class='ocrx_word' id='word_1_323' title='bbox 3664 4585 4010 4657; x_wconf 86' lang='lat' dir='ltr'><strong>notitiam.</strong></span> 
     </span>
     <span class='ocr_line' id='line_1_33' title="bbox 949 4686 4014 4797; baseline 0 -24"><span class='ocrx_word' id='word_1_324' title='bbox 949 4702 1266 4792; x_wconf 89' lang='lat' dir='ltr'><strong>„Dudum</strong></span> <span class='ocrx_word' id='word_1_325' title='bbox 1322 4702 1395 4775; x_wconf 88' lang='lat' dir='ltr'><strong>in</strong></span> <span class='ocrx_word' id='word_1_326' title='bbox 1449 4704 1905 4777; x_wconf 80' lang='lat' dir='ltr'><strong>conventione</strong></span> <span class='ocrx_word' id='word_1_327' title='bbox 1939 4706 2252 4797; x_wconf 89' lang='lat' dir='ltr'><strong>generali</strong></span> <span class='ocrx_word' id='word_1_328' title='bbox 2287 4706 2768 4778; x_wconf 90' lang='lat' dir='ltr'><strong>Praelatorum</strong></span> <span class='ocrx_word' id='word_1_329' title='bbox 2806 4712 2876 4778; x_wconf 90' lang='lat' dir='ltr'><strong>et</strong></span> <span class='ocrx_word' id='word_1_330' title='bbox 2913 4705 3244 4778; x_wconf 90' lang='lat' dir='ltr'><strong>baronum</strong></span> <span class='ocrx_word' id='word_1_331' title='bbox 3301 4725 3382 4778; x_wconf 88' lang='lat' dir='ltr'><strong>ac</strong></span> <span class='ocrx_word' id='word_1_332' title='bbox 3427 4704 3772 4777; x_wconf 88' lang='lat' dir='ltr'><strong>nobilium</strong></span> <span class='ocrx_word' id='word_1_333' title='bbox 3805 4686 4014 4777; x_wconf 86' lang='lat' dir='ltr'><strong>huius</strong></span> 
     </span>
     <span class='ocr_line' id='line_1_34' title="bbox 949 4821 4010 4916; baseline 0 -24"><span class='ocrx_word' id='word_1_334' title='bbox 949 4821 1216 4912; x_wconf 86' lang='lat' dir='ltr'><strong>„Regni</strong></span> <span class='ocrx_word' id='word_1_335' title='bbox 1270 4822 1493 4894; x_wconf 88' lang='lat' dir='ltr'><strong>nostri</strong></span> <span class='ocrx_word' id='word_1_336' title='bbox 1545 4824 1979 4916; x_wconf 89' lang='lat' dir='ltr'><strong>Hungariae,</strong></span> <span class='ocrx_word' id='word_1_337' title='bbox 2038 4824 2279 4895; x_wconf 88' lang='lat' dir='ltr'><strong>Budae</strong></span> <span class='ocrx_word' id='word_1_338' title='bbox 2331 4824 2710 4897; x_wconf 88' lang='lat' dir='ltr'><strong>novissime</strong></span> <span class='ocrx_word' id='word_1_339' title='bbox 2763 4825 3140 4911; x_wconf 85' lang='lat' dir='ltr'><strong>celebrata,</strong></span> <span class='ocrx_word' id='word_1_340' title='bbox 3204 4845 3328 4916; x_wconf 87' lang='lat' dir='ltr'><strong>pro</strong></span> <span class='ocrx_word' id='word_1_341' title='bbox 3395 4825 3649 4896; x_wconf 89' lang='lat' dir='ltr'><strong>honore</strong></span> <span class='ocrx_word' id='word_1_342' title='bbox 3701 4824 4010 4913; x_wconf 89' lang='lat' dir='ltr'><strong>omnipo-</strong></span> 
     </span>
     <span class='ocr_line' id='line_1_35' title="bbox 949 4940 4013 5035; baseline 0.001 -25"><span class='ocrx_word' id='word_1_343' title='bbox 949 4940 1207 5035; x_wconf 85' lang='lat' dir='ltr'><strong>„tentis</strong></span> <span class='ocrx_word' id='word_1_344' title='bbox 1270 4940 1399 5013; x_wconf 91' lang='lat' dir='ltr'><strong>Dei</strong></span> <span class='ocrx_word' id='word_1_345' title='bbox 1464 4962 1543 5015; x_wconf 92' lang='lat' dir='ltr'><strong>ac</strong></span> <span class='ocrx_word' id='word_1_346' title='bbox 1594 4963 1717 5033; x_wconf 90' lang='lat' dir='ltr'><strong>pro</strong></span> <span class='ocrx_word' id='word_1_347' title='bbox 1773 4942 2168 5015; x_wconf 82' lang='lat' dir='ltr'><strong>defensione</strong></span> <span class='ocrx_word' id='word_1_348' title='bbox 2229 4947 2300 5015; x_wconf 90' lang='lat' dir='ltr'><strong>et</strong></span> <span class='ocrx_word' id='word_1_349' title='bbox 2363 4945 2732 5034; x_wconf 89' lang='lat' dir='ltr'><strong>augmento</strong></span> <span class='ocrx_word' id='word_1_350' title='bbox 2795 4943 2960 5016; x_wconf 90' lang='lat' dir='ltr'><strong>fidei</strong></span> <span class='ocrx_word' id='word_1_351' title='bbox 3022 4943 3442 5016; x_wconf 80' lang='lat' dir='ltr'><strong>christianae</strong></span> <span class='ocrx_word' id='word_1_352' title='bbox 3515 4948 3584 5015; x_wconf 88' lang='lat' dir='ltr'><strong>et</strong></span> <span class='ocrx_word' id='word_1_353' title='bbox 3647 4964 3776 5033; x_wconf 90' lang='lat' dir='ltr'><strong>pro</strong></span> <span class='ocrx_word' id='word_1_354' title='bbox 3841 4942 4013 5013; x_wconf 87' lang='lat' dir='ltr'><strong>bono</strong></span> 
     </span>
     <span class='ocr_line' id='line_1_36' title="bbox 949 5058 4012 5152; baseline -0 -21"><span class='ocrx_word' id='word_1_355' title='bbox 949 5058 1211 5149; x_wconf 83' lang='lat' dir='ltr'><strong>„totius</strong></span> <span class='ocrx_word' id='word_1_356' title='bbox 1265 5059 1617 5132; x_wconf 87' lang='lat' dir='ltr'><strong>Ecclesiae</strong></span> <span class='ocrx_word' id='word_1_357' title='bbox 1672 5060 2087 5149; x_wconf 85' lang='lat' dir='ltr'><strong>catholicae,</strong></span> <span class='ocrx_word' id='word_1_358' title='bbox 2142 5061 2554 5151; x_wconf 88' lang='lat' dir='ltr'><strong>praesertim</strong></span> <span class='ocrx_word' id='word_1_359' title='bbox 2605 5082 2730 5152; x_wconf 91' lang='lat' dir='ltr'><strong>pro</strong></span> <span class='ocrx_word' id='word_1_360' title='bbox 2784 5062 3198 5135; x_wconf 88' lang='lat' dir='ltr'><strong>liberatione</strong></span> <span class='ocrx_word' id='word_1_361' title='bbox 3251 5061 3460 5133; x_wconf 89' lang='lat' dir='ltr'><strong>huius</strong></span> <span class='ocrx_word' id='word_1_362' title='bbox 3508 5060 3736 5152; x_wconf 86' lang='lat' dir='ltr'><strong>Regni</strong></span> <span class='ocrx_word' id='word_1_363' title='bbox 3793 5058 4012 5133; x_wconf 85' lang='lat' dir='ltr'><strong>nostri</strong></span> 
     </span>
    </p>
   </div>
   <div class='ocr_carea' id='block_1_4' title="bbox 948 5324 4012 5496">
    <p class='ocr_par' dir='ltr' id='par_1_5' title="bbox 948 5324 4012 5496">
     <span class='ocr_line' id='line_1_37' title="bbox 948 5324 4012 5495; baseline -0 -104"><span class='ocrx_word' id='word_1_364' title='bbox 948 5426 1005 5495; x_wconf 81' lang='lat'><em>0</em></span> <span class='ocrx_word' id='word_1_365' title='bbox 1154 5329 1199 5409; x_wconf 91' lang='lat'><strong>¹)</strong></span> <span class='ocrx_word' id='word_1_366' title='bbox 1243 5333 1619 5394; x_wconf 83' lang='lat' dir='ltr'><strong>vehementer</strong></span> <span class='ocrx_word' id='word_1_367' title='bbox 1662 5330 1787 5394; x_wconf 83' lang='lat' dir='ltr'><strong>Ed.</strong></span> <span class='ocrx_word' id='word_1_368' title='bbox 1833 5329 2012 5415; x_wconf 72' lang='lat' dir='ltr'><strong>Lips.</strong></span> <span class='ocrx_word' id='word_1_369' title='bbox 2062 5329 2111 5412; x_wconf 84' lang='lat'><strong>²)</strong></span> <span class='ocrx_word' id='word_1_370' title='bbox 2160 5332 2480 5394; x_wconf 78' lang='lat' dir='ltr'><strong>Swiderow</strong></span> <span class='ocrx_word' id='word_1_371' title='bbox 2523 5330 2649 5395; x_wconf 77' lang='lat' dir='ltr'><strong>Ed.</strong></span> <span class='ocrx_word' id='word_1_372' title='bbox 2698 5329 2879 5415; x_wconf 74' lang='lat' dir='ltr'><strong>Lips.</strong></span> <span class='ocrx_word' id='word_1_373' title='bbox 2944 5331 2996 5412; x_wconf 78' lang='lat'><strong>³)</strong></span> <span class='ocrx_word' id='word_1_374' title='bbox 3040 5333 3102 5393; x_wconf 89' lang='lat' dir='ltr'><strong>in</strong></span> <span class='ocrx_word' id='word_1_375' title='bbox 3147 5334 3352 5393; x_wconf 82' lang='lat' dir='ltr'><strong>strictu</strong></span> <span class='ocrx_word' id='word_1_376' title='bbox 3395 5324 3522 5392; x_wconf 75' lang='lat' dir='ltr'><strong>Ed.</strong></span> <span class='ocrx_word' id='word_1_377' title='bbox 3571 5326 3752 5414; x_wconf 59' lang='lat' dir='ltr'><strong>Lips.</strong></span> <span class='ocrx_word' id='word_1_378' title='bbox 3799 5330 3852 5411; x_wconf 71' lang='lat'><strong>⁴)</strong></span> <span class='ocrx_word' id='word_1_379' title='bbox 3893 5332 4012 5392; x_wconf 79' lang='lat' dir='ltr'><strong>eius</strong></span> 
     </span>
     <span class='ocr_line' id='line_1_38' title="bbox 1001 5431 1321 5496; baseline -0.003 0"><span class='ocrx_word' id='word_1_380' title='bbox 1001 5431 1100 5496; x_wconf 83' lang='lat' dir='ltr'><strong>od.</strong></span> <span class='ocrx_word' id='word_1_381' title='bbox 1143 5432 1321 5496; x_wconf 75' lang='lat' dir='ltr'><strong>Kost.</strong></span> 
     </span>
    </p>
   </div>
  </div>
 </body>
</html>
