4342 6384
843 566 992 641 120
2056 589 2283 643 menn
2334 588 2792 643 nnnncnms.
3426 569 3560 671 (Α.
3602 570 3692 646 D.
3734 569 3939 671 1411.)

835 778 1062 848 tratae
1117 774 1554 867 captivitatis
1609 796 1763 848 reos
1819 775 2397 864 anathematisat;
2477 775 2837 849 civitatem
2895 798 3057 850 vero
3112 776 3775 852 wratislaviensem
3830 800 3936 853 ec-

836 895 1233 969 clesiastico
1289 894 1576 968 subiicit
1629 894 2035 981 interdicto,
2104 897 2289 989 quod
2344 896 2481 969 fuit
2534 917 2757 989 usque
2812 897 2898 969 ad
2938 896 3181 971 feriam
3238 904 3557 991 quartam
3612 920 3935 992 magnam

833 1016 1116 1089 assidue
1169 1016 1678 1090 continuatum.
1737 1016 2044 1090 Tandem
2096 1016 2577 1090 reconciliatio
2631 1038 2755 1109 per
2792 1017 3207 1092 mediatores
3246 1020 3432 1103 facta
3479 1020 3615 1092 fuit
3652 1041 3735 1092 ea
3772 1040 3934 1091 con-

831 1136 1124 1211 ditione:
1200 1137 1386 1229 quod
1449 1137 1856 1209 consulatus
1911 1136 2526 1211 wratislaviensis
2589 1137 2945 1229 perpetuis
3018 1138 3451 1231 temporibus
3515 1139 3589 1211 in
3645 1139 3941 1213 ecclesia

831 1255 1079 1330 maiori
1131 1257 1707 1331 Wratislaviensi
1761 1262 1922 1329 ante
1979 1257 2360 1331 sacrarium
2414 1278 2626 1330 unam
2664 1258 3023 1331 candelam
3080 1265 3381 1351 quatuor
3435 1260 3707 1332 talenta
3744 1280 3939 1332 cerae

829 1377 1331 1465 continentem,
1399 1381 1635 1450 teneat
1699 1398 2082 1451 accensam.
2167 1377 2618 1469 Captivitatis
2684 1384 2916 1451 autem
2990 1400 3157 1451 suae
3224 1402 3303 1453 ea
3374 1382 3490 1453 vel
3562 1380 3939 1472 praecipua

831 1497 968 1569 fuit
1019 1517 1261 1586 causa,
1321 1499 1505 1589 quod
1539 1497 1853 1589 germani
1890 1497 2026 1585 sui,
2067 1498 2438 1570 Boleslaus
2494 1502 2564 1570 et
2601 1498 3001 1571 Bernartius
3058 1498 3468 1591 Opolienses
3506 1501 3759 1588 Duces,
3803 1499 3933 1571 ali-

832 1623 1002 1709 quot
1057 1638 1304 1691 currus
1359 1622 1681 1691 oneratos
1736 1617 1953 1691 variis
2011 1618 2312 1690 fortunis
2370 1620 2439 1689 et
2493 1618 2839 1691 mercibus
2894 1618 3169 1691 civibus
3226 1619 3935 1693 Wratislaviensibus

830 1757 952 1829 per
1005 1736 1147 1810 vim
1205 1742 1637 1830 acceperant.
1697 1738 1910 1810 Cuius
1959 1737 2289 1811 facinoris
2326 1738 2676 1810 Iohannes
2713 1738 3059 1831 Kropidlo
3098 1739 3713 1814 Wratislaviensis
3752 1740 3935 1832 epis-

831 1879 1046 1950 copus
1103 1878 1386 1949 experS,
1443 1856 1752 1932 iniustae
1805 1858 2209 1949 captivitati
2262 1858 2585 1931 addictus
2640 1863 2811 1932 erat.

832 2220 1012 2293 luter
1055 2220 1329 2292 Polonos
1376 2223 1446 2292 et
1488 2220 1848 2292 Pruthenos
1892 2220 2026 2291 icto
2070 2220 2331 2291 foedere
2375 2220 2766 2292 wladislaus
2809 2184 2949 2292 Rex
2996 2222 3296 2312 captivos
3340 2222 3619 2295 dimittit
3637 2279 3653 2309 ,
3700 2227 3935 2314 pactu

921 2341 1001 2412 ab
1047 2340 1314 2412 Heni-ico
1358 2338 1668 2430 nagistto
1710 2340 2007 2413 Prussiae
2053 2343 2313 2413 centum
2356 2341 2557 2413 millia
2602 2358 3077 2431 sexagenorum
3121 2342 3399 2414 latorum
3445 2360 3847 2432 grossorum

1083 2464 1551 2552 niterenturque
1595 2461 1875 2533 militare
1919 2459 2222 2533 iudicium
2275 2461 2451 2533 inter
2492 2461 2797 2533 Polonmn
2839 2460 3109 2533 militem
3154 2464 3225 2533 et
3272 2462 3684 2535 ruthenum.

1037 2702 1220 2773 Pace
1273 2704 1610 2793 perpetua
1682 2699 1869 2772 inter
1929 2699 2405 2773 Wladislaum
2468 2698 2803 2771 Poloniae
2866 2700 3162 2792 Regem,
3239 2700 3721 2773 Alexandrum
3786 2702 3931 2773 Ma-

831 2842 1046 2915 gnum
1102 2822 1363 2894 Ducem
1419 2819 1873 2908 Lithuaniae,
1950 2824 2020 2893 et
2083 2840 2321 2892 eorum
2375 2817 2827 2910 Principatus
2892 2824 2963 2891 et
3017 2820 3343 2893 Dominia
3396 2821 3483 2893 ab
3537 2843 3709 2911 una,
3768 2828 3837 2894 et
3880 2823 3935 2910 ¹)

834 2940 1250 3033 Magistrum
1323 2946 1536 3032 atque
1600 2939 1928 3013 Ordinem
1983 2940 2348 3027 Prussiae,
2414 2939 2733 3031 partibus
2798 2939 2884 3012 ab
2940 2941 3194 3029 altera,
3252 2941 3569 3013 confecta
3644 2946 3715 3013 et
3768 2941 3931 3013 lite-

830 3081 1064 3133 rarum
1118 3062 1362 3134 robore
1414 3063 1720 3149 firmata,
1782 3060 2132 3133 Henricus
2190 3061 2273 3133 de
2328 3061 2609 3133 Plawen
2664 3060 2996 3133 Prussiae
3051 3060 3389 3152 Magister
3442 3061 3517 3133 in
3566 3061 3934 3153 splendido

833 3186 905 3255 et
961 3179 1303 3273 singulari
1357 3180 1696 3253 comitatu
1770 3180 2241 3255 Wladislaum
2304 3181 2639 3253 Poloniae
2706 3182 2969 3273 Regem
3034 3181 3367 3254 accedens
3440 3182 3932 3273 personaliter,

834 3300 907 3373 in
961 3300 1326 3373 cuiusdam
1381 3300 1609 3393 campi
1664 3322 1750 3373 ex
1806 3301 2126 3394 opposito
2182 3301 2529 3374 Zlotoriae
2586 3301 2740 3390 siti,
2796 3300 3125 3392 planitie,
3191 3301 3265 3373 in
3320 3322 3457 3393 quo
3522 3302 3935 3375 tabernacu-

831 3423 980 3493 lum
1033 3421 1305 3514 regium
1359 3423 1666 3494 locatum
1721 3428 1904 3510 erat,
1961 3444 2116 3495 cum
2153 3421 2511 3513 praedicto
2550 3421 2944 3494 Wladislao
2998 3421 3331 3495 Poloniae
3369 3421 3561 3515 Rege
3609 3426 3679 3494 et
3716 3422 3941 3496 fratre

831 3562 957 3613 suo
1014 3541 1419 3613 Alexandro
1475 3541 1725 3633 Magno
1789 3542 1981 3614 Duce
2034 3539 2492 3628 Lithuaniae,
2559 3562 2847 3633 magnas
2912 3540 3221 3613 militum
3286 3546 3605 3614 catervas
3672 3542 3937 3613 haben·

831 3661 1060 3750 tibae,
1117 3660 1478 3735 convenit:
1555 3660 1678 3735 ubi
1731 3660 2018 3735 articuli
2071 3683 2197 3754 pro
2252 3683 2421 3753 pace
2474 3666 2813 3754 perpetua
2866 3660 3204 3751 ordinati,
3274 3661 3731 3754 stipulatione
3784 3683 3937 3733 ma-

832 3781 1027 3853 nuali
1100 3782 1324 3874 partis
1397 3775 1766 3873 utriusque
1849 3786 1920 3855 et
1981 3782 2253 3874 accepti
2326 3787 2396 3855 et
2468 3782 2725 3855 firmati
2808 3788 2996 3855 sunt.
3080 3782 3521 3855 Wladislaus
3586 3780 3941 3874 siquidem

833 3902 1166 3975 Poloniae
1204 3902 1359 3975 Rex
1415 3906 1644 3974 castra
1699 3906 1768 3975 et
1805 3902 2164 3991 civitates,
2226 3924 2403 3995 qnae
2456 3924 2581 3995 pro
2620 3924 2747 3975 sua
2785 3902 3177 3976 Serenitate
3232 3902 3305 3974 in
3344 3902 3676 3975 Prussiae
3723 3902 3943 3975 terris

831 4021 1273 4111 tenebantur,
1332 4022 1460 4095 sub
1517 4022 1728 4095 certis
1785 4022 2104 4095 terminis
2161 4043 2235 4095 se
2288 4023 2743 4096 dimissurum
2798 4022 3132 4115 Magistro
3170 4020 3504 4094 Prussiae
3556 4021 3939 4113 promittit.

833 4140 1162 4234 Captivos
1219 4142 1428 4215 etiam
1481 4146 1650 4215 tunc
1688 4164 1957 4231 omnes,
2015 4143 2287 4216 adiecta
2324 4148 2557 4215 tamen
2612 4142 3039 4228 conditione,
3098 4140 3160 4213 si
3197 4140 3311 4213 illi
3346 4162 3471 4233 per
3508 4140 3935 4233 Magistrum

834 4268 906 4335 et
961 4260 1288 4334 Ordinem
1343 4265 1621 4334 centum
1675 4262 1906 4335 millia
1961 4283 2466 4354 sexagenarum
2522 4261 2824 4335 latorum
2878 4282 3277 4354 grossorum
3316 4262 3779 4353 Pragensium
3818 4282 3939 4333 so-

832 4382 1014 4454 lutio
1068 4381 1384 4473 impensa
1439 4381 1681 4467 fuerit,
1742 4404 1950 4455 manu
2006 4387 2076 4454 et
2130 4383 2341 4455 verbo
2398 4403 2439 4453 a
2492 4380 2907 4473 captivitate
2961 4381 3290 4454 absolvit.
3359 4380 3709 4454 Henricus
3762 4401 3939 4453 vero

831 4500 1164 4575 Prussiae
1220 4500 1556 4593 Magister
1611 4524 1685 4575 se
1739 4508 2017 4575 centum
2073 4522 2580 4593 sexagenarum
2633 4502 2937 4573 latorum
2990 4521 3391 4592 grossorum
3446 4500 3677 4573 millia
3728 4498 3939 4571 Wla-

831 4620 1056 4693 dislao
1111 4620 1291 4713 Regi
1347 4624 1417 4693 et
1473 4642 1599 4693 suo
1654 4620 1986 4694 Poloniae
2048 4622 2292 4714 Regno
2349 4622 2745 4694 soluturum
2802 4620 3098 4713 obligat:
3172 4642 3295 4713 pro
3355 4641 3491 4712 quo
3558 4619 3941 4693 notabilio-

831 4762 944 4814 res
976 4740 1038 4831 2)
1094 4740 1362 4833 captivi
1425 4762 1501 4813 se
1555 4746 1825 4833 ponunt
1889 4762 2291 4833 sponsoreS,
2359 4741 2433 4813 in
2486 4740 2859 4832 pristinam
2922 4740 3442 4832 captivitatem,
3510 4740 3574 4812 si
3636 4739 3941 4812 solutio-

806 4838 989 4934 ⁰nem
1061 4860 1332 4954 negligi
1395 4860 1861 4953 contingeret,
1927 4861 2247 4933 redituri.
2331 4860 2469 4933 His
2532 4865 2603 4933 et
2666 4860 2990 4951 pluribus
3064 4860 3227 4932 aliis
3301 4860 3541 4933 ordine
3614 4859 3943 4952 legitimo

831 4982 1363 5069 consummatiS,
1421 4980 1752 5053 Prussiae
1807 4980 2145 5073 Magister
2182 4979 2531 5052 Henricus
2586 4980 2947 5051 duodecim
2984 4977 3285 5071 picarios
3341 4983 3743 5072 argenteoS,
3786 4979 3937 5051 sin-

829 5100 1034 5193 gulos
1087 5106 1319 5174 tamen
1374 5101 1782 5189 deauratoS,
1849 5099 2320 5192 pulcherrimo
2390 5120 2593 5191 opere
2656 5098 3081 5187 elaboratoS,
3152 5098 3544 5171 Wladislao
3598 5099 3949 5172 Poloniae

831 5220 1013 5313 Regi
1067 5220 1436 5294 donatione
1499 5219 1761 5293 obtulit
1823 5219 2211 5311 personali:
2286 5219 2400 5292 cui
2466 5217 2904 5291 Wladislaus
2959 5218 3293 5291 Poloniae
3349 5219 3503 5291 Rex
3571 5218 3943 5291 vicissitu-

1051 5474 1097 5555 ¹)
1141 5496 1213 5537 ac
1261 5471 1411 5539 Cod.
1457 5474 1650 5543 Rozr.
1713 5475 1766 5556 ²)
1811 5477 2130 5537 nobiliores
2182 5469 2333 5537 Cod.
2380 5471 2572 5537 Rozr.
