4342 6384
868 556 1019 629 206
2057 575 2286 628 mnan
2337 574 2797 628 Unnncnms.
3427 551 3562 652 (Α.
3605 552 3694 628 D.
3735 549 3969 652 1417.)

865 759 1266 834 huiusmodi
1320 761 1439 833 lex
1495 782 1604 848 ea,
1663 759 2256 852 dispensationem
2311 779 2663 848 coercens,
2720 759 3047 850 apposita
3084 759 3172 849 ¹):
3230 764 3310 832 ut
3364 759 3732 834 Elisabeth
3786 778 3968 832 mor-

866 886 1022 970 tua,
1081 883 1186 952 fas
1240 902 1378 953 non
1434 883 1612 953 foret
1665 879 1841 972 Regi
1907 880 2202 952 alteram
2257 880 2752 971 superducere;
2829 901 3006 972 quae
3060 883 3327 968 tamen,
3397 883 3478 951 ut
3541 880 3616 952 in
3673 901 3968 971 sequen-

866 1000 1058 1074 tibus
1088 999 1151 1091 2)
1207 1000 1677 1093 narrabimuS,
1735 1021 1873 1072 non
1928 1000 2064 1075 fuit
2119 1000 2496 1076 custodita.

978 1365 1309 1440 Elisabeth
1354 1365 1752 1438 Grsnewska
1795 1367 1864 1439 in
1908 1366 2218 1457 Reginam
2262 1367 2560 1438 roloniae
2605 1369 2970 1438 coronatur.
3015 1365 3331 1437 Primatus
3377 1365 3844 1458 archiepiscopi

1306 1487 1703 1561 Gnesnensis
1751 1488 2156 1561 authoritate
2203 1487 2466 1560 concilii
2515 1487 3039 1559 constantiensis
3084 1488 3520 1560 confirmatur.

1071 1727 1181 1798 Ex
1236 1725 1639 1800 Zukowicze
1702 1725 2141 1800 wladislaus
2207 1727 2364 1799 Rex
2429 1725 2502 1797 in
2565 1724 2898 1799 Russiam
2962 1724 3352 1813 divertenS,
3425 1725 3748 1798 autumni
3810 1725 3966 1797 dies

864 1846 1017 1920 illic
1072 1847 1249 1940 egit,
1323 1847 1974 1940 coronationemque
2039 1847 2407 1921 Elisabeth
2469 1847 2782 1939 Reginae
2855 1867 2978 1936 pro
3045 1845 3158 1918 die
3234 1846 3530 1918 Sanctae
3595 1846 3963 1918 Elisabeth

864 1966 1150 2040 indixit.
1227 1969 1338 2040 Ex
1394 1967 1658 2040 Russia
1718 1989 1843 2060 pro
1901 1969 2011 2041 die
2068 1969 2309 2042 Sancti
2363 1967 2651 2040 Martini
2704 1967 2779 2040 in
2835 1967 3403 2059 Nyepolomicze‚
3463 1973 3532 2042 et
3586 1968 3661 2041 in
3717 1969 3960 2041 craco-

866 2088 1055 2160 viam
1108 2109 1233 2178 pro
1288 2088 1401 2162 die
1458 2089 1753 2162 Sanctae
1806 2089 2175 2162 Elisabeth
2237 2089 2554 2162 advenit:
2629 2088 2753 2161 ubi
2806 2088 3271 2181 nequicquam
3335 2088 3836 2162 resistentibus
3893 2095 3964 2162 et

866 2207 1437 2282 dissuadentibus
1493 2212 1635 2283 fere
1700 2210 2021 2282 omnibus
2076 2209 2423 2284 Praelatis
2489 2215 2558 2283 et
2609 2208 2988 2282 baronibus
3056 2209 3286 2301 Regni
3338 2209 3703 2298 Poloniae,
3760 2230 3962 2300 prae-

865 2327 1068 2419 cipue
1120 2333 1355 2402 tamen
1411 2330 1835 2422 Sandivogio
1891 2331 1975 2404 de
2031 2331 2366 2423 Ostrorog
2418 2331 2731 2422 palatino
2769 2329 3267 2419 Posnaniensi,
3326 2329 3449 2420 qui
3485 2329 3964 2403 resistentiam

866 2449 1272 2524 huiusmodi
1326 2451 1710 2524 animosius
1750 2451 2042 2524 caeteris
2078 2451 2651 2543 prosequebatur,
2692 2449 3130 2522 Wladislaus
3169 2451 3325 2523 Rex
3378 2472 3631 2522 novam
3668 2457 3965 2542 nuptam

865 2591 1062 2644 suam
1135 2569 1503 2644 Elisabeth
1572 2592 1699 2662 per
1763 2573 2147 2646 Iohannem
2204 2572 2720 2662 Rzeschovvsky
2775 2570 3376 2662 arehiepiscopum
3429 2571 3964 2662 Leopoliensem

862 2689 937 2762 in
991 2691 1287 2764 ecclesia
1350 2691 1793 2765 cracoviensi
1858 2691 2174 2766 coronari
2235 2695 2588 2784 procurat.
2663 2689 3190 2766 coronationem
3255 2695 3490 2762 autem
3554 2691 3962 2764 huiusmodi

860 2809 1202 2884 Nicolaus
1258 2811 1686 2886 Gnesnensis
1751 2813 2351 2905 archiepiscopus,
2420 2813 2605 2904 quod
2670 2809 3059 2884 ministerio
3129 2810 3637 2903 archiepiscopi
3691 2813 3961 2904 Leopo-

861 2930 1109 3004 liensis
1166 2933 1451 3024 expleta
1504 2932 1751 3022 fuerit,
1807 2933 2176 3006 molestius
2209 2931 2269 3022 ³)
2309 2934 2570 3020 ferens,
2627 2931 2932 3019 verituS,
2989 2951 3076 3004 ne
3113 2938 3185 3003 et
3221 2953 3350 3004 sua
3405 2931 3733 3022 ecclesia,
3773 2933 3962 3005 eius·

865 3071 999 3142 qne
1053 3053 1448 3142 praesules,
1524 3072 1853 3142 processu
1917 3053 2252 3143 temporis
2317 3053 2858 3126 excluderentur
2919 3073 2960 3123 a
3023 3052 3371 3138 Primatu,
3432 3051 3727 3125 concilii
3783 3053 3960 3124 Con-

864 3170 1276 3245 stantiensis
1332 3172 1608 3244 solenni
1669 3171 2040 3265 privilegio
2106 3179 2179 3246 et
2242 3173 2516 3245 decreto
2591 3173 2971 3245 Primatem
3037 3193 3110 3244 se
3174 3172 3548 3245 Polonieae
3620 3172 3966 3246 ecelesiae

863 3290 1203 3362 declarari
1270 3289 1607 3364 obtinuit:
1685 3292 1771 3363 ab
1836 3313 2052 3383 eoque
2115 3298 2424 3383 tempore
2479 3292 2630 3384 ipse
2702 3299 2772 3364 et
2837 3313 3007 3364 suus
3081 3291 3382 3383 quilibet
3455 3313 3814 3365 successor
3889 3315 3966 3365 se

863 3410 1199 3484 ecclesiae
1253 3409 1683 3484 Gnesnensis
1738 3411 2063 3486 inscribit
2099 3412 2704 3504 arehiepiscopum
2751 3418 2821 3484 et
2857 3411 3261 3484 Primatem.
3319 3393 3773 3485 coronatione
3811 3413 3964 3484 Eli-

865 3531 1113 3605 sabeth
1176 3531 1490 3623 Reginae
1554 3537 2066 3621 eonsummata,
2123 3532 2564 3605 Wladislaus
2640 3533 2973 3605 Poloniae
3030 3533 3185 3604 Rex
3242 3553 3328 3603 ex
3385 3533 3716 3605 Craeovia
3791 3533 3966 3604 feria

861 3656 1065 3724 sexta
1128 3651 1203 3722 in
1268 3651 1380 3724 die
1446 3651 1745 3726 Sanctae
1798 3652 2246 3741 catharinae,
2322 3652 2688 3724 Elisabeth
2751 3651 3027 3743 Regina
3089 3653 3460 3726 cracoviae
3533 3657 3964 3741 remanente,

861 3771 1155 3861 recedit,
1213 3777 1285 3845 et
1338 3770 1411 3843 in
1451 3771 1903 3844 Lithuaniam
1960 3773 2196 3846 solitis
2233 3770 2660 3846 stationibus
2699 3772 3157 3861 descendens,
3217 3773 3710 3845 venationibus
3752 3794 3968 3864 opera

860 3891 1210 3982 impensa,
1268 3891 1551 3964 Natalis
1604 3889 1888 3966 Domini
1954 3894 2133 3965 festa
2197 3893 2381 3984 apud
2438 3893 2715 3965 Grodno
2782 3892 2958 3984 egit,
3033 3897 3104 3964 et
3159 3893 3443 3966 nonnisi
3497 3915 3622 3984 pro
3679 3892 3963 3965 carnis-

860 4011 1091 4102 privio
1145 4011 1221 4084 in
1274 4012 1552 4101 Iedlna,
1610 4013 1881 4105 Regina
1934 4012 2301 4086 Elisabeth
2357 4012 2512 4086 illie
2566 4014 2631 4086 ei
2686 4018 3121 4100 occurrente,
3179 4013 3420 4085 rediit.

858 4489 1115 4564 Duobus
1158 4491 1241 4562 de
1285 4491 1532 4580 Papatu
1578 4491 1980 4575 cedentibus,
2028 4492 2258 4563 Petrus
2301 4491 2384 4564 de
2429 4493 2606 4564 Luna
2650 4493 3176 4582 persuasionibus
3207 4493 3473 4565 concilii
3517 4494 3678 4565 nihil
3721 4497 3971 4580 metue,

1700 4628 1774 4682 se
1818 4629 2025 4702 usque
2070 4613 2155 4684 sd
2197 4615 2467 4684 mertem
2513 4631 2627 4702 pro
2671 4613 2842 4703 rm
2887 4615 3116 4704 gessit.

1064 4853 1373 4926 Scissam
1429 4851 1794 4924 ecclesiam
1850 4852 1979 4926 Dei
2034 4857 2345 4944 tempore
2399 4853 2729 4925 diuturno
2797 4859 2868 4926 et
2922 4854 3490 4927 contendentium
3545 4853 3630 4927 de
3683 4854 3972 4944 Papatu

861 4979 1005 5046 tam
1060 4973 1473 5060 ambitione,
1533 4993 1741 5063 quam
1797 4973 2270 5066 malignitate,
2331 4973 2888 5047 constantiensis
2927 4974 3250 5065 Synodns
3307 4995 3743 5064 summopere
3797 4993 3967 5045 reu·

855 5093 1008 5166 nire
1061 5094 1405 5186 gestiens,
1464 5115 1701 5166 omnes
1757 5097 1901 5166 tres
1956 5093 2039 5166 de
2093 5094 2372 5185 Papatu
2428 5095 2924 5167 contendentes
2990 5100 3060 5167 et
3114 5116 3238 5185 pro
3295 5095 3604 5167 Summis
3661 5093 3967 5166 Pontifi-

856 5215 1055 5289 cibus
1130 5237 1201 5288 se
1262 5218 1618 5308 gerenteS,
1694 5213 2026 5286 videlicet
2090 5215 2577 5288 Balthasarem
2651 5215 2734 5288 de
2807 5215 3018 5288 Cossa
3089 5216 3470 5289 Iohannem
3545 5214 3972 5288 vicesimum

1074 5467 1125 5557 ¹)
1171 5472 1445 5548 apposita
1487 5477 1581 5533 est
1626 5465 1777 5534 Cod.
1824 5467 2015 5532 Rozr.
2066 5467 2119 5545 ²)
2168 5470 2664 5547 subsequentibus
2707 5468 2835 5534 Ed.
2881 5469 3061 5554 Lips.
3111 5469 3161 5548 ³)
3207 5471 3452 5532 moleste
3495 5465 3622 5564 Ed.
3674 5466 3858 5550 Lips.
