4342 6384
375 644 512 749 (Α.
550 647 644 724 D.
683 644 918 749 mo.)
1136 700 1144 709 -
1547 671 1775 727 mann
1825 670 2287 728 unnncmus.
3430 651 3471 727 7

379 857 604 945 deret,
659 854 1113 929 commentari
1165 856 1418 948 coepit.
1474 857 1721 930 Tracto
1786 856 1972 931 enim
2039 857 2442 930 Alexandro
2503 857 2697 931 Duce
2750 858 3001 951 Magno
3054 859 3478 933 Lithuaniae

378 975 453 1048 in
506 977 738 1050 locum
795 979 1172 1065 secretum,
1230 974 1551 1049 omnibus
1587 976 1875 1050 arbitris
1915 976 2205 1050 semotis
2243 978 2322 1067 ¹),
2380 976 2638 1050 callida
2673 981 2745 1051 et
2780 980 2979 1052 vafra
3022 980 3477 1071 persuasione

377 1095 584 1168 illum
636 1097 1081 1170 vehementer
1135 1095 1569 1169 solicitabat:
1629 1101 1973 1189 quatenus
2029 1098 2244 1170 fratre
2298 1117 2424 1169 suo
2482 1096 2875 1171 Wladislao
2912 1099 3247 1173 Poloniae
3284 1100 3477 1192 Rege

375 1216 687 1305 deserto,
743 1237 980 1289 secum
1034 1216 1276 1289 foedus
1330 1220 1400 1289 et
1452 1216 1670 1309 ligam
1725 1216 1971 1305 iniret3
2038 1216 2334 1291 offerens
2398 1237 2473 1291 se
2526 1218 2943 1293 auctoritate
3005 1218 3478 1293 Romanorum

377 1334 597 1429 Regis
653 1335 824 1427 (iam
879 1335 1226 1428 siquidem
1281 1336 1368 1409 ab
1421 1334 1714 1429 Imperii
1769 1336 2212 1411 Electoribus
2228 1392 2245 1425 ‚
2302 1336 2671 1410 levitatem
2724 1337 3125 1411 wenceslai
3159 1338 3478 1431 germani

377 1455 493 1527 sui
546 1453 926 1529 Bohemiae
978 1453 1198 1547 Regis
1253 1455 1548 1527 moleste
1601 1456 2019 1545 ferentibuS,
2075 1460 2301 1529 morte
2354 1456 2567 1529 etiam
2619 1457 2919 1549 Ruperti
2974 1458 3209 1532 Clema
3262 1456 3481 1531 Ducis

377 1574 722 1647 Bavariae
774 1578 846 1647 et
899 1573 1190 1647 Comitis
1243 1572 1559 1646 Palatini
1613 1574 1845 1648 Rheni
1901 1578 2174 1662 secuta,
2233 1573 2307 1646 in
2362 1576 2833 1649 Romanorum
2887 1576 3150 1670 Regem
3206 1579 3475 1651 electus

375 1696 558 1779 erat)
611 1693 1090 1766 Withawdum
1146 1692 1221 1765 in
1275 1692 1697 1767 Lithuaniae
1752 1695 2013 1787 Regem
2065 1699 2465 1767 creaturum
2482 1752 2501 1782 ,
2557 1700 2629 1767 et
2680 1696 2769 1769 ab
2824 1696 3251 1785 obedientia,
3308 1694 3475 1770 fide·

373 1812 617 1901 litate,
673 1814 963 1906 iureque
1015 1812 1309 1885 iurando
1365 1812 1746 1885 Wladislai
1789 1813 2123 1887 Poloniae
2159 1812 2379 1907 Regis
2414 1814 2903 1887 absoluturum
2921 1870 2938 1903 ,
2996 1836 3267 1889 omnem
3306 1836 3475 1908 quo-

375 1954 515 2024 que
571 1932 954 2005 amicitiam
1010 1936 1080 2005 et
1133 1930 1616 2005 assistentiam
1653 1932 1926 2007 fidelem
1965 1936 2036 2007 et
2070 1954 2321 2024 puram
2358 1937 2602 2006 contra
2636 1932 3108 2007 Wladislaum
3146 1934 3480 2008 Poloniae

373 2052 642 2144 Regem
697 2054 769 2125 et
821 2050 1178 2144 quoslibet
1229 2051 1408 2123 alios
1463 2051 1538 2123 in
1593 2051 1910 2143 quolibet
1961 2050 2409 2126 necessitatis
2471 2052 2806 2141 articulo,
2871 2052 3317 2127 iureiurando
3368 2052 3477 2125 in-

372 2170 716 2262 terposito
733 2226 750 2259 ‚
809 2170 947 2243 sibi
999 2170 1529 2262 praestiturum.
1587 2171 1991 2245 Alexander
2024 2166 2260 2245 auteni
2296 2172 2460 2243 Dux
2498 2172 2797 2264 Magnus
2834 2172 3286 2263 Lithuaniae‚
3344 2171 3483 2245 etsi

374 2290 618 2363 dolum
672 2290 748 2362 in
801 2289 1036 2363 verbis
1093 2290 1529 2383 sigismundi
1591 2290 1810 2384 Regis
1865 2291 2289 2380 adverteret,
2356 2312 2481 2383 pro
2535 2290 2875 2383 temporis
2930 2296 3163 2367 tamen
3218 2295 3297 2365 et
3349 2288 3487 2363 loci

376 2408 778 2483 conditione
829 2408 1131 2502 benigne
1184 2409 1568 2501 respondit.
1628 2409 1971 2483 Secedens
2025 2411 2267 2502 itaque
2320 2410 2394 2483 in
2447 2409 2869 2503 hospitium,
2926 2410 3323 2485 conscensis
3379 2411 3477 2485 fe·

377 2528 730 2602 stinanter
791 2528 1025 2620 equis,
1092 2549 1179 2601 ex
1247 2529 1635 2603 Keszmark
1689 2551 1797 2619 se,
1865 2530 2317 2623 Sigismundo
2371 2530 2596 2623 Rege,
2666 2529 2789 2623 qui
2844 2530 2982 2603 sibi
3034 2552 3175 2603 non
3227 2525 3484 2603 modici

377 2648 644 2722 valoris
700 2648 1052 2721 obtulerat
1080 2646 1144 2738 2)
1199 2670 1519 2737 munera,
1585 2649 2006 2739 insalutato,
2074 2650 2365 2723 evolvit.
2432 2649 2647 2723 Cuius
2700 2650 3065 2742 repentino
3120 2654 3191 2723 et
3244 2649 3477 2742 inspe-

375 2772 566 2857 rato,
625 2767 1122 2861 Sigismundus
1175 2768 1331 2841 Rex
1387 2768 1794 2861 Hungariae
1847 2770 2163 2843 discessu
2218 2774 2602 2860 comperto,
2670 2770 2877 2843 illum
2940 2769 3354 2862 investigat,
3412 2773 3484 2843 et

378 2888 454 2962 in
509 2910 650 2961 uno
706 2885 996 2960 milliari
1049 2886 1234 2961 circa
1287 2887 1536 2960 villam
1573 2888 1798 2980 Byala
1834 2888 1958 2962 vix
1995 2894 2445 2962 consecutum
2462 2944 2479 2977 ,
2536 2888 2902 2978 valedicit,
2958 2910 3182 2981 neque
3220 2888 3307 2962 ad
3344 2887 3477 2961 ali-

381 3029 558 3100 quos
613 3010 958 3079 tractatus
1013 3027 1172 3079 cum
1226 3028 1305 3080 eo
1341 3006 1732 3095 descendit,
1791 3007 2199 3100 intelligens
2237 3029 2435 3080 suam
2472 3007 2995 3099 persuasionem
3029 3006 3477 3100 repudiatum

378 3127 495 3199 iri.
555 3126 752 3219 Quod
804 3125 1087 3219 quidem
1139 3125 1371 3215 viruS,
1430 3126 1566 3201 etsi
1601 3130 1770 3201 tunc
1807 3147 2215 3219 oppressum
2254 3116 2786 3219 extinctumque
2824 3128 3088 3215 fuerat,
3142 3146 3475 3219 processu

379 3251 618 3320 tamen
671 3246 1004 3337 temporis
1061 3244 1554 3338 Sigismundus
1609 3246 1765 3319 Rex
1819 3246 2002 3318 illud
2057 3244 2465 3333 suscitavit,
2524 3250 2595 3317 et
2638 3245 2713 3317 in
2766 3246 2995 3338 Regni
3024 3244 3087 3334 3)
3143 3245 3481 3319 Poloniae
3594 3234 3601 3245 ⁸

381 3368 596 3457 atque
649 3366 962 3437 Ducatus
1015 3364 1256 3457 Magni
1307 3364 1730 3439 Lithuaniae
1782 3364 2160 3456 perniciem
2212 3364 2521 3456 grassari
2576 3364 2759 3437 illud
2810 3370 2883 3437 et
2918 3364 3214 3438 ebullire
3268 3364 3482 3437 susti-

380 3483 566 3557 nuit.
633 3485 932 3557 Passum
995 3487 1230 3557 autem
1284 3484 1422 3557 fuit
1475 3484 1808 3576 oppidum
1861 3484 2254 3557 Keszmark
2308 3484 2439 3557 sub
2494 3483 2772 3572 diebuS,
2830 3483 3087 3575 quibus
3124 3485 3485 3577 praefatus

383 3604 724 3697 agebatur
777 3607 1193 3691 conventus,
1251 3603 1562 3692 casuale,
1621 3604 1743 3676 sed
1779 3604 1923 3676 late
1960 3607 2211 3695 patens
2248 3602 2679 3691 incendium,
2737 3624 2873 3694 quo
2909 3604 3203 3676 barones
3242 3606 3315 3676 et
3349 3603 3480 3675 mi-

384 3722 556 3797 lites
607 3722 942 3797 Polouiae
995 3722 1070 3795 in
1126 3724 1360 3816 equiS,
1415 3724 1626 3797 rebus
1679 3727 1752 3796 et
1805 3722 2104 3795 fortunis
2161 3721 2311 3795 suis
2364 3720 2677 3795 notabile
2730 3726 3149 3814 exceperant
3198 3722 3484 3815 dispen-

385 3842 605 3915 dium.
661 3839 1058 3915 Discedens
1095 3842 1333 3933 itaque
1387 3842 1830 3915 Withawdus
1885 3843 2047 3913 Dux
2103 3842 2399 3933 Magnus
2455 3840 2876 3915 Lithuauiae
2929 3862 3018 3914 ex
3066 3841 3480 3928 Keszmark,

387 3961 474 4033 ad
530 3960 864 4035 Poloniae
916 3961 1200 4052 Regem·
1233 3960 1706 4035 Wladislaum
1759 3962 1833 4035 in
1887 3960 2160 4033 Novam
2218 3960 2525 4033 Sandecz
2568 3982 2923 4050 reversu8‚
2982 3961 3301 4054 singulos
3338 3965 3479 4033 tra-

387 4084 620 4154 ctatus
675 4102 832 4155 cum
888 4080 1336 4174 sigismundo
1396 4082 1794 4175 Hungariae
1847 4082 2038 4175 Rege
2093 4080 2374 4155 habitos
2438 4080 2748 4174 aperuit,
2816 4084 2889 4155 et
2940 4079 3311 4153 universos
3363 4080 3482 4152 do-

386 4201 528 4289 los,
587 4200 842 4293 quibus
897 4222 1055 4275 eum
1108 4202 1195 4273 ad
1249 4201 1706 4275 defectionem
1761 4206 1832 4274 et
1885 4201 2049 4274 novi
2087 4201 2504 4275 diadematis
2541 4200 3091 4293 assumptionem
3144 4198 3484 4292 perlicere

387 4326 682 4395 conatus
735 4326 873 4410 est,
940 4321 1234 4395 detexit.
1301 4321 1701 4414 Habitaque
1763 4321 2017 4394 iterum
2084 4320 2557 4395 secretissima
2620 4342 2831 4413 super
2881 4340 3257 4413 progressu
3312 4318 3485 4393 belli

386 4445 628 4513 contra
680 4440 1067 4514 cruciferos
1121 4440 1407 4533 gerendi
1460 4440 1994 4529 deliberatione,
2051 4442 2216 4513 Dux
2272 4440 2717 4514 Withawdus
2774 4440 3059 4513 obtenta
3113 4460 3155 4511 a
3207 4438 3479 4511 Wladi-

389 4560 536 4631 slao
591 4560 784 4652 Rege
835 4560 1156 4648 licentia,
1211 4560 1666 4634 Lithuaniam
1721 4560 1992 4634 concito
2045 4581 2259 4633 cursu
2315 4560 2389 4633 in
2445 4559 2810 4633 Podwodis
2865 4563 3225 4651 properat,
3282 4562 3353 4632 et
3404 4556 3481 4629 in

391 4678 653 4751 Lublin
698 4678 909 4753 tertia
943 4678 1088 4767 die,
1147 4700 1235 4752 ex
1273 4700 1409 4769 quo
1447 4679 1532 4751 de
1571 4679 1880 4753 Sandecz
1921 4678 2371 4766 discesserat,
2429 4682 2679 4771 quarta
2717 4699 2879 4751 vero
2915 4676 2990 4750 in
3028 4677 3363 4751 Brzescze
3390 4676 3485 4765 ⁴),

393 4798 512 4871 ubi
565 4798 866 4871 reditum
906 4819 1111 4871 suum
1149 4818 1430 4871 consors
1469 4819 1598 4871 sua
1635 4799 1841 4870 Anna
1877 4797 2177 4871 Ducissa
2212 4797 2685 4889 operiebatur,
2742 4797 3193 4890 perveniens,
3250 4815 3487 4868 omnes

391 4922 612 4991 terras
674 4917 929 4991 ditioni
993 4938 1158 4990 suae
1222 4917 1571 4991 subiectas
1653 4922 2039 4991 commovet
2110 4921 2184 4990 et
2247 4937 2665 5010 consurgere
2728 4916 2927 4990 iubet
2978 4916 3055 4989 in
3107 4914 3486 4989 Prutheni-

399 5058 544 5111 cam
599 5037 1138 5130 expeditionem.

610 5310 656 5392 ¹)
707 5312 912 5373 eiectis
960 5306 1111 5374 Cod.
1161 5306 1337 5374 Calv.
1387 5308 1442 5391 ²)
1487 5310 1816 5373 contulerat
1862 5306 2015 5373 Ood.
2051 5307 2241 5372 Rozz.
2290 5307 2343 5391 ³)
2390 5310 2451 5370 in
2480 5290 2750 5387 Regnum
2798 5302 2951 5372 Cod.
2982 5304 3175 5371 Rozr.
3222 5304 3280 5393 ⁴)
3310 5308 3488 5371 Brac-

405 5415 555 5475 sczie
601 5410 752 5477 Cod.
802 5411 992 5476 Rozr.
