<?xml version="1.0" encoding="UTF-8"?>
<!DOCTYPE html PUBLIC "-//W3C//DTD XHTML 1.0 Transitional//EN"
    "http://www.w3.org/TR/xhtml1/DTD/xhtml1-transitional.dtd">
<html xmlns="http://www.w3.org/1999/xhtml" xml:lang="en" lang="en">
 <head>
  <title>
</title>
<meta http-equiv="Content-Type" content="text/html;charset=utf-8" />
  <meta name='ocr-system' content='tesseract 3.04.00' />
  <meta name='ocr-capabilities' content='ocr_page ocr_carea ocr_par ocr_line ocrx_word'/>
</head>
<body>
  <div class='ocr_page' id='page_1' title='image "./dzieawszystkie00unkngoog_0266.png"; bbox 0 0 4342 6384; ppageno 0'>
   <div class='ocr_carea' id='block_1_1' title="bbox 432 525 3518 633">
    <p class='ocr_par' dir='ltr' id='par_1_1' title="bbox 432 525 3518 633">
     <span class='ocr_line' id='line_1_1' title="bbox 432 525 3518 633; baseline 0.001 -25"><span class='ocrx_word' id='word_1_1' title='bbox 432 527 567 633; x_wconf 87' lang='grc' dir='ltr'><strong>(Α.</strong></span> <span class='ocrx_word' id='word_1_2' title='bbox 597 530 691 608; x_wconf 84' lang='lat' dir='ltr'><strong>D.</strong></span> <span class='ocrx_word' id='word_1_3' title='bbox 732 525 987 631; x_wconf 73' lang='lat'><strong>1420.)</strong></span> <span class='ocrx_word' id='word_1_4' title='bbox 1598 550 1842 610; x_wconf 55' lang='lat' dir='ltr'><strong>arnan</strong></span> <span class='ocrx_word' id='word_1_5' title='bbox 1892 551 2353 612; x_wconf 68' lang='lat' dir='ltr'><strong>uunncnms.</strong></span> <span class='ocrx_word' id='word_1_6' title='bbox 2623 561 2674 599; x_wconf 71' lang='lat'><strong>‘:-</strong></span> <span class='ocrx_word' id='word_1_7' title='bbox 3369 531 3518 611; x_wconf 80' lang='lat'><strong>255</strong></span> 
     </span>
    </p>
   </div>
   <div class='ocr_carea' id='block_1_2' title="bbox 418 739 3535 3469">
    <p class='ocr_par' dir='ltr' id='par_1_2' title="bbox 418 739 3535 3469">
     <span class='ocr_line' id='line_1_2' title="bbox 434 739 3527 836; baseline 0.002 -24"><span class='ocrx_word' id='word_1_8' title='bbox 434 761 567 831; x_wconf 91' lang='lat' dir='ltr'><strong>que</strong></span> <span class='ocrx_word' id='word_1_9' title='bbox 641 739 920 833; x_wconf 91' lang='lat' dir='ltr'><strong>generis</strong></span> <span class='ocrx_word' id='word_1_10' title='bbox 994 739 1069 812; x_wconf 91' lang='lat' dir='ltr'><strong>in</strong></span> <span class='ocrx_word' id='word_1_11' title='bbox 1132 760 1359 815; x_wconf 90' lang='lat' dir='ltr'><strong>arcem</strong></span> <span class='ocrx_word' id='word_1_12' title='bbox 1423 743 1845 836; x_wconf 88' lang='lat' dir='ltr'><strong>Pragensem</strong></span> <span class='ocrx_word' id='word_1_13' title='bbox 1908 743 2332 832; x_wconf 87' lang='lat' dir='ltr'><strong>conferrent,</strong></span> <span class='ocrx_word' id='word_1_14' title='bbox 2401 764 2664 836; x_wconf 89' lang='lat' dir='ltr'><strong>suoque</strong></span> <span class='ocrx_word' id='word_1_15' title='bbox 2717 743 3082 836; x_wconf 87' lang='lat' dir='ltr'><strong>capitaneo</strong></span> <span class='ocrx_word' id='word_1_16' title='bbox 3147 744 3527 819; x_wconf 79' lang='lat' dir='ltr'><strong>traderent.</strong></span> 
     </span>
     <span class='ocr_line' id='line_1_3' title="bbox 434 853 3525 955; baseline 0.002 -25"><span class='ocrx_word' id='word_1_17' title='bbox 434 860 745 932; x_wconf 88' lang='lat' dir='ltr'><strong>Barones</strong></span> <span class='ocrx_word' id='word_1_18' title='bbox 800 865 1037 932; x_wconf 86' lang='lat' dir='ltr'><strong>autem</strong></span> <span class='ocrx_word' id='word_1_19' title='bbox 1091 860 1467 934; x_wconf 87' lang='lat' dir='ltr'><strong>Bohemiae</strong></span> <span class='ocrx_word' id='word_1_20' title='bbox 1522 866 1594 935; x_wconf 89' lang='lat' dir='ltr'><strong>et</strong></span> <span class='ocrx_word' id='word_1_21' title='bbox 1646 862 1971 936; x_wconf 88' lang='lat' dir='ltr'><strong>consules</strong></span> <span class='ocrx_word' id='word_1_22' title='bbox 2025 863 2414 954; x_wconf 87' lang='lat' dir='ltr'><strong>Pragenses</strong></span> <span class='ocrx_word' id='word_1_23' title='bbox 2471 862 2607 936; x_wconf 87' lang='lat' dir='ltr'><strong>etsi</strong></span> <span class='ocrx_word' id='word_1_24' title='bbox 2659 883 2749 936; x_wconf 84' lang='lat' dir='ltr'><strong>ex</strong></span> <span class='ocrx_word' id='word_1_25' title='bbox 2775 853 3230 955; x_wconf 70' lang='lat' dir='ltr'><strong>responsione</strong></span> <span class='ocrx_word' id='word_1_26' title='bbox 3280 863 3525 936; x_wconf 88' lang='lat' dir='ltr'><strong>huius-</strong></span> 
     </span>
     <span class='ocr_line' id='line_1_4' title="bbox 430 979 3535 1076; baseline 0.001 -26"><span class='ocrx_word' id='word_1_27' title='bbox 430 979 617 1051; x_wconf 83' lang='lat' dir='ltr'><strong>modi</strong></span> <span class='ocrx_word' id='word_1_28' title='bbox 670 979 884 1053; x_wconf 89' lang='lat' dir='ltr'><strong>bilem</strong></span> <span class='ocrx_word' id='word_1_29' title='bbox 936 981 1361 1072; x_wconf 78' lang='lat' dir='ltr'><strong>pertulerint</strong></span> <span class='ocrx_word' id='word_1_30' title='bbox 1412 981 1823 1055; x_wconf 79' lang='lat' dir='ltr'><strong>immensam</strong></span> <span class='ocrx_word' id='word_1_31' title='bbox 1862 983 1941 1071; x_wconf 88' lang='lat'><strong>¹),</strong></span> <span class='ocrx_word' id='word_1_32' title='bbox 1997 981 2370 1075; x_wconf 73' lang='lat' dir='ltr'><strong>benignius</strong></span> <span class='ocrx_word' id='word_1_33' title='bbox 2425 987 2661 1058; x_wconf 90' lang='lat' dir='ltr'><strong>tamon</strong></span> <span class='ocrx_word' id='word_1_34' title='bbox 2714 1003 2838 1076; x_wconf 92' lang='lat' dir='ltr'><strong>pro</strong></span> <span class='ocrx_word' id='word_1_35' title='bbox 2895 983 3228 1074; x_wconf 87' lang='lat' dir='ltr'><strong>temporis</strong></span> <span class='ocrx_word' id='word_1_36' title='bbox 3285 987 3357 1055; x_wconf 88' lang='lat' dir='ltr'><strong>et</strong></span> <span class='ocrx_word' id='word_1_37' title='bbox 3391 982 3535 1055; x_wconf 89' lang='lat' dir='ltr'><strong>loci</strong></span> 
     </span>
     <span class='ocr_line' id='line_1_5' title="bbox 432 1099 3532 1195; baseline 0.001 -24"><span class='ocrx_word' id='word_1_38' title='bbox 432 1099 811 1190; x_wconf 76' lang='lat' dir='ltr'><strong>qualitate,</strong></span> <span class='ocrx_word' id='word_1_39' title='bbox 868 1104 938 1174; x_wconf 90' lang='lat' dir='ltr'><strong>et</strong></span> <span class='ocrx_word' id='word_1_40' title='bbox 991 1099 1222 1190; x_wconf 90' lang='lat' dir='ltr'><strong>aliter,</strong></span> <span class='ocrx_word' id='word_1_41' title='bbox 1281 1122 1488 1193; x_wconf 88' lang='lat' dir='ltr'><strong>quam</strong></span> <span class='ocrx_word' id='word_1_42' title='bbox 1544 1101 1620 1173; x_wconf 92' lang='lat' dir='ltr'><strong>in</strong></span> <span class='ocrx_word' id='word_1_43' title='bbox 1674 1101 1907 1175; x_wconf 89' lang='lat' dir='ltr'><strong>animo</strong></span> <span class='ocrx_word' id='word_1_44' title='bbox 1960 1103 2326 1193; x_wconf 81' lang='lat' dir='ltr'><strong>gerebant,</strong></span> <span class='ocrx_word' id='word_1_45' title='bbox 2385 1102 2637 1191; x_wconf 87' lang='lat' dir='ltr'><strong>locuti,</strong></span> <span class='ocrx_word' id='word_1_46' title='bbox 2693 1103 3146 1195; x_wconf 81' lang='lat' dir='ltr'><strong>respondent:</strong></span> <span class='ocrx_word' id='word_1_47' title='bbox 3203 1123 3282 1176; x_wconf 89' lang='lat' dir='ltr'><strong>se</strong></span> <span class='ocrx_word' id='word_1_48' title='bbox 3320 1123 3532 1194; x_wconf 87' lang='lat' dir='ltr'><strong>super</strong></span> 
     </span>
     <span class='ocr_line' id='line_1_6' title="bbox 428 1214 3528 1315; baseline 0.001 -24"><span class='ocrx_word' id='word_1_49' title='bbox 428 1220 701 1292; x_wconf 89' lang='lat' dir='ltr'><strong>duabus</strong></span> <span class='ocrx_word' id='word_1_50' title='bbox 756 1219 1277 1294; x_wconf 86' lang='lat' dir='ltr'><strong>conditionibus</strong></span> <span class='ocrx_word' id='word_1_51' title='bbox 1302 1214 1305 1216; x_wconf 61' lang='grc'>’</span> <span class='ocrx_word' id='word_1_52' title='bbox 1330 1241 1455 1312; x_wconf 88' lang='lat' dir='ltr'><strong>per</strong></span> <span class='ocrx_word' id='word_1_53' title='bbox 1492 1220 2021 1315; x_wconf 87' lang='lat' dir='ltr'><strong>Sigismundum</strong></span> <span class='ocrx_word' id='word_1_54' title='bbox 2060 1223 2322 1315; x_wconf 84' lang='lat' dir='ltr'><strong>Regem</strong></span> <span class='ocrx_word' id='word_1_55' title='bbox 2357 1221 2778 1314; x_wconf 70' lang='lat' dir='ltr'><strong>propositio,</strong></span> <span class='ocrx_word' id='word_1_56' title='bbox 2835 1243 2993 1294; x_wconf 88' lang='lat' dir='ltr'><strong>cum</strong></span> <span class='ocrx_word' id='word_1_57' title='bbox 3030 1221 3142 1295; x_wconf 86' lang='lat' dir='ltr'><strong>his</strong></span> <span class='ocrx_word' id='word_1_58' title='bbox 3181 1220 3302 1312; x_wconf 76' lang='lat' dir='ltr'><strong>qui</strong></span> <span class='ocrx_word' id='word_1_59' title='bbox 3338 1220 3528 1295; x_wconf 89' lang='lat' dir='ltr'><strong>domi</strong></span> 
     </span>
     <span class='ocr_line' id='line_1_7' title="bbox 426 1338 3520 1432; baseline -0 -19"><span class='ocrx_word' id='word_1_60' title='bbox 426 1338 769 1429; x_wconf 82' lang='lat' dir='ltr'><strong>resident,</strong></span> <span class='ocrx_word' id='word_1_61' title='bbox 828 1339 1234 1413; x_wconf 89' lang='lat' dir='ltr'><strong>Bohemiam</strong></span> <span class='ocrx_word' id='word_1_62' title='bbox 1286 1340 1616 1432; x_wconf 85' lang='lat' dir='ltr'><strong>regressi,</strong></span> <span class='ocrx_word' id='word_1_63' title='bbox 1672 1341 2057 1414; x_wconf 88' lang='lat' dir='ltr'><strong>deliberare</strong></span> <span class='ocrx_word' id='word_1_64' title='bbox 2112 1341 2324 1429; x_wconf 90' lang='lat' dir='ltr'><strong>velle,</strong></span> <span class='ocrx_word' id='word_1_65' title='bbox 2383 1345 2454 1414; x_wconf 89' lang='lat' dir='ltr'><strong>et</strong></span> <span class='ocrx_word' id='word_1_66' title='bbox 2491 1341 2771 1414; x_wconf 86' lang='lat' dir='ltr'><strong>tandem</strong></span> <span class='ocrx_word' id='word_1_67' title='bbox 2826 1361 2912 1415; x_wconf 83' lang='lat' dir='ltr'><strong>ex</strong></span> <span class='ocrx_word' id='word_1_68' title='bbox 2968 1361 3097 1414; x_wconf 89' lang='lat' dir='ltr'><strong>sua</strong></span> <span class='ocrx_word' id='word_1_69' title='bbox 3150 1345 3222 1412; x_wconf 89' lang='lat' dir='ltr'><strong>et</strong></span> <span class='ocrx_word' id='word_1_70' title='bbox 3271 1339 3520 1419; x_wconf 83' lang='lat' dir='ltr'><strong>absen-</strong></span> 
     </span>
     <span class='ocr_line' id='line_1_8' title="bbox 428 1443 3524 1554; baseline 0.001 -24"><span class='ocrx_word' id='word_1_71' title='bbox 428 1460 611 1532; x_wconf 89' lang='lat' dir='ltr'><strong>tium</strong></span> <span class='ocrx_word' id='word_1_72' title='bbox 667 1460 1048 1548; x_wconf 87' lang='lat' dir='ltr'><strong>sententia,</strong></span> <span class='ocrx_word' id='word_1_73' title='bbox 1107 1461 1295 1551; x_wconf 87' lang='lat' dir='ltr'><strong>quod</strong></span> <span class='ocrx_word' id='word_1_74' title='bbox 1345 1460 1761 1551; x_wconf 89' lang='lat' dir='ltr'><strong>placitatum</strong></span> <span class='ocrx_word' id='word_1_75' title='bbox 1830 1460 2073 1548; x_wconf 81' lang='lat' dir='ltr'><strong>fuerit,</strong></span> <span class='ocrx_word' id='word_1_76' title='bbox 2138 1460 2580 1554; x_wconf 89' lang='lat' dir='ltr'><strong>respondere.</strong></span> <span class='ocrx_word' id='word_1_77' title='bbox 2655 1459 2950 1534; x_wconf 88' lang='lat' dir='ltr'><strong>Interim</strong></span> <span class='ocrx_word' id='word_1_78' title='bbox 3005 1464 3243 1533; x_wconf 91' lang='lat' dir='ltr'><strong>autem</strong></span> <span class='ocrx_word' id='word_1_79' title='bbox 3301 1443 3524 1553; x_wconf 85' lang='lat' dir='ltr'><strong>Sigis-</strong></span> 
     </span>
     <span class='ocr_line' id='line_1_9' title="bbox 428 1579 3523 1673; baseline 0.001 -23"><span class='ocrx_word' id='word_1_80' title='bbox 428 1580 729 1652; x_wconf 88' lang='lat' dir='ltr'><strong>mundns</strong></span> <span class='ocrx_word' id='word_1_81' title='bbox 781 1580 936 1653; x_wconf 85' lang='lat' dir='ltr'><strong>Rex</strong></span> <span class='ocrx_word' id='word_1_82' title='bbox 990 1601 1209 1652; x_wconf 90' lang='lat' dir='ltr'><strong>unum</strong></span> <span class='ocrx_word' id='word_1_83' title='bbox 1266 1600 1353 1653; x_wconf 85' lang='lat' dir='ltr'><strong>ex</strong></span> <span class='ocrx_word' id='word_1_84' title='bbox 1390 1579 1667 1653; x_wconf 87' lang='lat' dir='ltr'><strong>civibus</strong></span> <span class='ocrx_word' id='word_1_85' title='bbox 1721 1579 2230 1673; x_wconf 86' lang='lat' dir='ltr'><strong>Pragensibus,</strong></span> <span class='ocrx_word' id='word_1_86' title='bbox 2285 1579 2562 1652; x_wconf 88' lang='lat' dir='ltr'><strong>haeresi</strong></span> <span class='ocrx_word' id='word_1_87' title='bbox 2599 1579 3108 1672; x_wconf 86' lang='lat' dir='ltr'><strong>Viclephistica</strong></span> <span class='ocrx_word' id='word_1_88' title='bbox 3161 1580 3523 1669; x_wconf 85' lang='lat' dir='ltr'><strong>infectum,</strong></span> 
     </span>
     <span class='ocr_line' id='line_1_10' title="bbox 429 1691 3530 1792; baseline 0.001 -23"><span class='ocrx_word' id='word_1_89' title='bbox 429 1698 500 1770; x_wconf 94' lang='lat' dir='ltr'><strong>in</strong></span> <span class='ocrx_word' id='word_1_90' title='bbox 556 1720 794 1772; x_wconf 89' lang='lat' dir='ltr'><strong>eornm</strong></span> <span class='ocrx_word' id='word_1_91' title='bbox 858 1703 1235 1792; x_wconf 86' lang='lat' dir='ltr'><strong>conspectu</strong></span> <span class='ocrx_word' id='word_1_92' title='bbox 1299 1721 1425 1792; x_wconf 89' lang='lat' dir='ltr'><strong>per</strong></span> <span class='ocrx_word' id='word_1_93' title='bbox 1486 1700 1851 1773; x_wconf 71' lang='lat' dir='ltr'><strong>circulum·</strong></span> <span class='ocrx_word' id='word_1_94' title='bbox 1893 1699 2207 1774; x_wconf 88' lang='lat' dir='ltr'><strong>civitatis</strong></span> <span class='ocrx_word' id='word_1_95' title='bbox 2265 1691 2876 1774; x_wconf 76' lang='lat' dir='ltr'><strong>wratislaviensis</strong></span> <span class='ocrx_word' id='word_1_96' title='bbox 2945 1699 3144 1791; x_wconf 90' lang='lat' dir='ltr'><strong>equis</strong></span> <span class='ocrx_word' id='word_1_97' title='bbox 3209 1697 3396 1772; x_wconf 87' lang='lat' dir='ltr'><strong>trahi</strong></span> <span class='ocrx_word' id='word_1_98' title='bbox 3454 1704 3530 1772; x_wconf 84' lang='lat' dir='ltr'><strong>et</strong></span> 
     </span>
     <span class='ocr_line' id='line_1_11' title="bbox 425 1805 3520 1913; baseline 0 -24"><span class='ocrx_word' id='word_1_99' title='bbox 425 1819 633 1891; x_wconf 89' lang='lat' dir='ltr'><strong>velut</strong></span> <span class='ocrx_word' id='word_1_100' title='bbox 678 1819 1105 1892; x_wconf 87' lang='lat' dir='ltr'><strong>haereticum</strong></span> <span class='ocrx_word' id='word_1_101' title='bbox 1162 1819 1325 1913; x_wconf 87' lang='lat' dir='ltr'><strong>igne</strong></span> <span class='ocrx_word' id='word_1_102' title='bbox 1378 1820 1692 1894; x_wconf 87' lang='lat' dir='ltr'><strong>comburi</strong></span> <span class='ocrx_word' id='word_1_103' title='bbox 1744 1819 1978 1894; x_wconf 90' lang='lat' dir='ltr'><strong>iussit.</strong></span> <span class='ocrx_word' id='word_1_104' title='bbox 2037 1819 2241 1892; x_wconf 86' lang='lat' dir='ltr'><strong>Cives</strong></span> <span class='ocrx_word' id='word_1_105' title='bbox 2295 1819 2587 1911; x_wconf 86' lang='lat' dir='ltr'><strong>insuper</strong></span> <span class='ocrx_word' id='word_1_106' title='bbox 2638 1818 2898 1911; x_wconf 87' lang='lat' dir='ltr'><strong>viginti</strong></span> <span class='ocrx_word' id='word_1_107' title='bbox 2950 1823 3092 1892; x_wconf 87' lang='lat' dir='ltr'><strong>tres</strong></span> <span class='ocrx_word' id='word_1_108' title='bbox 3145 1805 3520 1892; x_wconf 82' lang='lat' dir='ltr'><strong>notabilio-</strong></span> 
     </span>
     <span class='ocr_line' id='line_1_12' title="bbox 424 1935 3524 2038; baseline 0.001 -28"><span class='ocrx_word' id='word_1_109' title='bbox 424 1958 535 2010; x_wconf 87' lang='lat' dir='ltr'><strong>res</strong></span> <span class='ocrx_word' id='word_1_110' title='bbox 592 1937 1267 2038; x_wconf 73' lang='lat' dir='ltr'><strong>Wratislaviensos,</strong></span> <span class='ocrx_word' id='word_1_111' title='bbox 1308 1938 1431 2030; x_wconf 90' lang='lat' dir='ltr'><strong>qui</strong></span> <span class='ocrx_word' id='word_1_112' title='bbox 1488 1943 1651 2014; x_wconf 88' lang='lat' dir='ltr'><strong>ante</strong></span> <span class='ocrx_word' id='word_1_113' title='bbox 1704 1959 1923 2012; x_wconf 91' lang='lat' dir='ltr'><strong>annos</strong></span> <span class='ocrx_word' id='word_1_114' title='bbox 1976 1939 2250 2032; x_wconf 84' lang='lat' dir='ltr'><strong>aliquot</strong></span> <span class='ocrx_word' id='word_1_115' title='bbox 2305 1939 2628 2012; x_wconf 88' lang='lat' dir='ltr'><strong>consules</strong></span> <span class='ocrx_word' id='word_1_116' title='bbox 2668 1958 2833 2011; x_wconf 90' lang='lat' dir='ltr'><strong>suos</strong></span> <span class='ocrx_word' id='word_1_117' title='bbox 2873 1935 3524 2028; x_wconf 78' lang='lat' dir='ltr'><strong>wratislavienses,</strong></span> 
     </span>
     <span class='ocr_line' id='line_1_13' title="bbox 424 2057 3528 2151; baseline 0 -21"><span class='ocrx_word' id='word_1_118' title='bbox 424 2059 597 2131; x_wconf 89' lang='lat' dir='ltr'><strong>bene</strong></span> <span class='ocrx_word' id='word_1_119' title='bbox 652 2079 798 2132; x_wconf 89' lang='lat' dir='ltr'><strong>rem</strong></span> <span class='ocrx_word' id='word_1_120' title='bbox 834 2057 1191 2150; x_wconf 90' lang='lat' dir='ltr'><strong>publicam</strong></span> <span class='ocrx_word' id='word_1_121' title='bbox 1228 2058 1805 2132; x_wconf 85' lang='lat' dir='ltr'><strong>administrantes</strong></span> <span class='ocrx_word' id='word_1_122' title='bbox 1835 2058 1924 2148; x_wconf 80' lang='lat'><strong>²),</strong></span> <span class='ocrx_word' id='word_1_123' title='bbox 1982 2059 2206 2133; x_wconf 89' lang='lat' dir='ltr'><strong>livore</strong></span> <span class='ocrx_word' id='word_1_124' title='bbox 2261 2063 2334 2131; x_wconf 92' lang='lat' dir='ltr'><strong>et</strong></span> <span class='ocrx_word' id='word_1_125' title='bbox 2368 2057 2642 2131; x_wconf 89' lang='lat' dir='ltr'><strong>invidia</strong></span> <span class='ocrx_word' id='word_1_126' title='bbox 2676 2057 3009 2150; x_wconf 86' lang='lat' dir='ltr'><strong>permoti,</strong></span> <span class='ocrx_word' id='word_1_127' title='bbox 3066 2058 3296 2151; x_wconf 86' lang='lat' dir='ltr'><strong>capite</strong></span> <span class='ocrx_word' id='word_1_128' title='bbox 3331 2062 3528 2131; x_wconf 89' lang='lat' dir='ltr'><strong>trun·</strong></span> 
     </span>
     <span class='ocr_line' id='line_1_14' title="bbox 424 2177 3523 2270; baseline 0 -20"><span class='ocrx_word' id='word_1_129' title='bbox 424 2181 619 2251; x_wconf 90' lang='lat' dir='ltr'><strong>catos</strong></span> <span class='ocrx_word' id='word_1_130' title='bbox 674 2177 1108 2267; x_wconf 76' lang='lat' dir='ltr'><strong>deleverant,</strong></span> <span class='ocrx_word' id='word_1_131' title='bbox 1168 2177 1397 2270; x_wconf 87' lang='lat' dir='ltr'><strong>capite</strong></span> <span class='ocrx_word' id='word_1_132' title='bbox 1450 2179 1704 2251; x_wconf 88' lang='lat' dir='ltr'><strong>ultima</strong></span> <span class='ocrx_word' id='word_1_133' title='bbox 1756 2179 2127 2252; x_wconf 84' lang='lat' dir='ltr'><strong>Februarii</strong></span> <span class='ocrx_word' id='word_1_134' title='bbox 2184 2177 2566 2252; x_wconf 88' lang='lat' dir='ltr'><strong>damnavit.</strong></span> <span class='ocrx_word' id='word_1_135' title='bbox 2635 2179 2946 2250; x_wconf 88' lang='lat' dir='ltr'><strong>Barones</strong></span> <span class='ocrx_word' id='word_1_136' title='bbox 3000 2177 3241 2270; x_wconf 86' lang='lat' dir='ltr'><strong>itaque</strong></span> <span class='ocrx_word' id='word_1_137' title='bbox 3297 2179 3523 2252; x_wconf 83' lang='lat' dir='ltr'><strong>Bobe-</strong></span> 
     </span>
     <span class='ocr_line' id='line_1_15' title="bbox 426 2296 3522 2392; baseline 0 -23"><span class='ocrx_word' id='word_1_138' title='bbox 426 2296 605 2370; x_wconf 89' lang='lat' dir='ltr'><strong>miae</strong></span> <span class='ocrx_word' id='word_1_139' title='bbox 662 2301 735 2370; x_wconf 92' lang='lat' dir='ltr'><strong>et</strong></span> <span class='ocrx_word' id='word_1_140' title='bbox 787 2298 1111 2371; x_wconf 87' lang='lat' dir='ltr'><strong>consules</strong></span> <span class='ocrx_word' id='word_1_141' title='bbox 1164 2299 1587 2390; x_wconf 85' lang='lat' dir='ltr'><strong>Pragenses,</strong></span> <span class='ocrx_word' id='word_1_142' title='bbox 1656 2303 1726 2372; x_wconf 87' lang='lat' dir='ltr'><strong>et</strong></span> <span class='ocrx_word' id='word_1_143' title='bbox 1778 2299 2254 2392; x_wconf 83' lang='lat' dir='ltr'><strong>responsione</strong></span> <span class='ocrx_word' id='word_1_144' title='bbox 2284 2320 2534 2391; x_wconf 90' lang='lat' dir='ltr'><strong>parum</strong></span> <span class='ocrx_word' id='word_1_145' title='bbox 2597 2297 2898 2390; x_wconf 86' lang='lat' dir='ltr'><strong>benigna</strong></span> <span class='ocrx_word' id='word_1_146' title='bbox 2953 2303 3022 2370; x_wconf 90' lang='lat' dir='ltr'><strong>et</strong></span> <span class='ocrx_word' id='word_1_147' title='bbox 3077 2297 3348 2372; x_wconf 90' lang='lat' dir='ltr'><strong>ultione</strong></span> <span class='ocrx_word' id='word_1_148' title='bbox 3395 2320 3522 2391; x_wconf 89' lang='lat' dir='ltr'><strong>pa-</strong></span> 
     </span>
     <span class='ocr_line' id='line_1_16' title="bbox 418 2417 3524 2508; baseline 0.001 -20"><span class='ocrx_word' id='word_1_149' title='bbox 418 2439 577 2488; x_wconf 88' lang='lat' dir='ltr'><strong>·rum</strong></span> <span class='ocrx_word' id='word_1_150' title='bbox 644 2417 1067 2508; x_wconf 87' lang='lat' dir='ltr'><strong>tempestiva</strong></span> <span class='ocrx_word' id='word_1_151' title='bbox 1138 2419 1585 2493; x_wconf 87' lang='lat' dir='ltr'><strong>vehementer</strong></span> <span class='ocrx_word' id='word_1_152' title='bbox 1657 2419 2147 2508; x_wconf 81' lang='lat' dir='ltr'><strong>scandalizati,</strong></span> <span class='ocrx_word' id='word_1_153' title='bbox 2225 2420 2308 2492; x_wconf 90' lang='lat' dir='ltr'><strong>de</strong></span> <span class='ocrx_word' id='word_1_154' title='bbox 2373 2419 2580 2492; x_wconf 88' lang='lat' dir='ltr'><strong>venia</strong></span> <span class='ocrx_word' id='word_1_155' title='bbox 2651 2417 2904 2506; x_wconf 87' lang='lat' dir='ltr'><strong>diffisi,</strong></span> <span class='ocrx_word' id='word_1_156' title='bbox 2978 2417 3052 2490; x_wconf 90' lang='lat' dir='ltr'><strong>in</strong></span> <span class='ocrx_word' id='word_1_157' title='bbox 3116 2417 3524 2496; x_wconf 82' lang='lat' dir='ltr'><strong>Bohemiam</strong></span> 
     </span>
     <span class='ocr_line' id='line_1_17' title="bbox 420 2535 3521 2628; baseline 0.001 -20"><span class='ocrx_word' id='word_1_158' title='bbox 420 2535 689 2609; x_wconf 88' lang='lat' dir='ltr'><strong>reversi</strong></span> <span class='ocrx_word' id='word_1_159' title='bbox 742 2541 812 2610; x_wconf 89' lang='lat' dir='ltr'><strong>et</strong></span> <span class='ocrx_word' id='word_1_160' title='bbox 864 2535 1003 2628; x_wconf 88' lang='lat' dir='ltr'><strong>ipsi</strong></span> <span class='ocrx_word' id='word_1_161' title='bbox 1056 2539 1402 2612; x_wconf 89' lang='lat' dir='ltr'><strong>rebellant</strong></span> <span class='ocrx_word' id='word_1_162' title='bbox 1456 2543 1527 2612; x_wconf 87' lang='lat' dir='ltr'><strong>et</strong></span> <span class='ocrx_word' id='word_1_163' title='bbox 1578 2543 1887 2613; x_wconf 88' lang='lat' dir='ltr'><strong>caeteros</strong></span> <span class='ocrx_word' id='word_1_164' title='bbox 1942 2559 2177 2613; x_wconf 87' lang='lat' dir='ltr'><strong>secum</strong></span> <span class='ocrx_word' id='word_1_165' title='bbox 2229 2539 2305 2612; x_wconf 91' lang='lat' dir='ltr'><strong>in</strong></span> <span class='ocrx_word' id='word_1_166' title='bbox 2361 2540 2644 2613; x_wconf 89' lang='lat' dir='ltr'><strong>eandem</strong></span> <span class='ocrx_word' id='word_1_167' title='bbox 2697 2537 3152 2612; x_wconf 87' lang='lat' dir='ltr'><strong>rebellionem</strong></span> <span class='ocrx_word' id='word_1_168' title='bbox 3205 2538 3521 2626; x_wconf 84' lang='lat' dir='ltr'><strong>trahunt,</strong></span> 
     </span>
     <span class='ocr_line' id='line_1_18' title="bbox 425 2651 3519 2751; baseline 0.001 -23"><span class='ocrx_word' id='word_1_169' title='bbox 425 2651 1015 2749; x_wconf 88' lang='lat' dir='ltr'><strong>Sigismundoque</strong></span> <span class='ocrx_word' id='word_1_170' title='bbox 1066 2655 1247 2750; x_wconf 86' lang='lat' dir='ltr'><strong>Regi</strong></span> <span class='ocrx_word' id='word_1_171' title='bbox 1303 2659 1656 2751; x_wconf 83' lang='lat' dir='ltr'><strong>extemplo</strong></span> <span class='ocrx_word' id='word_1_172' title='bbox 1712 2657 2144 2751; x_wconf 89' lang='lat' dir='ltr'><strong>significant:</strong></span> <span class='ocrx_word' id='word_1_173' title='bbox 2213 2680 2352 2730; x_wconf 90' lang='lat' dir='ltr'><strong>non</strong></span> <span class='ocrx_word' id='word_1_174' title='bbox 2407 2679 2480 2732; x_wconf 90' lang='lat' dir='ltr'><strong>se</strong></span> <span class='ocrx_word' id='word_1_175' title='bbox 2535 2658 2776 2746; x_wconf 90' lang='lat' dir='ltr'><strong>illum,</strong></span> <span class='ocrx_word' id='word_1_176' title='bbox 2835 2657 3046 2731; x_wconf 89' lang='lat' dir='ltr'><strong>etiam</strong></span> <span class='ocrx_word' id='word_1_177' title='bbox 3103 2656 3519 2730; x_wconf 88' lang='lat' dir='ltr'><strong>conditioni-</strong></span> 
     </span>
     <span class='ocr_line' id='line_1_19' title="bbox 423 2775 3514 2872; baseline 0.001 -24"><span class='ocrx_word' id='word_1_178' title='bbox 423 2775 585 2863; x_wconf 88' lang='lat' dir='ltr'><strong>bus,</strong></span> <span class='ocrx_word' id='word_1_179' title='bbox 644 2797 821 2868; x_wconf 89' lang='lat' dir='ltr'><strong>quas</strong></span> <span class='ocrx_word' id='word_1_180' title='bbox 876 2775 1015 2849; x_wconf 89' lang='lat' dir='ltr'><strong>sibi</strong></span> <span class='ocrx_word' id='word_1_181' title='bbox 1066 2777 1369 2870; x_wconf 88' lang='lat' dir='ltr'><strong>primum</strong></span> <span class='ocrx_word' id='word_1_182' title='bbox 1408 2777 1729 2852; x_wconf 81' lang='lat' dir='ltr'><strong>exhiberi</strong></span> <span class='ocrx_word' id='word_1_183' title='bbox 1784 2778 2087 2866; x_wconf 89' lang='lat' dir='ltr'><strong>volebat,</strong></span> <span class='ocrx_word' id='word_1_184' title='bbox 2128 2777 2614 2867; x_wconf 71' lang='lat' dir='ltr'><strong>cessantibus,</strong></span> <span class='ocrx_word' id='word_1_185' title='bbox 2669 2799 2795 2870; x_wconf 84' lang='lat' dir='ltr'><strong>pro</strong></span> <span class='ocrx_word' id='word_1_186' title='bbox 2834 2779 3026 2872; x_wconf 87' lang='lat' dir='ltr'><strong>Rege</strong></span> <span class='ocrx_word' id='word_1_187' title='bbox 3081 2781 3514 2869; x_wconf 87' lang='lat' dir='ltr'><strong>accepturos.</strong></span> 
     </span>
     <span class='ocr_line' id='line_1_20' title="bbox 424 2894 3514 2991; baseline 0.001 -25"><span class='ocrx_word' id='word_1_188' title='bbox 424 2895 505 2966; x_wconf 93' lang='lat' dir='ltr'><strong>In</strong></span> <span class='ocrx_word' id='word_1_189' title='bbox 560 2894 969 2968; x_wconf 89' lang='lat' dir='ltr'><strong>rebellionis</strong></span> <span class='ocrx_word' id='word_1_190' title='bbox 1026 2916 1301 2988; x_wconf 91' lang='lat' dir='ltr'><strong>quoque</strong></span> <span class='ocrx_word' id='word_1_191' title='bbox 1356 2898 1669 2991; x_wconf 89' lang='lat' dir='ltr'><strong>signum,</strong></span> <span class='ocrx_word' id='word_1_192' title='bbox 1729 2897 1997 2990; x_wconf 87' lang='lat' dir='ltr'><strong>singuli</strong></span> <span class='ocrx_word' id='word_1_193' title='bbox 2053 2917 2140 2970; x_wconf 85' lang='lat' dir='ltr'><strong>ex</strong></span> <span class='ocrx_word' id='word_1_194' title='bbox 2195 2897 2576 2970; x_wconf 87' lang='lat' dir='ltr'><strong>baronibus</strong></span> <span class='ocrx_word' id='word_1_195' title='bbox 2632 2897 3042 2986; x_wconf 88' lang='lat' dir='ltr'><strong>Bohemiae,</strong></span> <span class='ocrx_word' id='word_1_196' title='bbox 3111 2898 3514 2970; x_wconf 88' lang='lat' dir='ltr'><strong>sociotatem</strong></span> 
     </span>
     <span class='ocr_line' id='line_1_21' title="bbox 424 3014 3518 3110; baseline 0.001 -23"><span class='ocrx_word' id='word_1_197' title='bbox 424 3015 573 3088; x_wconf 89' lang='lat' dir='ltr'><strong>eius</strong></span> <span class='ocrx_word' id='word_1_198' title='bbox 630 3019 703 3087; x_wconf 88' lang='lat' dir='ltr'><strong>et</strong></span> <span class='ocrx_word' id='word_1_199' title='bbox 756 3014 1055 3086; x_wconf 88' lang='lat' dir='ltr'><strong>divisam</strong></span> <span class='ocrx_word' id='word_1_200' title='bbox 1112 3017 1445 3105; x_wconf 78' lang='lat' dir='ltr'><strong>ferenteS,</strong></span> <span class='ocrx_word' id='word_1_201' title='bbox 1502 3017 1879 3106; x_wconf 87' lang='lat' dir='ltr'><strong>abiiciunt,</strong></span> <span class='ocrx_word' id='word_1_202' title='bbox 1936 3021 2007 3090; x_wconf 82' lang='lat' dir='ltr'><strong>et</strong></span> <span class='ocrx_word' id='word_1_203' title='bbox 2043 3016 2410 3090; x_wconf 80' lang='lat' dir='ltr'><strong>draconem</strong></span> <span class='ocrx_word' id='word_1_204' title='bbox 2449 3037 2653 3090; x_wconf 88' lang='lat' dir='ltr'><strong>cruce</strong></span> <span class='ocrx_word' id='word_1_205' title='bbox 2706 3039 2917 3110; x_wconf 88' lang='lat' dir='ltr'><strong>super</strong></span> <span class='ocrx_word' id='word_1_206' title='bbox 2954 3021 3247 3091; x_wconf 82' lang='lat' dir='ltr'><strong>extensa</strong></span> <span class='ocrx_word' id='word_1_207' title='bbox 3285 3016 3518 3110; x_wconf 87' lang='lat' dir='ltr'><strong>signa-</strong></span> 
     </span>
     <span class='ocr_line' id='line_1_22' title="bbox 422 3135 3520 3230; baseline 0.001 -24"><span class='ocrx_word' id='word_1_208' title='bbox 422 3140 603 3223; x_wconf 91' lang='lat' dir='ltr'><strong>tum,</strong></span> <span class='ocrx_word' id='word_1_209' title='bbox 663 3154 833 3207; x_wconf 87' lang='lat' dir='ltr'><strong>suae</strong></span> <span class='ocrx_word' id='word_1_210' title='bbox 888 3135 1247 3210; x_wconf 88' lang='lat' dir='ltr'><strong>societatis</strong></span> <span class='ocrx_word' id='word_1_211' title='bbox 1304 3136 1601 3230; x_wconf 87' lang='lat' dir='ltr'><strong>insigne,</strong></span> <span class='ocrx_word' id='word_1_212' title='bbox 1660 3136 1797 3210; x_wconf 90' lang='lat' dir='ltr'><strong>sibi</strong></span> <span class='ocrx_word' id='word_1_213' title='bbox 1852 3135 1927 3210; x_wconf 92' lang='lat' dir='ltr'><strong>in</strong></span> <span class='ocrx_word' id='word_1_214' title='bbox 1960 3136 2370 3212; x_wconf 88' lang='lat' dir='ltr'><strong>rebellionis</strong></span> <span class='ocrx_word' id='word_1_215' title='bbox 2409 3136 2688 3230; x_wconf 88' lang='lat' dir='ltr'><strong>signum</strong></span> <span class='ocrx_word' id='word_1_216' title='bbox 2741 3136 3145 3228; x_wconf 88' lang='lat' dir='ltr'><strong>remittunt,</strong></span> <span class='ocrx_word' id='word_1_217' title='bbox 3201 3137 3520 3229; x_wconf 88' lang='lat' dir='ltr'><strong>plerique</strong></span> 
     </span>
     <span class='ocr_line' id='line_1_23' title="bbox 420 3255 3519 3350; baseline 0.001 -24"><span class='ocrx_word' id='word_1_218' title='bbox 420 3255 624 3327; x_wconf 88' lang='lat' dir='ltr'><strong>illum</strong></span> <span class='ocrx_word' id='word_1_219' title='bbox 681 3256 895 3328; x_wconf 87' lang='lat' dir='ltr'><strong>etiam</strong></span> <span class='ocrx_word' id='word_1_220' title='bbox 956 3276 1084 3347; x_wconf 89' lang='lat' dir='ltr'><strong>per</strong></span> <span class='ocrx_word' id='word_1_221' title='bbox 1133 3256 1380 3330; x_wconf 88' lang='lat' dir='ltr'><strong>literas</strong></span> <span class='ocrx_word' id='word_1_222' title='bbox 1442 3260 1767 3348; x_wconf 88' lang='lat' dir='ltr'><strong>patentes</strong></span> <span class='ocrx_word' id='word_1_223' title='bbox 1820 3256 2167 3330; x_wconf 86' lang='lat' dir='ltr'><strong>diffidant.</strong></span> <span class='ocrx_word' id='word_1_224' title='bbox 2243 3258 2483 3330; x_wconf 89' lang='lat' dir='ltr'><strong>Rebus</strong></span> <span class='ocrx_word' id='word_1_225' title='bbox 2537 3256 2650 3330; x_wconf 90' lang='lat' dir='ltr'><strong>his</strong></span> <span class='ocrx_word' id='word_1_226' title='bbox 2717 3255 3210 3350; x_wconf 87' lang='lat' dir='ltr'><strong>Sigismundus</strong></span> <span class='ocrx_word' id='word_1_227' title='bbox 3265 3257 3519 3329; x_wconf 90' lang='lat' dir='ltr'><strong>Roma-</strong></span> 
     </span>
     <span class='ocr_line' id='line_1_24' title="bbox 424 3374 3520 3469; baseline 0.001 -23"><span class='ocrx_word' id='word_1_228' title='bbox 424 3395 672 3447; x_wconf 85' lang='lat' dir='ltr'><strong>norum</strong></span> <span class='ocrx_word' id='word_1_229' title='bbox 729 3379 799 3448; x_wconf 91' lang='lat' dir='ltr'><strong>et</strong></span> <span class='ocrx_word' id='word_1_230' title='bbox 853 3375 1255 3469; x_wconf 89' lang='lat' dir='ltr'><strong>Hungariae</strong></span> <span class='ocrx_word' id='word_1_231' title='bbox 1290 3377 1447 3450; x_wconf 84' lang='lat' dir='ltr'><strong>Rex</strong></span> <span class='ocrx_word' id='word_1_232' title='bbox 1502 3397 1641 3449; x_wconf 93' lang='lat' dir='ltr'><strong>non</strong></span> <span class='ocrx_word' id='word_1_233' title='bbox 1680 3397 1883 3450; x_wconf 86' lang='lat' dir='ltr'><strong>secus</strong></span> <span class='ocrx_word' id='word_1_234' title='bbox 1922 3397 2130 3468; x_wconf 87' lang='lat' dir='ltr'><strong>quam</strong></span> <span class='ocrx_word' id='word_1_235' title='bbox 2165 3397 2296 3468; x_wconf 90' lang='lat' dir='ltr'><strong>par</strong></span> <span class='ocrx_word' id='word_1_236' title='bbox 2333 3381 2483 3450; x_wconf 90' lang='lat' dir='ltr'><strong>erat</strong></span> <span class='ocrx_word' id='word_1_237' title='bbox 2519 3381 2784 3466; x_wconf 89' lang='lat' dir='ltr'><strong>motus,</strong></span> <span class='ocrx_word' id='word_1_238' title='bbox 2841 3375 3192 3468; x_wconf 87' lang='lat' dir='ltr'><strong>frequenti</strong></span> <span class='ocrx_word' id='word_1_239' title='bbox 3247 3374 3520 3448; x_wconf 87' lang='lat' dir='ltr'><strong>Princi-</strong></span> 
     </span>
    </p>
   </div>
   <div class='ocr_carea' id='block_1_3' title="bbox 420 3494 3636 3588">
    <p class='ocr_par' dir='ltr' id='par_1_3' title="bbox 420 3494 3636 3588">
     <span class='ocr_line' id='line_1_25' title="bbox 420 3494 3636 3588; baseline 0 -21"><span class='ocrx_word' id='word_1_240' title='bbox 420 3516 587 3586; x_wconf 89' lang='lat' dir='ltr'><strong>pum</strong></span> <span class='ocrx_word' id='word_1_241' title='bbox 640 3494 1275 3569; x_wconf 88' lang='lat' dir='ltr'><strong>ecclesiasticorum</strong></span> <span class='ocrx_word' id='word_1_242' title='bbox 1332 3500 1403 3568; x_wconf 93' lang='lat' dir='ltr'><strong>et</strong></span> <span class='ocrx_word' id='word_1_243' title='bbox 1440 3496 1907 3570; x_wconf 87' lang='lat' dir='ltr'><strong>saecularium</strong></span> <span class='ocrx_word' id='word_1_244' title='bbox 1944 3495 2242 3569; x_wconf 88' lang='lat' dir='ltr'><strong>consilio</strong></span> <span class='ocrx_word' id='word_1_245' title='bbox 2277 3496 2648 3585; x_wconf 85' lang='lat' dir='ltr'><strong>advocate,</strong></span> <span class='ocrx_word' id='word_1_246' title='bbox 2707 3495 3224 3588; x_wconf 85' lang='lat' dir='ltr'><strong>expeditionem</strong></span> <span class='ocrx_word' id='word_1_247' title='bbox 3278 3500 3524 3570; x_wconf 86' lang='lat' dir='ltr'><strong>contra</strong></span> <span class='ocrx_word' id='word_1_248' title='bbox 3631 3529 3636 3532; x_wconf 95' lang='lat'>·</span> 
     </span>
    </p>
   </div>
   <div class='ocr_carea' id='block_1_4' title="bbox 414 3613 3524 4924">
    <p class='ocr_par' dir='ltr' id='par_1_4' title="bbox 414 3613 3524 4924">
     <span class='ocr_line' id='line_1_26' title="bbox 424 3613 3524 3708; baseline 0.001 -23"><span class='ocrx_word' id='word_1_249' title='bbox 424 3615 798 3688; x_wconf 86' lang='lat' dir='ltr'><strong>Bohemiae</strong></span> <span class='ocrx_word' id='word_1_250' title='bbox 851 3617 1172 3708; x_wconf 84' lang='lat' dir='ltr'><strong>Regnum</strong></span> <span class='ocrx_word' id='word_1_251' title='bbox 1237 3615 1546 3689; x_wconf 89' lang='lat' dir='ltr'><strong>decernit</strong></span> <span class='ocrx_word' id='word_1_252' title='bbox 1576 3613 1661 3704; x_wconf 80' lang='lat'><strong>³),</strong></span> <span class='ocrx_word' id='word_1_253' title='bbox 1740 3615 2109 3707; x_wconf 77' lang='lat' dir='ltr'><strong>Principes</strong></span> <span class='ocrx_word' id='word_1_254' title='bbox 2175 3636 2450 3708; x_wconf 90' lang='lat' dir='ltr'><strong>quoque</strong></span> <span class='ocrx_word' id='word_1_255' title='bbox 2514 3615 2936 3688; x_wconf 85' lang='lat' dir='ltr'><strong>Almanniae</strong></span> <span class='ocrx_word' id='word_1_256' title='bbox 2999 3621 3072 3688; x_wconf 89' lang='lat' dir='ltr'><strong>et</strong></span> <span class='ocrx_word' id='word_1_257' title='bbox 3127 3615 3396 3689; x_wconf 88' lang='lat' dir='ltr'><strong>Slesiao</strong></span> <span class='ocrx_word' id='word_1_258' title='bbox 3451 3621 3524 3688; x_wconf 89' lang='lat' dir='ltr'><strong>et</strong></span> 
     </span>
     <span class='ocr_line' id='line_1_27' title="bbox 421 3734 3515 3828; baseline 0 -22"><span class='ocrx_word' id='word_1_259' title='bbox 421 3734 593 3808; x_wconf 87' lang='lat' dir='ltr'><strong>alios</strong></span> <span class='ocrx_word' id='word_1_260' title='bbox 648 3734 726 3806; x_wconf 92' lang='lat' dir='ltr'><strong>in</strong></span> <span class='ocrx_word' id='word_1_261' title='bbox 780 3735 893 3806; x_wconf 90' lang='lat' dir='ltr'><strong>sui</strong></span> <span class='ocrx_word' id='word_1_262' title='bbox 947 3735 1279 3807; x_wconf 88' lang='lat' dir='ltr'><strong>solatium</strong></span> <span class='ocrx_word' id='word_1_263' title='bbox 1310 3736 1398 3825; x_wconf 83' lang='lat'><strong>⁴),</strong></span> <span class='ocrx_word' id='word_1_264' title='bbox 1464 3756 1590 3827; x_wconf 87' lang='lat' dir='ltr'><strong>pro</strong></span> <span class='ocrx_word' id='word_1_265' title='bbox 1655 3735 1923 3809; x_wconf 87' lang='lat' dir='ltr'><strong>aestate</strong></span> <span class='ocrx_word' id='word_1_266' title='bbox 1984 3735 2462 3826; x_wconf 88' lang='lat' dir='ltr'><strong>impendente,</strong></span> <span class='ocrx_word' id='word_1_267' title='bbox 2527 3755 2943 3828; x_wconf 83' lang='lat' dir='ltr'><strong>consurgere</strong></span> <span class='ocrx_word' id='word_1_268' title='bbox 3007 3735 3236 3824; x_wconf 89' lang='lat' dir='ltr'><strong>iubet,</strong></span> <span class='ocrx_word' id='word_1_269' title='bbox 3292 3735 3515 3808; x_wconf 91' lang='lat' dir='ltr'><strong>rebel-</strong></span> 
     </span>
     <span class='ocr_line' id='line_1_28' title="bbox 420 3854 3518 3948; baseline 0.001 -23"><span class='ocrx_word' id='word_1_270' title='bbox 420 3854 591 3927; x_wconf 87' lang='lat' dir='ltr'><strong>lium</strong></span> <span class='ocrx_word' id='word_1_271' title='bbox 648 3855 1116 3927; x_wconf 88' lang='lat' dir='ltr'><strong>Bohemorum</strong></span> <span class='ocrx_word' id='word_1_272' title='bbox 1169 3855 1675 3928; x_wconf 85' lang='lat' dir='ltr'><strong>contumaciam</strong></span> <span class='ocrx_word' id='word_1_273' title='bbox 1730 3855 1945 3929; x_wconf 88' lang='lat' dir='ltr'><strong>armis</strong></span> <span class='ocrx_word' id='word_1_274' title='bbox 2002 3857 2434 3930; x_wconf 87' lang='lat' dir='ltr'><strong>domaturus.</strong></span> <span class='ocrx_word' id='word_1_275' title='bbox 2510 3855 2777 3930; x_wconf 81' lang='lat' dir='ltr'><strong>Ozenko</strong></span> <span class='ocrx_word' id='word_1_276' title='bbox 2840 3856 2926 3929; x_wconf 91' lang='lat' dir='ltr'><strong>de</strong></span> <span class='ocrx_word' id='word_1_277' title='bbox 2980 3855 3518 3948; x_wconf 86' lang='lat' dir='ltr'><strong>Warthemberg</strong></span> 
     </span>
     <span class='ocr_line' id='line_1_29' title="bbox 420 3969 3516 4068; baseline 0.001 -23"><span class='ocrx_word' id='word_1_278' title='bbox 420 3975 599 4047; x_wconf 87' lang='lat' dir='ltr'><strong>arcis</strong></span> <span class='ocrx_word' id='word_1_279' title='bbox 664 3975 1043 4066; x_wconf 87' lang='lat' dir='ltr'><strong>Pragensis</strong></span> <span class='ocrx_word' id='word_1_280' title='bbox 1106 3975 1513 4066; x_wconf 87' lang='lat' dir='ltr'><strong>capitaneus</strong></span> <span class='ocrx_word' id='word_1_281' title='bbox 1530 4032 1547 4064; x_wconf 94' lang='lat'><strong>,</strong></span> <span class='ocrx_word' id='word_1_282' title='bbox 1620 3975 1953 4068; x_wconf 89' lang='lat' dir='ltr'><strong>praemiis</strong></span> <span class='ocrx_word' id='word_1_283' title='bbox 2016 3975 2336 4066; x_wconf 86' lang='lat' dir='ltr'><strong>illectus,</strong></span> <span class='ocrx_word' id='word_1_284' title='bbox 2409 3996 2568 4050; x_wconf 89' lang='lat' dir='ltr'><strong>cum</strong></span> <span class='ocrx_word' id='word_1_285' title='bbox 2629 3975 2925 4068; x_wconf 89' lang='lat' dir='ltr'><strong>reliquis</strong></span> <span class='ocrx_word' id='word_1_286' title='bbox 2997 3969 3374 4049; x_wconf 82' lang='lat' dir='ltr'><strong>baronibus</strong></span> <span class='ocrx_word' id='word_1_287' title='bbox 3447 3982 3516 4050; x_wconf 90' lang='lat' dir='ltr'><strong>et</strong></span> 
     </span>
     <span class='ocr_line' id='line_1_30' title="bbox 415 4093 3511 4188; baseline 0.001 -23"><span class='ocrx_word' id='word_1_288' title='bbox 415 4093 695 4166; x_wconf 84' lang='lat' dir='ltr'><strong>civibus</strong></span> <span class='ocrx_word' id='word_1_289' title='bbox 748 4093 1220 4186; x_wconf 82' lang='lat' dir='ltr'><strong>Pragensibus</strong></span> <span class='ocrx_word' id='word_1_290' title='bbox 1276 4095 1350 4167; x_wconf 94' lang='lat' dir='ltr'><strong>in</strong></span> <span class='ocrx_word' id='word_1_291' title='bbox 1405 4099 1633 4168; x_wconf 87' lang='lat' dir='ltr'><strong>totum</strong></span> <span class='ocrx_word' id='word_1_292' title='bbox 1686 4096 2008 4188; x_wconf 86' lang='lat' dir='ltr'><strong>Regnum</strong></span> <span class='ocrx_word' id='word_1_293' title='bbox 2062 4095 2392 4169; x_wconf 88' lang='lat' dir='ltr'><strong>mandata</strong></span> <span class='ocrx_word' id='word_1_294' title='bbox 2447 4096 2774 4188; x_wconf 89' lang='lat' dir='ltr'><strong>vulgant:</strong></span> <span class='ocrx_word' id='word_1_295' title='bbox 2830 4116 2920 4168; x_wconf 92' lang='lat' dir='ltr'><strong>ne</strong></span> <span class='ocrx_word' id='word_1_296' title='bbox 2956 4095 3308 4188; x_wconf 87' lang='lat' dir='ltr'><strong>quispiam</strong></span> <span class='ocrx_word' id='word_1_297' title='bbox 3361 4095 3511 4168; x_wconf 88' lang='lat' dir='ltr'><strong>adi·</strong></span> 
     </span>
     <span class='ocr_line' id='line_1_31' title="bbox 417 4212 3509 4308; baseline 0 -22"><span class='ocrx_word' id='word_1_298' title='bbox 417 4218 565 4286; x_wconf 91' lang='lat' dir='ltr'><strong>tum</strong></span> <span class='ocrx_word' id='word_1_299' title='bbox 606 4212 1053 4307; x_wconf 85' lang='lat' dir='ltr'><strong>Sigismundo</strong></span> <span class='ocrx_word' id='word_1_300' title='bbox 1088 4214 1474 4306; x_wconf 86' lang='lat' dir='ltr'><strong>praeberet,</strong></span> <span class='ocrx_word' id='word_1_301' title='bbox 1530 4216 1731 4288; x_wconf 87' lang='lat' dir='ltr'><strong>velut</strong></span> <span class='ocrx_word' id='word_1_302' title='bbox 1766 4215 2023 4288; x_wconf 85' lang='lat' dir='ltr'><strong>infesto</strong></span> <span class='ocrx_word' id='word_1_303' title='bbox 2063 4215 2474 4289; x_wconf 86' lang='lat' dir='ltr'><strong>Slavonicae</strong></span> <span class='ocrx_word' id='word_1_304' title='bbox 2504 4215 2568 4305; x_wconf 77' lang='lat'><strong>⁵)</strong></span> <span class='ocrx_word' id='word_1_305' title='bbox 2606 4215 2895 4308; x_wconf 90' lang='lat' dir='ltr'><strong>linguae</strong></span> <span class='ocrx_word' id='word_1_306' title='bbox 2928 4215 3152 4304; x_wconf 86' lang='lat' dir='ltr'><strong>hosti,</strong></span> <span class='ocrx_word' id='word_1_307' title='bbox 3210 4214 3336 4307; x_wconf 91' lang='lat' dir='ltr'><strong>qui</strong></span> <span class='ocrx_word' id='word_1_308' title='bbox 3369 4237 3509 4288; x_wconf 89' lang='lat' dir='ltr'><strong>non</strong></span> 
     </span>
     <span class='ocr_line' id='line_1_32' title="bbox 416 4315 3514 4428; baseline 0.001 -22"><span class='ocrx_word' id='word_1_309' title='bbox 416 4334 557 4407; x_wconf 89' lang='lat' dir='ltr'><strong>alia</strong></span> <span class='ocrx_word' id='word_1_310' title='bbox 610 4337 891 4407; x_wconf 90' lang='lat' dir='ltr'><strong>tenetur</strong></span> <span class='ocrx_word' id='word_1_311' title='bbox 944 4353 1139 4424; x_wconf 87' lang='lat' dir='ltr'><strong>cura,</strong></span> <span class='ocrx_word' id='word_1_312' title='bbox 1198 4355 1405 4426; x_wconf 88' lang='lat' dir='ltr'><strong>quam</strong></span> <span class='ocrx_word' id='word_1_313' title='bbox 1460 4335 1689 4428; x_wconf 90' lang='lat' dir='ltr'><strong>Regni</strong></span> <span class='ocrx_word' id='word_1_314' title='bbox 1744 4339 1816 4408; x_wconf 90' lang='lat' dir='ltr'><strong>et</strong></span> <span class='ocrx_word' id='word_1_315' title='bbox 1867 4335 2216 4428; x_wconf 89' lang='lat' dir='ltr'><strong>linguagii</strong></span> <span class='ocrx_word' id='word_1_316' title='bbox 2269 4335 2658 4428; x_wconf 63' lang='lat' dir='ltr'><strong>perdendi,</strong></span> <span class='ocrx_word' id='word_1_317' title='bbox 2719 4335 2842 4428; x_wconf 90' lang='lat' dir='ltr'><strong>qui</strong></span> <span class='ocrx_word' id='word_1_318' title='bbox 2895 4334 3274 4408; x_wconf 89' lang='lat' dir='ltr'><strong>Marchiam</strong></span> <span class='ocrx_word' id='word_1_319' title='bbox 3331 4315 3514 4408; x_wconf 85' lang='lat' dir='ltr'><strong>anti-</strong></span> 
     </span>
     <span class='ocr_line' id='line_1_33' title="bbox 414 4453 3514 4550; baseline 0.001 -26"><span class='ocrx_word' id='word_1_320' title='bbox 414 4475 623 4545; x_wconf 88' lang='lat' dir='ltr'><strong>quam</strong></span> <span class='ocrx_word' id='word_1_321' title='bbox 662 4453 1167 4526; x_wconf 79' lang='lat' dir='ltr'><strong>cruciferorum</strong></span> <span class='ocrx_word' id='word_1_322' title='bbox 1207 4454 1453 4528; x_wconf 89' lang='lat' dir='ltr'><strong>Ordini</strong></span> <span class='ocrx_word' id='word_1_323' title='bbox 1488 4454 1562 4528; x_wconf 91' lang='lat' dir='ltr'><strong>in</strong></span> <span class='ocrx_word' id='word_1_324' title='bbox 1598 4455 1856 4549; x_wconf 88' lang='lat' dir='ltr'><strong>pignus</strong></span> <span class='ocrx_word' id='word_1_325' title='bbox 1893 4455 2310 4549; x_wconf 90' lang='lat' dir='ltr'><strong>obligasset,</strong></span> <span class='ocrx_word' id='word_1_326' title='bbox 2351 4457 3047 4550; x_wconf 88' lang='lat' dir='ltr'><strong>Brandeburgensem</strong></span> <span class='ocrx_word' id='word_1_327' title='bbox 3084 4477 3126 4528; x_wconf 90' lang='lat' dir='ltr'><strong>a</strong></span> <span class='ocrx_word' id='word_1_328' title='bbox 3161 4456 3428 4528; x_wconf 85' lang='lat' dir='ltr'><strong>Corona</strong></span> <span class='ocrx_word' id='word_1_329' title='bbox 3449 4456 3514 4545; x_wconf 68' lang='grc' dir='ltr'><strong>θ)</strong></span> 
     </span>
     <span class='ocr_line' id='line_1_34' title="bbox 414 4573 3508 4670; baseline 0 -25"><span class='ocrx_word' id='word_1_330' title='bbox 414 4574 790 4648; x_wconf 87' lang='lat' dir='ltr'><strong>Bohemiae</strong></span> <span class='ocrx_word' id='word_1_331' title='bbox 823 4575 884 4664; x_wconf 81' lang='lat'><strong>⁷)</strong></span> <span class='ocrx_word' id='word_1_332' title='bbox 937 4573 1349 4664; x_wconf 83' lang='lat' dir='ltr'><strong>alienasset,</strong></span> <span class='ocrx_word' id='word_1_333' title='bbox 1416 4575 1800 4648; x_wconf 87' lang='lat' dir='ltr'><strong>Iohannem</strong></span> <span class='ocrx_word' id='word_1_334' title='bbox 1866 4575 2061 4648; x_wconf 90' lang='lat' dir='ltr'><strong>Huss</strong></span> <span class='ocrx_word' id='word_1_335' title='bbox 2126 4581 2197 4650; x_wconf 89' lang='lat' dir='ltr'><strong>et</strong></span> <span class='ocrx_word' id='word_1_336' title='bbox 2258 4577 2766 4670; x_wconf 76' lang='lat' dir='ltr'><strong>Hieronymum</strong></span> <span class='ocrx_word' id='word_1_337' title='bbox 2833 4577 2910 4648; x_wconf 90' lang='lat' dir='ltr'><strong>in</strong></span> <span class='ocrx_word' id='word_1_338' title='bbox 2973 4575 3280 4649; x_wconf 85' lang='lat' dir='ltr'><strong>Concilio</strong></span> <span class='ocrx_word' id='word_1_339' title='bbox 3336 4574 3508 4668; x_wconf 83' lang='lat' dir='ltr'><strong>Con-</strong></span> 
     </span>
     <span class='ocr_line' id='line_1_35' title="bbox 414 4693 3510 4802; baseline 0 -36"><span class='ocrx_word' id='word_1_340' title='bbox 414 4693 821 4782; x_wconf 89' lang='lat' dir='ltr'><strong>stantiensi‚</strong></span> <span class='ocrx_word' id='word_1_341' title='bbox 880 4694 955 4766; x_wconf 91' lang='lat' dir='ltr'><strong>in</strong></span> <span class='ocrx_word' id='word_1_342' title='bbox 993 4694 1289 4768; x_wconf 89' lang='lat' dir='ltr'><strong>dedecus</strong></span> <span class='ocrx_word' id='word_1_343' title='bbox 1328 4695 1635 4768; x_wconf 89' lang='lat' dir='ltr'><strong>nationis</strong></span> <span class='ocrx_word' id='word_1_344' title='bbox 1690 4696 2004 4769; x_wconf 88' lang='lat' dir='ltr'><strong>damnari</strong></span> <span class='ocrx_word' id='word_1_345' title='bbox 2060 4700 2131 4769; x_wconf 88' lang='lat' dir='ltr'><strong>et</strong></span> <span class='ocrx_word' id='word_1_346' title='bbox 2166 4698 2482 4802; x_wconf 84' lang='lat' dir='ltr'><strong>cremari,</strong></span> <span class='ocrx_word' id='word_1_347' title='bbox 2540 4699 3006 4790; x_wconf 87' lang='lat' dir='ltr'><strong>procurasset,</strong></span> <span class='ocrx_word' id='word_1_348' title='bbox 3065 4696 3390 4787; x_wconf 86' lang='lat' dir='ltr'><strong>dogmata</strong></span> <span class='ocrx_word' id='word_1_349' title='bbox 3418 4693 3510 4783; x_wconf 80' lang='lat'><strong>⁸),</strong></span> 
     </span>
     <span class='ocr_line' id='line_1_36' title="bbox 414 4815 2629 4924; baseline 0.002 -38"><span class='ocrx_word' id='word_1_350' title='bbox 414 4835 593 4907; x_wconf 87' lang='lat' dir='ltr'><strong>quae</strong></span> <span class='ocrx_word' id='word_1_351' title='bbox 628 4815 921 4889; x_wconf 89' lang='lat' dir='ltr'><strong>Bohemi</strong></span> <span class='ocrx_word' id='word_1_352' title='bbox 976 4821 1457 4907; x_wconf 88' lang='lat' dir='ltr'><strong>sequerentur,</strong></span> <span class='ocrx_word' id='word_1_353' title='bbox 1514 4815 1685 4924; x_wconf 83' lang='lat' dir='ltr'><strong>totis</strong></span> <span class='ocrx_word' id='word_1_354' title='bbox 1740 4816 2107 4890; x_wconf 88' lang='lat' dir='ltr'><strong>conatibus</strong></span> <span class='ocrx_word' id='word_1_355' title='bbox 2161 4817 2629 4912; x_wconf 86' lang='lat' dir='ltr'><strong>impugnaret.</strong></span> 
     </span>
    </p>
   </div>
   <div class='ocr_carea' id='block_1_5' title="bbox 418 5069 3513 5394">
    <p class='ocr_par' dir='ltr' id='par_1_5' title="bbox 418 5069 3513 5394">
     <span class='ocr_line' id='line_1_37' title="bbox 628 5069 3513 5190; baseline -0.001 -22"><span class='ocrx_word' id='word_1_356' title='bbox 628 5106 673 5186; x_wconf 89' lang='lat'><strong>¹)</strong></span> <span class='ocrx_word' id='word_1_357' title='bbox 720 5069 983 5185; x_wconf 76' lang='lat' dir='ltr'><strong>iniquam</strong></span> <span class='ocrx_word' id='word_1_358' title='bbox 1032 5102 1183 5170; x_wconf 80' lang='lat' dir='ltr'><strong>Cod.</strong></span> <span class='ocrx_word' id='word_1_359' title='bbox 1219 5099 1397 5170; x_wconf 82' lang='lat' dir='ltr'><strong>Calv.</strong></span> <span class='ocrx_word' id='word_1_360' title='bbox 1443 5109 1755 5168; x_wconf 83' lang='lat' dir='ltr'><strong>maximam</strong></span> <span class='ocrx_word' id='word_1_361' title='bbox 1785 5105 1911 5170; x_wconf 78' lang='lat' dir='ltr'><strong>Ed.</strong></span> <span class='ocrx_word' id='word_1_362' title='bbox 1944 5104 2126 5190; x_wconf 80' lang='lat' dir='ltr'><strong>Lips.</strong></span> <span class='ocrx_word' id='word_1_363' title='bbox 2178 5103 2226 5187; x_wconf 82' lang='lat'><strong>²)</strong></span> <span class='ocrx_word' id='word_1_364' title='bbox 2276 5102 2702 5184; x_wconf 81' lang='lat' dir='ltr'><strong>amplificantes</strong></span> <span class='ocrx_word' id='word_1_365' title='bbox 2737 5101 2888 5169; x_wconf 82' lang='lat' dir='ltr'><strong>Cod.</strong></span> <span class='ocrx_word' id='word_1_366' title='bbox 2925 5100 3102 5168; x_wconf 81' lang='lat' dir='ltr'><strong>Calv.</strong></span> <span class='ocrx_word' id='word_1_367' title='bbox 3151 5103 3200 5186; x_wconf 82' lang='lat'><strong>³)</strong></span> <span class='ocrx_word' id='word_1_368' title='bbox 3250 5105 3513 5168; x_wconf 83' lang='lat' dir='ltr'><strong>decrevit</strong></span> 
     </span>
     <span class='ocr_line' id='line_1_38' title="bbox 418 5203 3509 5291; baseline 0 -20"><span class='ocrx_word' id='word_1_369' title='bbox 418 5205 571 5272; x_wconf 79' lang='lat' dir='ltr'><strong>cod.</strong></span> <span class='ocrx_word' id='word_1_370' title='bbox 616 5207 805 5272; x_wconf 81' lang='lat' dir='ltr'><strong>Rozr.</strong></span> <span class='ocrx_word' id='word_1_371' title='bbox 853 5208 909 5290; x_wconf 83' lang='lat'><strong>⁴)</strong></span> <span class='ocrx_word' id='word_1_372' title='bbox 954 5211 1233 5271; x_wconf 82' lang='lat' dir='ltr'><strong>auxilium</strong></span> <span class='ocrx_word' id='word_1_373' title='bbox 1284 5206 1435 5274; x_wconf 78' lang='lat' dir='ltr'><strong>cod.</strong></span> <span class='ocrx_word' id='word_1_374' title='bbox 1467 5207 1659 5272; x_wconf 81' lang='lat' dir='ltr'><strong>Rozr.</strong></span> <span class='ocrx_word' id='word_1_375' title='bbox 1710 5207 1761 5290; x_wconf 75' lang='lat'><strong>⁵)</strong></span> <span class='ocrx_word' id='word_1_376' title='bbox 1811 5211 2196 5271; x_wconf 84' lang='lat' dir='ltr'><strong>Sclavenicae</strong></span> <span class='ocrx_word' id='word_1_377' title='bbox 2244 5205 2395 5272; x_wconf 68' lang='lat' dir='ltr'><strong>(lod.</strong></span> <span class='ocrx_word' id='word_1_378' title='bbox 2451 5207 2644 5271; x_wconf 79' lang='lat' dir='ltr'><strong>Rozr.</strong></span> <span class='ocrx_word' id='word_1_379' title='bbox 2692 5205 2749 5291; x_wconf 80' lang='lat'><strong>⁰)</strong></span> <span class='ocrx_word' id='word_1_380' title='bbox 2797 5227 2834 5270; x_wconf 87' lang='lat' dir='ltr'><strong>a</strong></span> <span class='ocrx_word' id='word_1_381' title='bbox 2876 5211 3082 5286; x_wconf 84' lang='lat' dir='ltr'><strong>Regno</strong></span> <span class='ocrx_word' id='word_1_382' title='bbox 3131 5203 3283 5270; x_wconf 75' lang='lat' dir='ltr'><strong>cod.</strong></span> <span class='ocrx_word' id='word_1_383' title='bbox 3316 5207 3509 5272; x_wconf 80' lang='lat' dir='ltr'><strong>Roz-r.</strong></span> 
     </span>
     <span class='ocr_line' id='line_1_39' title="bbox 419 5307 2386 5394; baseline 0.002 -22"><span class='ocrx_word' id='word_1_384' title='bbox 419 5311 471 5389; x_wconf 81' lang='lat'><strong>⁷)</strong></span> <span class='ocrx_word' id='word_1_385' title='bbox 520 5313 855 5390; x_wconf 78' lang='lat' dir='ltr'><strong>Hungariae</strong></span> <span class='ocrx_word' id='word_1_386' title='bbox 906 5307 1058 5375; x_wconf 83' lang='lat' dir='ltr'><strong>Cod.</strong></span> <span class='ocrx_word' id='word_1_387' title='bbox 1105 5311 1282 5375; x_wconf 77' lang='lat' dir='ltr'><strong>Kost.</strong></span> <span class='ocrx_word' id='word_1_388' title='bbox 1333 5312 1384 5394; x_wconf 79' lang='lat'><strong>⁸)</strong></span> <span class='ocrx_word' id='word_1_389' title='bbox 1430 5320 1489 5374; x_wconf 85' lang='lat' dir='ltr'><strong>et</strong></span> <span class='ocrx_word' id='word_1_390' title='bbox 1534 5315 1635 5390; x_wconf 88' lang='lat' dir='ltr'><strong>qui</strong></span> <span class='ocrx_word' id='word_1_391' title='bbox 1668 5315 1947 5390; x_wconf 86' lang='lat' dir='ltr'><strong>dogmata</strong></span> <span class='ocrx_word' id='word_1_392' title='bbox 1995 5308 2147 5375; x_wconf 78' lang='lat' dir='ltr'><strong>Cod.</strong></span> <span class='ocrx_word' id='word_1_393' title='bbox 2194 5310 2386 5376; x_wconf 80' lang='lat' dir='ltr'><strong>Rozr.</strong></span> 
     </span>
    </p>
   </div>
  </div>
 </body>
</html>
