4342 6384
437 745 796 837 divogium
833 744 919 817 de
955 744 1288 836 Ostrorog
1322 744 1716 835 palatinum
1753 742 2332 830 Posnaniensem,
2372 742 2821 816 transmittit.
2883 742 3101 833 Quam
3140 743 3525 835 ingressuS,

438 864 769 955 oppidum
836 863 905 935 N
909 884 1050 935 owe
1113 863 1496 955 conquirit,
1564 867 1796 935 vastat
1850 866 1919 934 et
1972 862 2317 949 incendit3
2384 860 2713 935 universa
2778 860 3027 935 deinde
3092 862 3527 949 Pomerania,

437 982 949 1073 conquisitione
1003 987 1389 1054 castrorum
1445 987 1516 1055 61
1569 982 1939 1055 civitatum
1992 980 2393 1068 hostilium,
2470 985 2539 1053 et
2594 1000 2769 1072 quae
2823 981 3247 1071 defecerant,
3312 982 3528 1054 inter-

397 1104 684 1191 ‘missa,
743 1102 817 1173 in
873 1103 1158 1193 longum
1214 1105 1285 1174 et
1337 1101 1562 1173 latum
1617 1100 1868 1191 spoliis
1925 1102 1996 1171 61
2041 1100 2387 1173 incendiis
2425 1104 2871 1191 pervastata,
2929 1099 3093 1173 dum
3129 1101 3366 1174 hostes
3403 1122 3530 1191 pu-

439 1220 697 1313 gnandi
752 1220 1024 1313 copiam
1079 1241 1218 1292 non
1273 1221 1609 1308 facerent,
1668 1222 1963 1292 onustus
2020 1224 2090 1291 et
2141 1219 2378 1311 gravis
2440 1219 2825 1292 hostilibus
2893 1220 3173 1313 spoliis,
3230 1220 3317 1292 ad
3371 1240 3529 1311 pro·

441 1341 596 1433 pria
665 1340 1042 1413 incolumis
1116 1340 1348 1412 rediit.
1423 1340 1592 1412 Cum
1665 1342 1897 1411 autem
1970 1338 2319 1411 hibernali
2392 1340 2578 1412 bello
2653 1362 2815 1431 pars
2890 1346 3186 1433 utraque
3263 1341 3531 1412 lassata

445 1460 797 1551 quiescere
863 1463 1165 1551 optaret,
1231 1462 1516 1551 treugas
1563 1440 1934 1550 'interponi
1997 1458 2289 1549 placuit.
2359 1459 2471 1530 Ad
2536 1480 2709 1550 quas
2776 1460 3315 1553 componendas,
3376 1480 3532 1531 cum

445 1580 696 1651 Petrus
754 1579 1279 1671 Schaffranyecz
1346 1579 1894 1652 succamerarius
1967 1578 2447 1651 Cracoviensis
2520 1579 2595 1650 in
2658 1580 2939 1651 Thorun
3000 1580 3294 1666 missuS,
3370 1578 3534 1649 illas

447 1700 776 1771 conficere
827 1699 1182 1789 nequiret,
1239 1719 1364 1788 pro
1419 1698 1530 1771 die
1586 1703 1820 1771 tamen
1875 1697 2361 1788 conceptionis
2420 1698 2716 1771 Sanctae
2758 1700 3019 1772 Mariae
3054 1698 3403 1792 VirginiS,
3460 1698 3535 1769 in

447 1818 695 1909 oppido
733 1817 1142 1891 Raczansch
1177 1820 1232 1907 ¹)
1289 1822 1707 1891 conventum
1745 1817 1963 1911 Regis
2002 1822 2072 1892 et
2109 1816 2465 1910 Magistri,
2504 1839 2628 1909 pro
2668 1818 3110 1892 stabiliendis
3148 1816 3415 1911 treugis
3445 1814 3533 1906 2),

457 1942 528 2009 61
581 1938 856 2011 ordinat
911 1942 982 2010 et
1033 1937 1304 2010 indicit.

449 2288 765 2359 Stiborius
808 2287 890 2358 116
936 2288 1360 2373 Stiborzieze,
1407 2290 1516 2378 qui
1553 2288 1736 2359 iussu
1765 2288 1960 2377 Regis
2003 2288 2392 2377 Hungariae,
2445 2289 2512 2359 in
2556 2288 2882 2360 roloniam
2936 2289 3291 2378 irruptione
3336 2290 3542 2375 facta,

451 2408 752 2496 oppidum
797 2407 1051 2478 Veteris
1096 2406 1383 2479 Sandecz
1431 2409 1499 2478 et
1543 2408 1910 2478 suburbana
1953 2407 2169 2479 Novae
2216 2407 2503 2479 Sandecz
2549 2425 2625 2479 ao
2657 2408 2905 2498 aliquot
2935 2425 3139 2497 pagos
3174 2410 3543 2493 exusserat,

788 2542 1024 2614 magna
1070 2528 1258 2615 parte
1303 2520 1633 2598 exercitus
1679 2526 1780 2596 sui
1825 2526 2095 2611 amissa,
2143 2544 2335 2615 aegre
2380 2526 2634 2615 aufugit
2679 2527 2749 2597 in
2793 2526 3197 2615 Hungariam.

430 534 565 639 (Α.
604 532 694 613 D.
735 532 966 637 1410.)
1251 632 1258 639 ³
1590 556 1815 611 LIBER
1866 552 2322 611 111111116111116.
3376 536 3518 609 111

663 2770 808 2842 Sub
846 2768 1029 2842 idem
1074 2774 1350 2861 tempus
1389 2769 1742 2843 Stiborius
1779 2770 1865 2843 de
1903 2769 2330 2843 Stiborzicze
2385 2769 2931 2861 Transylvaniae
2966 2770 3337 2844 Palatinus
3380 2792 3542 2844 cum

459 2887 822 2962 duodecim
860 2889 1212 2962 banderiis
1247 2889 1566 2982 gentium
1604 2889 2041 2982 Sigismundi
2077 2889 2483 2982 Hungariae
2521 2890 2771 2982 RegiS,
2831 2911 2917 2963 ex
2973 2889 3340 2979 Bohemis,
3400 2892 3545 2963 Mo-

67 3011 70 3072 l
453 3008 646 3080 ravis
713 3013 784 3079 et
847 3008 1300 3081 Australibus
1371 3010 1820 3081 collectarum
1886 3009 2240 3100 (Hungari
2314 3009 2660 3100 siquidem
2734 3010 3066 3098 foederis,
3147 3011 3331 3101 quod
3396 3009 3544 3082 illis

457 3148 615 3199 cum
670 3127 958 3200 Polonis
1013 3128 1214 3219 quasi
1269 3130 1787 3201 sacrosanctum
1826 3132 1896 3201 et
1935 3127 2433 3219 sempiternum
2489 3134 2630 3217 est,
2688 3150 3058 3218 memoreS,
3098 3150 3322 3221 neque
3362 3129 3541 3221 cogi,

459 3267 684 3337 neque
737 3246 987 3338 perlici
1041 3247 1117 3318 in
1174 3268 1364 3319 arma
1415 3250 1771 3338 poterant)
1827 3250 1998 3319 fines
2037 3248 2264 3338 Regni
2302 3247 2669 3336 Poloniae,
2726 3269 2850 3340 per
2888 3248 3429 3321 Schramowicze
3460 3246 3547 3336 ³),

459 3366 792 3457 gentibus
845 3365 1060 3459 regiis
1115 3387 1292 3458 qnae
1355 3366 1630 3438 Novam
1695 3365 2002 3438 Sandecz
2070 3367 2567 3455 observabant,
2632 3367 2865 3439 taedio
2924 3372 2993 3440 et
3046 3370 3254 3461 longa
3318 3367 3555 3459 quiete

459 3485 536 3555 in
598 3485 802 3557 aedes
855 3486 1171 3577 proprias
1226 3485 1555 3575 dilapsis,
1614 3484 2038 3577 ingreditur,
2100 3490 2172 3559 et
2226 3485 2558 3577 oppidum
2595 3486 2872 3559 Veteris
2912 3486 3251 3575 Sandecz,
3308 3486 3552 3560 Novae

389 3698 404 3707 ·
463 3625 628 3676 vero
683 3605 1095 3677 suburbium
1157 3626 1315 3677 cum
1379 3606 1652 3696 aliquot
1712 3604 1910 3677 villis
1976 3626 2275 3678 exurens
2331 3610 2400 3678 et
2454 3605 2799 3697 spolianS,
2866 3604 3082 3678 citato
3154 3606 3427 3697 agmine
3480 3605 3555 3677 in

465 3723 902 3815 Hungariam
955 3744 1079 3815 per
1131 3724 1422 3795 fluvium
1479 3725 1789 3816 Poproth
1841 3746 2086 3797 versus
2143 3724 2531 3796 Mussinam
2586 3724 2704 3797 via
2758 3728 3123 3797 montuosa
3172 3728 3242 3798 et
3280 3724 3555 3797 difficili

462 3843 1006 3933 regrediebatur.
1073 3843 1238 3915 Ideo
1303 3849 1537 3917 autem
1602 3844 2096 3937 sigismundus
2160 3844 2567 3935 Hungariae
2621 3845 2779 3917 Rex
2834 3842 3270 3917 invasionem
3326 3842 3554 3935 Regni
3686 3878 3694 3887 ·

465 3963 802 4034 Poloniae
864 3984 988 4053 1161
1051 3962 1436 4035 Stiborium
1500 3962 1653 4035 fieri
1716 3967 2242 4054 procuraverat,
2308 3966 2390 4034 ut
2442 3984 2565 4055 pro
2625 3962 3087 4055 quadraginta
3140 3962 3555 4036 florenorum

466 4082 786 4154 millibus
841 4102 882 4152 a
935 4081 1272 4173 Magistro
1311 4086 1382 4153 et
1418 4082 1673 4154 Ordine
1717 4082 2055 4173 receptis,
2117 4082 2502 4155 declararet
2550 4102 2624 4154 se
2671 4102 2838 4154 suae
2894 4080 3318 4154 diffidationi
3374 4080 3553 4172 Regi

469 4206 540 4273 et
593 4202 836 4292 Regno
889 4200 1224 4273 Poloniae
1263 4202 1516 4290 factae,
1576 4200 2034 4288 satisfecisse,
2093 4205 2164 4273 et
2194 4201 2257 4289 ⁴)
2312 4201 2649 4293 Magistro
2690 4204 2759 4273 et
2796 4200 3070 4289 Ordini,
3130 4221 3287 4273 eum
3321 4200 3381 4289 ⁵)
3437 4221 3553 4273 ve-

465 4322 830 4393 hementer
889 4340 1013 4412 pro
1076 4319 1476 4393 defensione
1504 4320 1568 4410 6)
1624 4324 1693 4394 61
1765 4320 1839 4392 111
1903 4319 2131 4412 Regni
2196 4320 2529 4392 Poloniae
2590 4319 3059 4392 hostilitatem
3124 4320 3556 4392 stimulanti-

468 4440 602 4512 bus
633 4442 717 4530 7),
779 4439 1176 4512 661611116161
1229 4460 1302 4511 66
1359 4460 1486 4511 sua
1538 4438 2050 4531 pollicitatione
2114 4438 2473 4511 duodecim
2536 4440 3063 4527 banderiorum,
3132 4443 3373 4510 contra
3422 4439 3559 4509 Po-

473 4561 704 4633 loniae
758 4561 1080 4651 Regnum
1145 4558 1589 4649 expeditione
1654 4559 2097 4650 perfunctum
2160 4578 2337 4629 esse.
2393 4557 2554 4630 Non
2608 4558 2779 4630 tulit
2833 4562 3065 4630 autem
3118 4576 3289 4648 gens
3342 4556 3557 4647 regia,

481 4681 566 4752 ad
618 4679 953 4753 tuendum
1007 4679 1182 4750 fines
1236 4677 1464 4769 Regni
1516 4677 1800 4765 relicta,
1857 4677 1930 4749 id
1983 4678 2344 4768 probrum,
2401 4678 2716 4769 hancque
2770 4676 3136 4749 iniuriam:
3196 4677 3317 4748 sed
3362 4696 3557 4766 prae-

481 4799 679 4891 cipiti
715 4819 1055 4871 concursu
1093 4796 1542 4884 conveniens,
1601 4795 1984 4868 Stiborium
2022 4800 2092 4867 et
2129 4793 2282 4867 eius
2321 4796 2703 4868 exercitum
2745 4797 3186 4887 sequebatur.
3241 4796 3562 4866 Fuerunt

485 4924 711 4991 autem
765 4918 842 4989 in
894 4920 1100 5009 gente
1154 4914 1558 5007 Hungarica
1583 4914 1646 5004 ⁸)
1700 4914 1777 4986 hi
1829 4914 2287 5007 principales:
2357 4914 2707 4987 Stiborius
2772 4913 3138 5007 Agriensis
3193 4912 3562 5005 episcopus

697 5208 743 5287 ¹)
786 5208 1040 5268 Racziaz
1089 5200 1240 5268 Cod.
1287 5200 1464 5265 Kost.
1528 5200 1583 5283 ²)
1626 5222 1734 5279 pro
1779 5204 2205 5291 constituendis
2250 5209 2310 5264 et
2354 5204 2723 5265 stabiliendis
2782 5203 3067 5264 eiusmodi
3124 5204 3351 5278 treugis
3414 5197 3566 5264 Cod.

67 5305 70 5430 1
487 5308 675 5373 Rozr.
724 5310 778 5389 ³)
824 5312 1266 5385 Srzamowycze
1313 5300 1465 5368 Cod.
1516 5300 1692 5367 Calv.
1743 5302 1795 5385 ⁴)
1841 5312 1900 5366 et
1941 5312 2008 5365 ut
2061 5303 2215 5367 eod.
2260 5303 2452 5367 Rozr.
2505 5303 2553 5385 5)
2603 5307 2703 5381 qui
2750 5324 2886 5366 eum
2932 5300 3085 5366 cod.
3134 5302 3325 5367 Rozr.
3374 5302 3427 5384 ⁸)
3460 5324 3568 5381 pro

493 5414 828 5474 defensione
873 5430 984 5472 sua
1030 5406 1180 5473 Cod.
1226 5408 1420 5474 Rozr.
1471 5409 1522 5491 ⁷)
1571 5412 1953 5472 stimulabant
1999 5406 2150 5473 God.
2197 5408 2387 5473 Rorz.
2438 5408 2493 5493 ⁸)
2538 5412 2599 5470 in
2642 5414 2819 5486 gente
2862 5411 3029 5486 regia
3074 5404 3226 5472 God.
3276 5403 3454 5471 Galv.
