4342 6384
990 603 1141 678 420
2184 623 2412 675 amun
2462 620 2923 674 monemus.
3527 593 3662 697 (Α.
3702 595 3793 672 D.
3832 595 4085 696 1430.)

1209 807 1596 897 „Martinus
1649 806 2074 899 Episcopus,
2131 828 2378 880 servus
2434 826 2793 879 servorum
2844 803 3011 893 Dei,
3070 803 3445 878 Carissimo
3500 802 3577 876 in
3620 802 3901 876 Christo
3938 803 4083 876 filio

1006 927 1438 1017 „wladislao
1493 926 1828 999 Poloniae
1882 925 2063 1020 Regi
2115 926 2419 1014 illustri,
2484 927 2784 1000 salutem
2850 931 2922 997 et
2984 923 3443 1015 apostolicam
3504 923 4081 996 benedictionem.

1003 1045 1539 1139 „Superioribus
1593 1045 1876 1135 diebus,
1942 1047 2144 1119 corde
2210 1047 2561 1118 fueramus
2616 1044 2896 1133 afflicti,
2962 1043 3399 1132 dubitantes,
3465 1064 3553 1116 ne
3606 1042 3901 1116 ambitio
3954 1044 4081 1116 hu-

1001 1186 1250 1258 „mana
1303 1165 1596 1238 celebris
1661 1165 2034 1238 memoriae
2110 1167 2393 1239 fratrem
2460 1167 2664 1236 tuum
2718 1164 3201 1238 Alexandrum
3265 1165 3530 1236 Ducem
3584 1162 3915 1257 Magnum
3968 1163 4086 1240 Li·

1002 1285 1401 1375 „thuaniae,
1459 1283 1846 1375 cupiditate
1899 1304 2190 1356 coronae
2244 1283 2536 1376 regaliS,
2594 1283 2901 1356 alienum
2938 1284 2993 1372 1)
3052 1284 3309 1356 faceret
3362 1284 3434 1354 et
3488 1287 3845 1373 separaret
3896 1303 3941 1354 a
3992 1287 4083 1355 te.

1003 1405 1251 1495 „Nunc
1315 1409 1547 1477 autem
1621 1403 1998 1495 affligimur
2062 1407 2132 1476 et
2198 1404 2544 1491 dolemus,
2622 1403 2805 1494 quod
2868 1422 3054 1474 mors
3127 1401 3267 1474 iam
3327 1401 3861 1474 reconciliatum
3930 1423 4087 1476 cum

1003 1523 1436 1615 „serenitate
1497 1527 1620 1595 tua
1692 1523 1766 1594 in
1827 1529 2243 1615 perpetuum
2307 1522 2684 1615 separavit.
2768 1523 2907 1596 Sed
2968 1522 3044 1594 in
3105 1523 3237 1594 hoc
3300 1524 3573 1594 nosmet
3635 1520 3828 1611 ipsos
3892 1525 3965 1594 et
4014 1527 4087 1594 te

1003 1643 1491 1734 „consolamur
1543 1642 1619 1714 in
1657 1642 1983 1731 Domino,
2040 1644 2223 1735 quod
2277 1643 2681 1716 huiusmodi
2720 1642 3067 1734 separatio
3120 1642 3275 1735 lege
3311 1645 3635 1728 naturae,
3693 1661 3873 1732 quae
3908 1661 4085 1713 mor-

1003 1763 1310 1854 „talibus
1377 1762 1698 1835 omnibus
1772 1763 2027 1835 statuit
2091 1763 2524 1837 moriendum
2578 1783 2764 1852 esse,
2839 1784 2978 1835 non
3042 1761 3422 1834 ambitione
3494 1764 3567 1833 et
3626 1760 4085 1854 instigatione

1005 1883 1415 1974 „malevola‚
1474 1886 1544 1955 et
1573 1881 1635 1972 2)
1702 1882 1854 1955 sine
1914 1887 2197 1974 peccato
2264 1903 2389 1955 suo
2454 1882 2735 1957 accidit.
2794 1883 2982 1954 Ante
3049 1881 3267 1970 enim,
3325 1901 3535 1972 quam
3597 1885 3921 1972 peccaret
3971 1880 4089 1952 ad·

1005 2023 1292 2092 „versus
1365 2006 1436 2074 te
1501 2002 1829 2075 seductus
1895 2002 2075 2074 malo
2141 2002 2467 2091 consilio,
2532 2002 2744 2075 rediit
2808 2005 3040 2074 tecum
3104 2001 3180 2074 in
3230 1998 3561 2092 gratiam,
3630 2003 3701 2072 et
3754 1998 4089 2072 transivit

1005 2121 1137 2212 „ad
1192 2121 1707 2212 suscipiendam
1759 2141 2078 2193 coronam
2131 2141 2258 2212 pro
2312 2121 2583 2194 meritis
2640 2121 2823 2210 suis,
2878 2143 3019 2192 non
3072 2119 3632 2211 corruptibilem,
3688 2119 3811 2192 sed
3864 2124 4087 2192 aeter-

1006 2262 1240 2331 „nam‚
1296 2261 1421 2331 per
1470 2239 1770 2332 gratiam
1823 2261 1961 2311 non
2015 2241 2365 2328 mortalis,
2425 2241 2547 2313 sed
2584 2240 3037 2332 Imperatoris
3092 2239 3389 2312 aeterni:
3448 2239 3633 2330 quod
3670 2239 4091 2330 sperandum

1007 2365 1159 2450 „est
1213 2380 1302 2432 ex
1356 2360 1508 2432 eius
1561 2359 1763 2432 bonis
1827 2364 1899 2432 et
1952 2360 2163 2433 iustis
2228 2361 2587 2452 operibus,
2655 2380 2831 2453 quae
2886 2360 3052 2433 fecit
3116 2358 3191 2430 in
3245 2358 3427 2446 vita,
3495 2358 3911 2449 praesertim
3966 2380 4088 2450 pro

1007 2479 1590 2571 „amplificatione
1643 2479 1807 2551 fidei
1861 2479 2321 2569 christianae,
2378 2480 2454 2552 in
2508 2501 2647 2572 qua
2698 2501 2839 2552 una
2873 2500 3041 2553 vera
3096 2478 3289 2550 salus
3342 2477 3658 2550 fidelium
3710 2478 4085 2569 reperitur.

1009 2600 1296 2691 „Quare
1329 2599 1436 2671 fili
1488 2598 1882 2688 carissime,
1938 2600 2014 2671 in
2050 2602 2182 2672 hac
2236 2621 2357 2691 spe
2419 2601 2778 2673 consolare
2830 2598 3140 2672 animum
3176 2603 3409 2686 tuum,
3466 2618 3591 2688 pro
3629 2601 3852 2670 morte
3906 2597 4091 2670 tanti

1002 2718 1396 2810 „Principis
1463 2723 1532 2792 et
1561 2716 1624 2808 ³)
1697 2717 1841 2791 cari
1905 2719 2144 2792 fratris
2208 2719 2579 2808 afflictum,
2647 2720 2814 2810 quia
2866 2718 3004 2793 sibi
3055 2717 3365 2811 reposita
3418 2721 3527 2789 est
3588 2715 3663 2788 in
3726 2717 3922 2791 coelo
3980 2717 4083 2790 vi-

1003 2839 1305 2930 „ctoriae
1358 2831 1610 2911 corona
1636 2837 1725 2926 4),
1791 2837 1880 2910 ad
1935 2859 2143 2929 quam
2195 2839 2477 2911 vocavit
2539 2859 2695 2911 eum
2752 2837 3127 2926 Dominae,
3192 2857 3484 2910 coronae
3538 2835 3858 2908 mortalis
3925 2835 4090 2909 affe-

1006 2958 1277 3048 „ctione
1331 2957 1678 3048 deposita3
1735 2961 1805 3029 et
1859 2957 2074 3047 quod,
2132 2945 2505 3050 antequam
2561 2979 2649 3031 ex
2701 2959 2832 3030 hac
2878 2957 3029 3029 vita
3058 2955 3119 3047 5)
3175 2955 3595 3043 discederet,
3652 2955 3889 3047 ipsum
3948 2977 4089 3028 am-

1007 3079 1302 3169 „plexus
1340 3078 1409 3150 et
1445 3076 1796 3149 allocutus
1832 3096 1907 3148 es
1961 3077 2240 3170 saepius
2278 3077 2571 3151 caritate
2626 3078 2963 3166 fraterna,
3022 3079 3370 3168 pestremo
3407 3075 3559 3166 ipse
3596 3074 3728 3147 tibi
3758 3075 4087 3163 morienS,

1010 3201 1135 3288 „ut
1189 3195 1535 3284 debitum,
1595 3196 1810 3268 frater
1861 3196 2096 3284 fratri,
2156 3200 2420 3269 statum
2476 3197 2650 3286 eius,
2710 3196 3029 3269 subditos
3084 3202 3155 3268 et
3192 3194 3498 3267 dominia
3553 3195 4087 3268 commendavit.

1011 3316 1277 3408 „Nemo
1334 3319 1600 3404 autem,
1659 3335 1738 3387 eo
1793 3315 1982 3387 Duce
2038 3315 2349 3406 sublato,
2416 3337 2623 3408 quem
2676 3321 2907 3388 tecum
2960 3314 3361 3388 unanimem
3425 3319 3637 3405 atque
3689 3319 4091 3406 promptum

1009 3434 1505 3527 „cupiebamus
1562 3435 1737 3523 fore,
1795 3434 1882 3505 ad
1937 3434 2449 3526 suscipiendam
2505 3435 2971 3509 defensionem
3025 3435 3189 3509 fidei
3234 3433 3621 3507 catholicae
3674 3439 3921 3506 contra
3956 3435 4087 3506 Bo·

1009 3556 1288 3644 „homos
1342 3553 1762 3640 haereticoS,
1819 3553 1906 3624 ad
1943 3558 2014 3626 te
2051 3576 2271 3626 unum
2325 3574 2607 3627 necesse
2644 3561 2753 3628 est
2804 3555 3007 3628 nobis
3050 3558 3453 3627 convertere
3512 3574 3784 3627 omnem
3812 3555 3878 3643 ⁶)
3918 3555 4088 3627 fidu-

1009 3674 1261 3763 „ciam‚
1319 3693 1513 3765 spem
1569 3678 1640 3744 et
1675 3692 1912 3762 preces
1967 3679 2269 3746 nostraS.
2328 3673 2396 3746 N
2403 3695 2477 3747 ec
2514 3694 2797 3766 egemus
2852 3674 3110 3748 maiore
3144 3674 3526 3766 praesidio,
3583 3694 3711 3746 nec
3764 3674 4091 3766 ampliori

1010 3791 1398 3885 „potentia,
1463 3811 1590 3864 nec
1643 3791 2008 3865 voluntate
2061 3793 2376 3881 meliore,
2445 3815 2654 3883 quam
2706 3799 2831 3866 tua
2884 3796 3013 3866 est.
3088 3794 3278 3866 Certi
3332 3793 3517 3868 enim
3570 3813 3848 3882 sumus,
3910 3793 4093 3885 quod

1012 3914 1232 4003 „hanc
1282 3911 1548 3984 rabiem
1602 3911 2057 3999 haereticam,
2113 3913 2356 4005 Regno
2395 3917 2516 3984 tuo
2571 3912 2940 3984 finitimam
2990 3917 3062 3986 et
3097 3913 3561 4004 periculosam
3600 3912 3780 4001 tuis,
3822 3933 4094 4004 semper

1013 4030 1210 4121 „odio
1275 4029 1667 4102 iustissimo
1741 4035 2151 4120 prosecutus
2218 4052 2291 4105 es
2364 4036 2433 4124 et
2498 4032 2909 4124 extinguere
2978 4032 3340 4124 cupivisti.
3425 4032 3621 4123 Quod
3684 4053 3845 4106 cum
3910 4053 4095 4104 nunc

1014 4151 1382 4240 „perficere
1437 4151 1628 4221 solus
1682 4148 1945 4240 possis,
2003 4149 2405 4222 cordialiter
2456 4172 2783 4242 rogamus
2838 4151 3345 4225 sublimitatem
3398 4156 3623 4241 tuam,
3678 4157 3761 4223 ut
3814 4173 4093 4244 compo·

1013 4269 1219 4360 „sitis
1271 4269 1480 4342 rebus
1534 4267 1958 4341 Lithuaniae
2013 4275 2083 4341 et
2138 4269 2456 4342 ordinato
2512 4292 2748 4344 earum
2786 4275 3129 4344 terrarum
3186 4275 3411 4360 statu,
3468 4291 3645 4363 quae
3698 4271 3777 4344 in
3810 4277 3940 4343 tua
3974 4293 4093 4363 po·

1014 4392 1313 4479 „testate
1364 4387 1650 4460 relictae
1714 4393 1911 4475 sunt,
1976 4409 2213 4461 omnes
2276 4409 2512 4478 curaS,
2578 4389 3037 4481 cogitationes
3102 4397 3174 4462 et
3243 4390 3429 4462 vires
3496 4393 3657 4462 tuas
3726 4396 4099 4464 convertas

1014 4508 1146 4599 „ad
1196 4509 1378 4581 hanc
1429 4506 1763 4598 perfidam
1800 4508 2141 4580 haeresim
2200 4508 2721 4599 extirpandam,
2780 4530 2937 4582 cum
2974 4511 3253 4582 nullum
3306 4508 3501 4582 aliud
3552 4509 3919 4601 negotium
3954 4511 4099 4582 Deo

1015 4627 1281 4720 „magis
1337 4630 1732 4718 acceptum,
1788 4646 1916 4698 nec
1967 4627 2223 4700 utilius
2278 4628 2567 4716 mundo,
2625 4649 2750 4701 nec
2786 4628 2919 4702 tibi
2973 4628 3385 4721 gloriosius,
3442 4627 3673 4719 possis
3728 4628 4097 4719 amplecti:

1009 4747 1259 4839 „cuius
1313 4745 1722 4838 perficiendi
1756 4744 2053 4838 gloriam
2107 4769 2148 4818 a
2187 4749 2330 4819 Deo
2383 4752 2809 4820 reservatam
2864 4748 3000 4820 tibi
3036 4769 3188 4824 esse
3226 4747 3545 4838 cupimus
3600 4751 3671 4820 et
3708 4767 4097 4838 speramus.

1013 4867 1312 4956 „Datum
1367 4866 1628 4938 Romae
1693 4865 1878 4955 apud
1935 4865 2229 4938 Sanctos
2285 4866 2699 4958 ApostoloS,
2756 4865 3004 4939 Idibus
3050 4865 3385 4954 Ianuarii,
3442 4865 3916 4940 Pontificatus
3974 4887 4101 4938 no-

1015 4985 1190 5074 „stri
1241 5005 1421 5058 anno
1478 4983 2116 5076 quatuordecimo.“

1219 5271 1266 5352 ¹)
1312 5275 1562 5335 alterum
1609 5267 1761 5336 cod.
1812 5269 1990 5336 Calv.
2062 5271 2115 5352 ²)
2161 5275 2271 5334 sed
2319 5268 2472 5335 Cod.
2501 5270 2697 5334 Rozr.
2767 5271 2823 5350 3)
2869 5277 3107 5350 tamque
3155 5267 3307 5335 Cod.
3354 5269 3547 5336 Rozr.
3620 5270 3676 5352 ⁴)
3722 5275 4003 5352 imposita
4044 5275 4105 5333 in

1009 5375 1173 5435 coelo
1215 5379 1457 5437 aeterna
1497 5377 1748 5438 victoria
1793 5369 1946 5438 God.
1997 5370 2175 5438 Calv.
2249 5374 2301 5457 5)
2348 5378 2480 5437 luce
2529 5371 2683 5438 (lod.
2716 5373 2907 5440 Rozr.
2980 5373 3035 5456 ο)
3078 5393 3323 5437 necesse
3366 5380 3459 5438 est
3499 5377 3677 5437 nobis
3720 5379 3931 5440 oculos
3972 5394 4105 5438 con-

1009 5483 1238 5539 vertere
1251 5523 1270 5558 ,
1313 5477 1572 5540 animum
1619 5473 1772 5542 Cod.
1816 5475 2012 5542 Rozr.
