4342 6384
396 654 517 754 (Α.
554 654 645 728 D.
686 652 945 754 1444.)
1520 676 1747 728 mann
1797 674 2310 728 nuonncmns.
3321 648 3468 722 ‘717

394 882 519 933 non
556 860 793 933 onusti
832 861 1059 931 solum
1099 860 1155 949 ¹)
1209 859 1673 949 victualibuS,
1724 860 1842 933 sed
1899 881 2065 932 auro
2120 860 2192 931 et
2247 857 2841 949 supellectilibus,
2899 855 3201 947 aliisque
3237 856 3473 941 rebuS,

395 1001 559 1071 quae
612 981 699 1053 ad
754 982 1235 1051 ornamentum
1284 984 1353 1051 et
1388 978 1803 1071 dignitatem
1840 979 2285 1070 pertinebant
2321 977 2664 1064 militum,
2721 976 2825 1049 ita
2859 980 2939 1047 ut
2978 975 3276 1067 quisque
3313 996 3471 1065 pro·

392 1100 605 1191 priam
660 1119 858 1170 suam
912 1098 1193 1170 domum
1250 1119 1483 1171 secum
1538 1097 1919 1171 adduxisse
1972 1098 2351 1171 videretur.
2427 1096 2804 1169 Providere
2858 1099 3092 1167 autem
3147 1097 3473 1186 satagens

392 1220 593 1291 Wlad
622 1216 685 1307 2)
743 1216 1215 1291 incolumitati
1267 1217 1516 1309 RegiS,
1571 1238 1697 1308 pro
1752 1218 1975 1290 veteri
2028 1218 2324 1311 meritc,
2371 1237 2507 1308 quo
2561 1215 2768 1288 illum
2821 1219 3021 1306 pater
3095 1212 3474 1286 wladislai

390 1338 597 1430 Regis
651 1337 1235 1429 prosequebatur,
1292 1335 1579 1409 donavit
1633 1336 1813 1428 Regi
1842 1334 1903 1425 ³)
1961 1337 2135 1408 duos
2191 1356 2404 1427 equos
2441 1334 2957 1423 velocissimos,
3015 1337 3086 1405 et
3121 1332 3295 1404 duos
3335 1332 3470 1403 Va-

390 1458 619 1529 lachos
674 1456 1084 1545 fidissimos,
1144 1456 1451 1528 omnium
1506 1456 1836 1528 itinerum
1894 1460 1963 1528 et
2016 1457 2328 1528 locorum
2363 1454 2661 1546 peritos,
2721 1473 3008 1525 monens
3045 1454 3337 1544 Regem,
3393 1458 3476 1523 ut

391 1577 547 1648 illos
612 1600 653 1648 a
716 1577 937 1650 latere
1001 1598 1127 1648 suo
1191 1598 1549 1668 nunquam
1611 1578 1971 1666 pateretur
2034 1575 2420 1663 discedere,
2488 1574 2804 1646 futurum
2870 1572 3087 1659 enim,
3165 1571 3228 1643 si
3293 1570 3476 1662 quod

392 1697 523 1769 sibi
586 1696 957 1781 accidisset
1022 1695 1428 1783 discrimen,
1496 1716 1827 1786 equorum
1896 1694 2270 1767 velocitate
2325 1698 2396 1767 et
2449 1693 2808 1765 hominum
2871 1692 3174 1769 illorum,
3219 1689 3477 1781 peritia

392 1815 593 1887 facile
650 1815 903 1887 evitari
956 1815 1184 1906 possit
1213 1815 1299 1903 4).
1357 1815 1512 1888 Rex
1552 1814 1687 1888 etsi
1726 1835 1973 1905 equOS,
2028 1813 2486 1903 hominesque
2541 1811 2960 1903 susceperit,
3019 1810 3204 1883 sicut
3249 1814 3473 1883 caete-

388 1955 529 2022 ros,
586 1935 688 2007 ita
744 1938 814 2007 et
868 1935 1033 2007 illos
1072 1934 1380 2006 monitus
1420 1935 1736 2007 salubres
1785 1933 2069 2021 abiecit,
2128 1933 2280 2005 sive
2319 1934 2639 2005 fortunae
2677 1952 2843 2003 suae
2882 1929 3266 2017 confidenS,
3325 1928 3477 1999 sive

389 2054 680 2126 aliorum
736 2057 805 2127 et
859 2054 1221 2145 signanter
1274 2052 1663 2125 Cardinalis
1728 2052 1994 2125 Iuliani
2051 2056 2120 2124 et
2175 2052 2514 2124 Iohannis
2569 2051 2653 2123 de
2707 2050 2991 2122 Huniad
3046 2048 3212 2121 altis
3267 2046 3476 2138 polli-

389 2172 837 2246 citationibus
892 2173 978 2245 ab
1034 2172 1221 2245 omni
1277 2173 1545 2245 salubri
1599 2172 1895 2244 consilio
1951 2192 2274 2259 aversuS,
2333 2171 2485 2244 sive
2539 2170 2723 2262 quod
2777 2171 3140 2261 urgentem
3179 2167 3506 2239 fatorum·

370 2292 529 2364 ‘vim
584 2312 1004 2383 exsuperare
1059 2292 1459 2383 nequiverit
1488 2291 1573 2382 ⁵).

429 2643 817 2717 wladislaus
860 2645 998 2717 Rex
1042 2644 1342 2734 prohibet
1386 2645 1642 2716 saevire
1685 2644 1754 2716 in
1800 2643 2231 2729 christianos,
2277 2644 2624 2730 castraque
2668 2640 2982 2712 schemen
3030 2642 3100 2710 et
3128 2638 3434 2711 Petmcz

1777 2763 1843 2834 vi
1889 2761 2089 2851 capit.

594 3009 900 3083 Dimisso
954 3009 1179 3102 igitur
1232 3032 1273 3082 a
1327 3009 1639 3082 sinistris
1704 3030 1904 3082 amne
1967 3008 2324 3097 Danubio,
2392 3027 2516 3099 per
2569 3006 2872 3079 fertilem
2927 3002 3262 3077 Thraciae
3314 3024 3471 3094 pro-

386 3128 689 3202 vinciam
746 3129 997 3202 exinde
1050 3130 1187 3202 iter
1242 3130 1633 3202 assumtum
1686 3134 1829 3218 est,
1886 3129 2008 3202 ubi
2061 3128 2370 3220 plurima
2421 3125 2808 3218 priscorum
2847 3125 3358 3215 Imperatorum
3397 3144 3477 3193 ac

384 3252 659 3322 Ducum
695 3250 1167 3321 Romanorum
1206 3255 1617 3340 sumptuosa
1651 3247 2101 3340 insigniaque
2140 3246 2456 3320 aedificia
2493 3258 2572 3318 ac
2612 3263 2989 3316 marmorea
3033 3246 3480 3315 monumenta

385 3368 671 3443 Graecis
727 3371 796 3441 et
850 3368 1129 3441 Latinis
1181 3368 1415 3441 literis
1470 3368 1843 3459 inscripta,
1902 3346 2256 3457 comperta
2309 3370 2508 3454 sunt,
2565 3384 2768 3437 arcus
2819 3364 3107 3455 insuper
3143 3366 3213 3435 et
3250 3362 3477 3435 excel-

384 3510 503 3561 sas
558 3489 950 3577 columnaS,
1008 3509 1185 3581 quae
1238 3509 1361 3580 pro
1400 3486 1646 3560 maiori
1680 3491 1881 3579 parte
1918 3489 2069 3558 tum
2114 3488 2501 3574 vetustate,
2559 3486 2710 3556 tum
2764 3484 3182 3561 Teucrorum
3211 3482 3275 3571 ε1)
3333 3503 3476 3553 ma-

382 3608 714 3707 lignitate
786 3612 1219 3681 corruerunt.
1296 3608 1432 3681 Sed
1506 3606 1689 3680 inter
1759 3606 2063 3679 eundum
2094 3605 2155 3693 ⁷)
2215 3604 2558 3696 quoddam
2621 3625 2762 3675 non
2815 3604 3156 3675 famosum
3218 3602 3478 3673 flumen

382 3728 543 3800 Rex
599 3727 917 3815 offendit,
973 3728 1097 3800 ubi
1149 3727 1412 3820 viginti
1467 3731 1619 3800 octo
1673 3726 1987 3819 galeatas
2043 3746 2259 3797 naves
2288 3723 2351 3815 ⁸)
2409 3724 2495 3795 ad
2550 3723 2858 3797 Danubii
2894 3723 3152 3795 fiumen
3189 3742 3316 3793 suo
3352 3742 3472 3811 po-

382 3852 539 3920 stea
592 3851 899 3939 tempore
952 3848 1446 3936 traducendas,
1513 3847 1902 3938 Imperator
1953 3828 2338 3918 Turcorum
2399 3841 2909 3931 recondiderat,
2978 3841 3292 3914 exercitu
3345 3840 3473 3912 im-

379 3967 618 4059 posito
656 3988 878 4059 usque
916 3967 1002 4040 ad
1038 3970 1275 4059 portas
1315 3967 1589 4055 Budae,
1628 3964 2033 4058 Hungariae
2071 3969 2142 4038 et
2181 3964 2553 4037 Slavoniae
2590 3965 2837 4055 Regna
2871 3960 3355 4053 depopulando
3386 3960 3476 4048 9),

384 4086 451 4158 si
505 4106 757 4177 guerra
812 4087 1283 4159 continuanda
1320 4086 1411 4175 ¹⁰)
1468 4085 1752 4174 fuisset,
1821 4085 2284 4171 transiturus,
2342 4103 2516 4175 quas
2569 4084 2806 4174 galeas
2847 4082 2934 4171 ¹¹)
2989 4079 3478 4153 serenissimus

383 4204 829 4277 Wladislaus
877 4204 1034 4277 Rex
1083 4205 1440 4293 succendi,
1507 4204 1914 4295 destruique
1977 4202 2358 4275 mandavit.
2426 4202 2654 4275 Urbes
2711 4220 2984 4293 quoque
3038 4204 3108 4272 et
3162 4199 3477 4285 castella,

380 4324 653 4414 templa
708 4327 779 4396 et
830 4324 1081 4412 villae,
1139 4324 1363 4416 magis
1418 4322 1724 4394 militum
1777 4324 2174 4411 voluntate,
2251 4341 2460 4413 quam
2512 4320 2706 4413 regio
2758 4318 3050 4411 imperio
3105 4318 3478 4391 vastaban-

378 4448 538 4515 tur:
614 4443 737 4516 ubi
804 4447 1067 4535 quanta
1132 4442 1343 4515 fuerit
1406 4442 1618 4514 etiam
1693 4441 1768 4514 in
1822 4443 2123 4514 Teucros
2197 4440 2414 4533 Regis
2485 4438 2860 4514 clementin
2923 4443 2992 4512 et
3055 4437 3480 4525 humanitaS,

376 4567 831 4656 perspectum
886 4568 1015 4637 est.
1074 4563 1243 4636 Cum
1298 4562 1480 4635 enim
1535 4561 1833 4634 vidisset
1885 4566 2131 4653 gentes
2188 4560 2540 4633 exercitus
2595 4558 2708 4632 sui
2752 4558 3005 4632 nedum
3044 4556 3118 4629 in
3155 4558 3478 4644 Teucros,

376 4704 633 4756 verum
688 4684 900 4756 etiam
956 4683 1029 4755 in
1083 4683 1275 4775 ipsos
1331 4683 1677 4775 Bulgaros
1733 4680 2036 4770 saevire,
2092 4685 2164 4753 et
2220 4682 2489 4751 nullam
2543 4678 2615 4752 in
2654 4680 3124 4771 Bulgarorum
3161 4680 3231 4749 et
3267 4675 3478 4749 Grae-

375 4823 659 4891 corum,
726 4802 909 4875 sicut
972 4823 1099 4875 nec
1161 4802 1235 4873 in
1299 4822 1729 4893 paganorum
1792 4800 2075 4892 templis
2138 4798 2382 4872 haberi
2442 4798 2937 4886 reverentiam,
3015 4794 3185 4888 quin
3249 4794 3482 4867 omnia

380 4924 609 5011 ferre,
666 4922 965 5014 igneque
1001 4922 1529 5010 mandarentur,
1569 4920 1927 4994 accersitis
1976 4919 2263 4999 scribis:
2325 4918 2721 5005 Videtisne,
2779 4916 3048 5009 inquit,
3106 4936 3240 5007 quo
3279 4918 3483 5006 pacto

606 5224 652 5306 ¹)
702 5229 910 5288 saltem
954 5223 1079 5289 Ed.
1128 5222 1308 5309 Lips.
1357 5225 1413 5305 ςΙ)
1456 5226 1822 5287 wladislaus
1871 5221 2023 5288 Cod.
2072 5222 2210 5287 Lis.
2259 5222 2314 5304 ³)
2360 5225 2450 5284 illi
2497 5216 2650 5287 Ood.
2695 5218 2873 5286 Kost.
2921 5220 2976 5303 ⁴)
3021 5224 3245 5284 evitare
3287 5238 3484 5298 posse.

373 5326 546 5395 Cod.
592 5328 770 5392 Kost.
836 5327 887 5409 ⁶)
932 5349 1050 5390 non
1074 5382 1079 5389 .
1107 5335 1328 5406 posset.
1395 5324 1547 5391 God.
1608 5326 1787 5390 Kost.
1850 5326 1903 5409 ⁶)
1948 5330 2275 5389 Turcornm
2341 5322 2492 5389 C'od.
2541 5324 2676 5390 Lis.
2727 5323 2778 5406 ⁷)
2825 5316 2947 5387 Sed
2990 5325 3284 5387 interdum
3331 5319 3484 5385 Cod.

368 5432 524 5497 Lis.
572 5430 625 5511 ⁸)
672 5434 939 5509 galeatae
981 5450 1169 5493 novas
1216 5426 1369 5495 0001.
1413 5429 1633 5494 Przez.
1692 5427 1745 5515 ⁹)
1794 5431 2208 5509 depopulanda
2250 5426 2376 5493 Ed.
2423 5427 2607 5512 Lips.
2673 5426 2754 5509 ¹⁰)
2799 5430 2850 5489 si
2882 5428 3100 5490 bellum
3145 5427 3486 5489 continuan-

370 5539 531 5601 dum
580 5525 731 5599 Cocl.
778 5532 911 5598 Lis.
968 5533 1047 5615 ¹¹)
1091 5535 1361 5613 galeatae
1406 5526 1533 5597 Ed.
1581 5531 1765 5617 Lipe.
