4342 6384
389 568 522 675 (Α.
563 573 653 649 D.
695 570 948 675 1420.)
1551 594 1778 651 manu
1829 594 2287 651 mmmmm.
3328 576 3481 653 385

390 781 678 874 Quoties
733 783 974 875 itaque
1027 782 1113 855 ab
1167 782 1430 858 eisdem
1483 780 1696 855 biduo
1734 783 1790 871 ¹)
1844 780 2175 870 notariiS,
2242 782 2613 857 Luthkone
2666 788 2735 856 et
2787 782 2857 856 Ν
2860 784 3081 857 icolao
3136 784 3484 859 Ozebulka

387 923 806 993 persuasae,
859 924 900 975 a
951 902 1160 977 rebus
1215 924 1506 976 coronae
1559 902 1940 975 insensatis
1979 908 2050 975 et
2087 902 2482 975 ambitiosis
2537 903 2847 976 animum
2901 908 3215 979 avertere
3252 911 3323 979 et
3360 926 3479 979 cu·

383 1021 694 1113 pidinem
749 1022 979 1115 Regni
1033 1023 1405 1115 deponere,
1461 1022 1898 1113 Dominoque
1953 1043 2079 1095 suo
2138 1027 2208 1095 et
2262 1022 2465 1095 fratri
2502 1022 2893 1096 Wladislao
2934 1025 3111 1117 Regi
3148 1026 3483 1099 Poloniae

381 1142 856 1231 reconciliari,
910 1142 1504 1234 humiliatumque
1555 1142 1868 1216 animum
1922 1146 1992 1215 et
2045 1143 2423 1215 contritum
2472 1144 2786 1233 praefato
2822 1144 3003 1236 Regi
3040 1150 3483 1218 ostensurum

387 1282 462 1335 se
513 1261 616 1334 ire
646 1261 710 1351 2)
763 1262 1108 1353 perrexit:
1167 1262 1381 1335 toties
1436 1262 1641 1335 illum
1693 1262 1783 1335 ab
1837 1264 1990 1341 hac,
2033 1262 2385 1335 sententia
2438 1262 2668 1355 Regni
2734 1263 2985 1355 cupido
3042 1269 3113 1338 et
3166 1270 3479 1339 assenta-

385 1385 614 1455 torum
667 1382 1016 1474 palpatio,
1073 1382 1498 1455 Polonorum
1549 1381 1996 1473 praesertim,
2055 1382 2331 1455 deiecit.
2390 1381 2707 1455 Contulit
2763 1388 2997 1456 autem
3036 1384 3479 1457 Withawdus

385 1502 549 1574 Dux
603 1502 678 1575 in
731 1502 1114 1576 Iohannem
1177 1503 1264 1576 de
1325 1503 1613 1575 Tarnow
1673 1500 2068 1593 palatinum
2121 1501 2647 1575 Cracoviensem
2700 1503 2933 1594 cyclos
2984 1504 3257 1597 argenti
3311 1525 3471 1577 cen·

385 1626 534 1693 tum
591 1626 662 1695 et
717 1622 860 1694 alia
913 1623 1094 1695 dona
1148 1622 1507 1711 munifica,
1567 1643 1705 1694 non
1743 1625 1885 1693 tam
1924 1625 2006 1693 ut
2043 1621 2247 1693 illum
2286 1622 2689 1710 honoraret,
2732 1644 2939 1713 quam
2976 1628 3057 1695 ut
3096 1624 3479 1717 Sbigneum

386 1740 790 1833 episcopum
847 1742 1403 1830 Cracoviensem,
1463 1740 1586 1833 qui
1640 1741 1902 1813 maiora
1955 1742 2388 1814 coronationi
2446 1764 2613 1815 suae
2666 1742 3167 1834 impedimenta
3220 1744 3481 1816 defere-

385 1861 594 1933 batur
648 1860 996 1954 ingerere,
1057 1866 1504 1953 exasperaret
1557 1867 1628 1934 et
1681 1883 1723 1933 a
1779 1882 1852 1934 se
1907 1864 2307 1954 neglectum
2362 1867 2571 1954 atque
2619 1863 3022 1956 despectum
3062 1864 3480 1936 ostenderet.

385 1980 490 2051 Ea
541 1985 776 2054 tamen
838 1982 1070 2053 omnia
1133 1982 1482 2074 Sbigneus
1547 1982 1915 2073 episcopus
1978 1980 2191 2054 nihili
2254 1982 2583 2074 pendisse
2646 1986 2855 2074 atque
2920 1978 3229 2057 irrisisse
3282 1982 3483 2055 visus

387 2103 527 2171 est:
581 2101 694 2172 vir
747 2106 988 2173 contra
1041 2101 1412 2173 avaritiam
1467 2101 1758 2174 virtutis
1813 2101 2148 2189 invictae,
2208 2122 2497 2193 eamque
2542 2101 2941 2195 largitionis
2989 2102 3483 2176 contumeliam

386 2219 807 2311 aequissimo
871 2220 1104 2293 animo
1169 2221 1368 2308 tulit,
1437 2240 1564 2293 nec
1626 2221 1852 2292 ullum
1901 2219 2243 2293 tristioris
2300 2221 2545 2293 vultus
2610 2222 2916 2295 ostendit
2969 2220 3343 2309 indicium
3399 2222 3485 2296 de

385 2338 668 2430 publico
723 2338 1147 2428 ministeriO,
1204 2344 1480 2432 praeter
1534 2340 1809 2412 laudem
1863 2340 2040 2412 bene
2095 2339 2576 2412 administrati
2614 2342 2861 2429 officii,
2920 2342 3103 2415 nihil
3140 2342 3277 2415 sibi
3314 2362 3481 2414 ven-

387 2458 618 2533 dicare
671 2458 992 2551 cupiens,
1055 2460 1462 2533 Alexandro
1526 2459 1921 2533 Withawdo
1988 2458 2167 2531 Duci
2230 2440 2481 2551 Magno
2534 2460 2991 2549 Lithuaniae,
3055 2462 3265 2534 etiam
3321 2466 3484 2554 post

395 2577 778 2671 irrogatum
833 2583 1309 2672 contemptum
1365 2583 1434 2653 et
1487 2577 2012 2666 contumeliam,
2080 2578 2313 2651 verbis
2376 2579 2464 2650 ad
2526 2580 3083 2670 persuadendum
3139 2580 3480 2671 composi-

386 2698 484 2772 tis
560 2698 635 2771 in
700 2698 1008 2773 maxima
1069 2698 1470 2773 urbanitate
1541 2704 1612 2773 et
1681 2698 2024 2771 modestia
2084 2699 2453 2772 verborum
2537 2700 2961 2773 ostendendo
3029 2699 3339 2772 evidenti
3412 2704 3484 2772 et

384 2818 728 2909 palpabili
781 2822 1136 2909 respectu:
1195 2820 1378 2910 quod
1433 2819 1684 2891 durum
1741 2818 1952 2891 nimis
2009 2820 2215 2907 foret,
2274 2818 2339 2891 si
2392 2839 2515 2910 pro
2569 2818 2929 2893 beneficiis
2984 2840 3025 2890 a
3061 2820 3255 2910 Rege
3295 2818 3369 2890 in
3407 2838 3483 2891 se

387 2936 668 3009 collatis
721 2938 1056 3029 rependat
1107 2937 1472 3025 iniuriam,
1531 2942 1602 3010 et
1656 2958 1780 3029 pro
1835 2937 2249 3029 Principatu
2304 2938 2728 3011 Lithuaniae
2783 2937 2856 3010 in
2894 2958 3085 3025 eum,
3144 2937 3483 3010 fratribus

386 3056 738 3147 germanis
799 3058 1174 3150 neglectis,
1239 3059 1626 3146 transfuso,
1693 3058 2050 3149 ingratum
2114 3078 2191 3129 se
2252 3057 2519 3131 reddat.
2586 3057 2893 3130 Dubium
2958 3056 3207 3131 deinde
3270 3062 3483 3148 atque

386 3176 763 3267 ancipitem
817 3177 992 3250 belli
1045 3182 1403 3265 eventum,
1471 3178 1694 3250 Deum
1759 3197 2036 3269 quoque
2088 3198 2215 3269 pro
2270 3175 2553 3249 iustiori
2608 3196 2819 3249 causa
2872 3180 3257 3263 staturum,
3322 3197 3481 3269 gra-

387 3316 543 3369 vem
597 3296 886 3389 insuper
921 3284 1230 3373 invidiae
1269 3296 1612 3370 sarcinam
1653 3296 2017 3369 subiturus
2049 3294 2135 3385 ³),
2194 3318 2352 3369 cum
2382 3297 2445 3385 ⁴)
2501 3295 2575 3368 in
2613 3298 2873 3388 Regem
2910 3298 3028 3369 vel
3060 3295 3300 3387 potius
3337 3297 3481 3369 Im-

386 3422 772 3507 peratorem
829 3438 1034 3489 suum
1071 3438 1264 3489 arma
1299 3420 1694 3504 convertat,
1735 3422 1806 3489 et
1843 3416 1968 3507 qui
2005 3416 2209 3487 illum
2248 3421 2538 3507 paterno
2580 3416 2830 3489 foverit
2860 3414 2921 3504 ⁵)
2978 3415 3267 3503 affectu,
3324 3416 3479 3507 qui-

387 3557 522 3627 que
577 3536 914 3611 extulerit
967 3535 1212 3625 armiS,
1269 3536 1500 3628 equiS,
1556 3534 1905 3626 pecuniiS,
1963 3536 2463 3607 commeatibus
2501 3535 2795 3623 iuverit,
2836 3536 2909 3607 in
2946 3533 3261 3607 adversis
3297 3555 3479 3605 nun-

387 3677 596 3747 quam
650 3656 1066 3745 deseruerit,
1133 3656 1416 3729 exulem
1469 3660 1541 3731 et
1593 3654 2080 3727 calamitosum
2146 3655 2552 3743 sustulerit,
2618 3654 2829 3727 bellis
2894 3654 3189 3739 afficiat3
3234 3653 3471 3744 ‚quod-

387 3797 522 3867 que
576 3777 836 3850 multos
900 3778 1116 3849 bonos
1183 3796 1312 3849 sua
1373 3775 1502 3847 illa
1563 3774 1794 3867 Regni
1855 3774 2183 3866 cupidine
2235 3774 2583 3865 perditum
2638 3774 2797 3846 iret.
2856 3773 3375 3847 Desolationem
3409 3774 3475 3862 ⁶)

387 3900 620 3971 autem
674 3895 1078 3969 huiusmodi
1132 3902 1204 3969 et
1258 3894 1772 3970 accusationem
1828 3894 1902 3966 in
1956 3893 2341 3985 Sbigneum
2396 3894 2799 3985 episcopum
2837 3875 3365 3965 cracoviensem
3402 3892 3478 3964 in

389 4038 592 4090 aures
640 4016 1031 4091 Alexandri
1067 4015 1454 4088 Withawdi
1507 4016 1764 4114 factam
1796 4014 1881 4103 ⁷),
1938 4013 2288 4085 Iohannes
2343 4013 2427 4085 de
2480 4012 2782 4085 Cziszow
2834 4013 2918 4084 de
2974 4012 3176 4083 domo
3215 4012 3475 4084 Pulko-

388 4158 538 4225 sza,
593 4137 790 4209 filius
845 4142 1012 4208 tunc
1063 4135 1428 4209 Michaelis
1482 4133 1914 4224 Oziszowsky
1969 4132 2340 4205 castellani
2392 4132 3009 4219 SandomiriensiS,
3068 4129 3192 4222 qui
3228 4136 3480 4222 expost

387 4257 684 4349 adeptus
749 4256 884 4327 fuit
937 4255 1474 4329 castellanatum
1539 4252 2100 4339 cracoviensem,
2167 4251 2323 4342 ipso
2388 4251 2790 4325 Alexandro
2858 4250 3289 4337 Withawdo‚
3356 4250 3482 4341 qui

384 4376 661 4449 nullum
699 4376 1168 4449 accusationis
1205 4396 1534 4447 arcanum
1573 4373 1712 4446 sibi
1749 4370 2333 4445 communicatum
2382 4371 2673 4445 reticere
2710 4370 2964 4443 solitus
3005 4376 3185 4456 erat,
3246 4369 3384 4462 ipsi
3414 4368 3479 4458 8)

386 4496 688 4587 Sbigneo
743 4495 1068 4588 episcopo
1120 4495 1468 4568 referente
1525 4498 1593 4567 et
1645 4492 2012 4584 prodente,
2072 4490 2426 4564 sciebatur
2464 4489 2864 4562 fabricasse.
2923 4490 3034 4561 Ad
3072 4488 3274 4561 cuius
3313 4510 3477 4579 pur·

383 4617 736 4708 gationem
791 4614 1144 4706 Sbigneus
1201 4612 1601 4705 episcopuS‚
1668 4611 1912 4703 paucis
1975 4611 2358 4684 refellendo
2416 4614 2487 4681 et
2540 4609 2623 4681 de
2676 4608 3085 4701 integritate
3139 4606 3477 4680 Iohannis

383 4734 470 4807 de
533 4736 822 4807 Tarnow
887 4734 1324 4821 confidendo,
1387 4732 1780 4824 respondit:
1849 4730 2187 4803 Ultronee
2253 4750 2327 4801 se
2382 4728 2455 4801 in
2510 4727 3025 4801 coronationem
3089 4725 3477 4798 Withawdi

384 4874 918 4942 consensurum,
987 4852 1050 4926 si
1102 4852 1460 4943 palatinus
1533 4850 1954 4941 Tarnowsky
2019 4870 2188 4922 suae
2251 4848 2625 4941 legationis
2691 4868 2952 4935 comes,
3018 4845 3473 4920 consenserit.

601 5142 646 5223 ¹)
693 5144 922 5205 duobus
980 5140 1130 5205 eod.
1178 5138 1370 5203 Rozr.
1420 5138 1472 5219 ⁸)
1519 5140 1830 5201 ostendere
1886 5134 2037 5202 God.
2086 5135 2279 5200 Rozr.
2328 5136 2381 5216 ⁸)
2428 5138 2730 5198 subiturus
2777 5132 2947 5196 deest
2988 5132 3062 5195 in
3110 5128 3262 5195 Cod.
3299 5129 3480 5196 Calv.

385 5244 442 5326 ⁴)
492 5248 543 5307 si
593 5242 745 5309 Cod.
789 5242 982 5307 Rozr.
1047 5242 1099 5323 ⁵)
1147 5245 1385 5322 proprio
1430 5243 1630 5303 foveat
1673 5240 1799 5303 Ed.
1844 5239 2026 5323 Lipe.
2083 5238 2139 5319 ⁶)
2192 5240 2673 5318 Deplorationem
2732 5232 2883 5299 Cod.
2946 5233 3139 5298 Rozr.
3206 5234 3259 5315 ⁷)
3304 5242 3482 5311 atque

383 5349 462 5409 ad
508 5366 682 5409 auree
725 5348 1052 5409 Alexandri
1097 5346 1383 5407 detulisse
1429 5340 1584 5407 Cod.
1631 5342 1823 5406 Rozr.
1873 5341 1924 5421 ⁸)
1971 5345 2034 5403 id
2078 5344 2271 5419 ipsum
2321 5336 2475 5404 Cod.
2520 5338 2713 5403 Rozr.

439 5620 480 5658 ,1.
516 5618 697 5669 bingen.
731 5620 897 5658 mutor.
931 5619 1086 5657 Polou.
1116 5618 1166 5658 T.
1198 5616 1273 5665 IV.
3060 5590 3131 5643 49
