4342 6384
329 542 454 656 (Α.
495 548 586 629 Β.
625 550 882 655 1434.)
1489 586 1715 641 mmm
1769 586 2230 643 omnemne.
2920 611 2933 623 ·
3274 558 3421 631 533

905 762 1074 840 Quid
1115 765 1384 831 referam
1427 786 1642 853 mage,
1689 771 1922 855 quippe
1963 774 2146 836 tener
2188 768 2367 854 fidei,
2415 768 2531 835 sed
2573 769 2824 854 asylum

987 866 1306 953 Iustitiae,
1351 868 1516 953 legis
1555 890 1744 937 verus
1783 870 1832 958 ¹)
1878 878 2126 939 amator
2157 871 2214 955 ²)
2261 876 2417 939 erat.

903 969 964 1035 N
965 989 1048 1035 on
1091 990 1250 1055 opus
1295 990 1450 1055 ergo
1493 972 1612 1041 fuit
1655 974 1926 1058 amplius
1953 973 2009 1060 ³)
2055 992 2309 1043 musal-e
2354 973 2725 1059 Omoenis,

991 1072 1148 1139 Eius
1171 1072 1232 1160 ⁴)
1279 1094 1422 1143 eum
1467 1076 1690 1145 laudes
1735 1096 1864 1145 non
1907 1077 2171 1165 latuisse
2216 1083 2469 1161 queunt.

911 1175 1070 1243 Cum
1111 1176 1328 1263 patulo
1373 1184 1623 1245 vastum
1652 1178 1706 1266 ⁶)
1753 1186 1855 1245 sat
1896 1180 2029 1245 iam
2071 1180 2333 1263 viguere
2376 1200 2491 1267 per
2533 1180 2780 1263 orbem,

991 1278 1131 1356 Quo
1176 1278 1337 1345 duee
1381 1280 1722 1363 tranquilla
1763 1282 1946 1365 regia
1985 1289 2207 1349 nostra
2249 1282 2429 1351 foret.

908 1380 1082 1447 Mille
1123 1380 1315 1447 Pater
1357 1402 1639 1450 summus
1685 1384 1835 1449 dum
1881 1386 2047 1453 Nato
2092 1384 2339 1451 censuit
2383 1406 2585 1453 annos

995 1478 1352 1569 Quadi-ing,
1398 1494 1496 1551 ter
1537 1486 1738 1553 denos
1748 1538 1770 1572 ,
1812 1486 2032 1554 addito
2073 1488 2299 1571 bisque
2324 1488 2378 1577 ⁸)
2424 1488 2583 1555 duos
2596 1540 2614 1573 ‚

908 1586 1154 1653 Clausit
1189 1592 1340 1653 tune
1383 1588 1619 1655 zotieos
1661 1590 1909 1673 Regum
1952 1590 2361 1657 serenissima
2401 1592 2639 1677 proles,

993 1690 1202 1759 Maius
1243 1697 1632 1775 postremum
1675 1693 1924 1761 luxerat
1965 1694 2074 1759 ille
2117 1693 2304 1761 diem.

911 1793 1038 1859 Ter
1083 1812 1243 1861 sena
1285 1814 1362 1861 ae
1405 1794 1568 1861 Iunii
1599 1794 1652 1879 ⁷)
1698 1794 1984 1863 funestus
2027 1802 2269 1865 moeste
2313 1795 2561 1865 videtur

1001 1895 1367 1963 Oeeuluisse
1413 1916 1528 1963 suo
1572 1898 1904 1965 marmoris
1947 1897 2068 1965 boe
2111 1899 2369 1966 tumulo.

909 1997 1080 2081 Ergo
1125 1997 1319 2065 (leons
1364 1999 1516 2069 oleri
1563 2005 1864 2083 quantum
1911 1998 2027 2065 tibi
2071 2004 2319 2069 constat
2360 1998 2644 2088 honoris,

992 2102 1240 2185 Fratre,
1286 2099 1472 2167 simul
1515 2120 1870 2187 procerum,
1914 2102 2045 2169 iam
2088 2100 2453 2171 meminisse
2502 2104 2703 2172 decet.

909 2202 1114 2288 Eheu,
1159 2222 1302 2269 eum
1345 2208 1590 2269 tantum
1631 2205 1838 2271 renuit
1883 2210 2112 2272 natura
2155 2222 2456 2291 noverea,

997 2306 1084 2371 Ut
1125 2305 1340 2371 foveat
1381 2306 1602 2372 mortis
1646 2306 1814 2373 eadit
1857 2307 2106 2374 actione
2133 2308 2189 2394 θ)
2236 2309 2463 2392 mgis.

912 2407 1093 2475 Votis
1138 2407 1557 2493 supplicibus,
1600 2429 1715 2493 pro
1759 2410 1980 2495 tantis,
2025 2410 2266 2495 poplite
2309 2410 2475 2479 flexo

1000 2509 1321 2579 Concleeet
1363 2530 1473 2577 ore
1515 2510 1658 2595 pias
1701 2512 2096 2597 ingeminare
2136 2533 2392 2598 preces:

915 2611 1139 2678 Guneti
1179 2612 1456 2696 potentis
1501 2632 1668 2699 apex
1710 2614 1990 2681 animam
2033 2614 2401 2697 digneretur
2444 2616 2717 2703 Olympo

1001 2715 1373 2785 Sanctorum
1420 2721 1488 2779 ut
1511 2714 1568 2802 ⁹)
1613 2732 1875 2782 numero
1920 2736 2373 2785 eonnumerare
2417 2739 2554 2786 suo.

913 2816 1048 2883 Hos
1091 2815 1264 2881 tenui
1309 2812 1501 2882 eolnit
1531 2816 1620 2903 ¹⁰)
1661 2814 1950 2884 Petrides
1994 2837 2249 2884 vomere
2293 2820 2535 2905 suleos‚

887 2947 892 2955 ·
995 2918 1112 2986 Cui
1157 2918 1378 2985 Sauok
1419 2918 1691 3005 patriam
1733 2919 1868 2987 fata
1910 2918 2144 2987 dedere
2187 2940 2387 2989 suam.
2540 2920 2547 2927 ’

993 3256 1158 3349 Vita,
1203 3277 1414 3333 norw
1461 3264 1532 3334 et
1575 3262 1744 3334 vitta
1785 3258 2118 3337 wladislai
2163 3258 2512 3352 insonent:
2558 3264 2774 3355 Regis.

537 3503 748 3581 Libet
799 3507 1018 3601 Regis
1071 3508 1282 3580 huius
1321 3508 1699 3582 Wladislai
1735 3508 1988 3596 vitam,
2047 3530 2411 3601 moresque
2464 3514 2534 3583 et
2568 3510 2879 3583 actiones
2932 3510 3426 3602 perstringere,

329 3649 420 3701 ne
473 3626 782 3701 conditio
836 3632 1054 3716 ortus,
1113 3627 1304 3700 vitae
1358 3632 1429 3701 et
1482 3628 1835 3701 actionum
1891 3648 2209 3717 suarum,
2266 3628 2507 3721 ignota
2562 3627 2885 3720 sequenti
2940 3627 3157 3701 aetati
3209 3627 3425 3702 relin-

331 3751 614 3839 quatur.
671 3748 844 3820 Erat
896 3748 1013 3821 hie
1049 3746 1266 3820 Dueis
1318 3747 1742 3821 Lithuaniae
1780 3747 2065 3840 Olgerdi
2103 3748 2193 3836 ¹¹)
2248 3747 2473 3836 filius,
2530 3747 2801 3839 lagello
2853 3748 3278 3835 nominatae,
3338 3766 3426 3819 ex

333 3867 556 3940 Maria
611 3868 762 3940 filia
813 3868 1030 3941 Ducis
1085 3868 1552 3955 Thwerensis,
1608 3870 1822 3941 ritum
1880 3872 2298 3941 Graeeorum
2355 3872 2708 3956 servante,
2766 3872 3158 3959 susceptus,
3211 3865 3426 3941 Cuius

335 4006 516 4059 avus
573 3987 928 4075 Gedimin,
987 4007 1144 4060 eum
1179 3989 1418 4079 plures
1463 3988 1648 4059 filios
1693 3988 2009 4076 haberet,
2076 3986 2452 4079 Olgerdum
2506 3992 2741 4061 tamen
2806 3986 3095 4078 speciali
3149 4008 3423 4079 praero-

335 4106 582 4199 gativa
636 4107 891 4181 amoris
946 4108 1525 4199 prosequebatur:
1583 4108 1766 4181 unde
1805 4110 1874 4180 et
1911 4108 2114 4180 illum
2151 4108 2569 4195 morituru8‚
2628 4107 3003 4181 Dominum
3058 4111 3131 4179 et
3165 4109 3428 4179 Ducem

341 4227 678 4319 Magnum
742 4226 1168 4300 Lithuaniae
1220 4226 1556 4300 fratribus
1593 4226 1684 4317 ¹²)
1738 4228 2130 4301 eonstituit.
2188 4229 2410 4301 Morte
2447 4232 2681 4300 autem
2718 4226 3001 4320 Olgerdi
3054 4226 3279 4318 patris
3313 4227 3425 4299 Ia-

325 4346 634 4439 gellonis
699 4351 969 4435 senata,
1045 4366 1388 4419 consensu
1443 4346 1659 4420 Dueis
1724 4348 2085 4439 Keystuth
2123 4346 2245 4437 ¹³),
2306 4348 2541 4438 patrui
2605 4347 2989 4441 Iagellonis
3065 4354 3136 4420 et
3198 4344 3422 4439 patris

329 4464 752 4554 Withawdi,
809 4467 972 4537 Dux
1010 4466 1278 4559 Iagello
1333 4466 1640 4538 obtinuit
1694 4469 2043 4540 Dueatum
2081 4468 2413 4560 Magnum
2457 4466 2902 4540 Lithusniae.
2961 4468 3157 4539 Inter
3192 4486 3423 4557 quem,

327 4585 503 4656 dum
558 4603 886 4659 successu
937 4584 1305 4677 temporis,
1373 4585 1457 4659 de
1510 4584 1923 4678 Principatu
1979 4586 2383 4679 questiones
2446 4587 2727 4678 aliquae
2784 4586 3111 4659 subortae
3166 4589 3423 4669 essent,

327 4705 502 4775 Dux
555 4704 708 4795 ipse
759 4705 1121 4796 Keystuth
1175 4703 1410 4777 verbis
1445 4705 1756 4795 pacificis
1811 4710 2090 4797 eaptus,
2151 4705 2555 4793 suffoeatur,
2614 4706 2899 4779 eandem
2938 4709 3196 4777 sortem
3233 4703 3426 4777 filius

329 4840 614 4915 quoque
667 4845 838 4896 suus
893 4824 1335 4897 Withawdus
1391 4824 1786 4912 subiturus,
1853 4826 1914 4897 si
1971 4826 2251 4918 ingenio
2316 4824 2692 4912 consortie,
2761 4824 2891 4897 sub
2958 4827 3153 4897 veste
3216 4822 3423 4895 dissi-

552 5129 603 5213 ¹)
648 5151 791 5193 vero
835 5133 987 5209 legis
1031 5129 1159 5193 Ed.
1205 5128 1385 5214 Εὗρε.
1435 5129 1484 5211 ²)
1529 5150 1727 5192 amore
1785 5126 1936 5193 cod.
1990 5127 2166 5193 Calv.
2217 5129 2269 5208 ³)
2314 5133 2543 5209 amplas
2594 5127 2745 5194 Cod.
2794 5128 2971 5193 Kost.
3006 5128 3058 5210 ⁴)
3092 5131 3243 5192 Tuis
3278 5125 3430 5195 Cod.

325 5232 518 5297 Koet.
581 5233 636 5313 ⁵)
677 5237 918 5311 patulae
975 5240 1208 5295 vastam
1265 5231 1393 5296 Ed.
1455 5231 1636 5317 Εὗρε.
1699 5232 1750 5311 ⁸)
1811 5234 1906 5295 his
1951 5250 2187 5309 quoque
2236 5228 2389 5295 God.
2436 5224 2613 5295 Kost.
2681 5230 2731 5311 ⁷)
2780 5232 2903 5294 Ter
2947 5248 3129 5294 saeva
3172 5238 3236 5294 at
3276 5234 3433 5294 Iunii

333 5330 496 5401 cod.
541 5334 734 5400 Rozr.
783 5336 836 5417 ⁸)
881 5336 1040 5399 eedit
1067 5340 1132 5397 at
1161 5338 1261 5397 ille
1305 5332 1432 5399 Ed.
1480 5334 1662 5420 Εὗρε.
1709 5334 1764 5415 ⁹)
1809 5342 1869 5397 et
1909 5332 2038 5397 Ed.
2084 5334 2267 5419 Εὗρε.
2325 5333 2405 5420 ¹⁰)
2450 5334 2578 5397 Hos
2624 5336 2807 5397 coluit
2848 5337 3037 5397 teneri
3073 5332 3200 5397 Ed.
3248 5333 3430 5419 Εὗρε.

337 5440 364 5477 ¹
381 5437 426 5521 ¹)
476 5440 740 5518 olgyerd
795 5438 948 5503 eod.
994 5437 1188 5503 Rozr.
1247 5434 1328 5523 ¹⁸)
1375 5458 1448 5499 ex
1492 5438 1772 5501 fratribus
1819 5432 1972 5502 Cod.
2017 5436 2210 5501 Rozr.
2265 5436 2351 5518 ¹⁸)
2392 5438 2735 5518 Kyeystuth
2790 5435 2941 5500 ood.
2988 5434 3179 5503 Rozr.
