4342 6384
857 518 1014 595 618
2051 539 2285 593 mm
2328 537 2851 591 nuonncmus.
3421 512 3562 612 (Α.
3592 512 3697 586 D.
3726 507 3993 606 1440.)

865 725 1226 799 Luboczae
1261 724 1320 813 1)
1369 728 1448 797 et
1495 724 1798 797 alianum
1837 726 2170 797 consules
2210 731 2279 798 et
2316 725 2660 812 seniores,
2736 744 2913 815 quos
2949 721 3287 794 similiter
3321 720 3769 793 wladislaus
3828 718 3991 790 Rex

861 844 1160 937 benigne
1216 844 1484 937 excipit
1539 849 1608 917 et
1641 846 1960 917 honorat.
2023 844 2279 917 Nuntii
2319 845 2559 936 itaque
2596 844 2911 936 Reginae
2953 849 3023 915 et
3060 842 3289 934 Regni
3328 841 3741 933 Hungariae
3782 862 3987 931 prae-

867 966 1040 1039 dicti
1103 966 1428 1058 pluribus
1483 965 1728 1039 diebus
1778 986 1940 1037 cum
1995 964 2391 1037 wladislao
2464 965 2687 1057 Rege,
2764 964 3115 1036 Praelatis
3190 968 3259 1035 et
3318 961 3701 1033 baronibus
3774 961 3987 1032 Polo-

869 1086 1063 1176 niae,
1116 1086 1241 1178 qni
1296 1091 1466 1159 tunc
1517 1087 1594 1159 in
1647 1106 1900 1177 magna
1954 1084 2412 1158 multitudiue
2466 1085 2869 1157 cracoviam
2926 1090 3429 1169 conuenerant,
3502 1082 3825 1172 privatos
3884 1081 3989 1151 in-

868 1206 1290 1298 grediuntur
1352 1210 1728 1294 tractatus,
1796 1205 1947 1279 dari
2013 1205 2152 1277 sibi
2215 1205 2688 1277 wladislaum
2743 1205 2817 1277 in
2874 1206 3137 1296 Regem
3190 1204 3559 1295 postulant
3586 1201 3676 1291 ²),
3736 1201 3981 1273 condi-

875 1325 1104 1399 tiones
1141 1328 1380 1419 plures
1419 1326 1784 1399 adiiciunt.
1827 1326 1970 1398 Res
2007 1325 2162 1417 ipsa
2192 1347 2449 1417 magna
2486 1325 2988 1399 deliberatione
3024 1346 3149 1415 per
3182 1324 3549 1397 Praelatos
3584 1328 3659 1395 et
3684 1324 3991 1395 barones

879 1446 1214 1521 Poloniae
1277 1447 1700 1520 calculatur:
1769 1446 2090 1537 quamvis
2165 1445 2349 1518 enim
2410 1444 2639 1536 prima
2700 1445 2878 1543 facie
2942 1444 3336 1517 Wladislao
3400 1444 3743 1518 Poloniae
3810 1443 3991 1534 Regi

871 1567 1248 1640 molestum
1313 1566 1702 1655 videretur,
1775 1566 2006 1659 patrio
2073 1567 2317 1658 Regno
2384 1566 2659 1639 deserto
2725 1565 3207 1638 Pannonicum
3272 1564 3627 1655 suscipere
3645 1620 3662 1653 ,
3738 1584 3989 1655 parum

875 1707 1153 1781 quoque
1186 1691 1468 1780 gratum
1499 1686 2025 1760 matrimonium
2081 1691 2367 1779 propter
2418 1687 2743 1777 Regnum
2798 1686 3067 1772 subire,
3128 1685 3387 1758 detulit
3440 1693 3677 1757 tamen
3712 1706 3867 1757 rem
3904 1684 3991 1754 ad

877 1806 1254 1881 concilium
1283 1806 1371 1897 ³),
1439 1814 1760 1881 staturus
1825 1829 1936 1895 ec,
2005 1808 2191 1898 quod
2252 1808 2495 1898 plures
2560 1807 2983 1880 censuerint.
3064 1808 3152 1879 Iu
3216 1805 3645 1878 consiliariis
3710 1824 3991 1896 quoque

877 1932 1271 2001 monstrosa
1323 1928 1787 2019 consurgebat
1843 1927 2181 1999 varietas:
2252 1927 2671 2019 quibusdam
2736 1928 2920 2000 enim
2984 1926 3241 1999 inutile
3304 1925 3535 1999 visum
3592 1931 3707 1998 est
3762 1934 3837 1997 et
3886 1926 3989 1997 rei

878 2048 1205 2140 publicae
1259 2046 1492 2139 Regni
1541 2048 1878 2121 Poloniae
1930 2047 2315 2140 plurimum
2370 2049 2780 2120 damnosum
2798 2104 2815 2135 ,
2884 2048 3245 2139 proprium
3298 2047 3563 2140 Regem
3616 2054 3693 2119 et
3746 2046 3987 2118 haere-

881 2168 1036 2241 dem
1091 2166 1298 2241 alteri
1349 2167 1522 2239 -dare
1591 2168 1868 2260 Regno,
1925 2171 1996 2239 et
2051 2166 2189 2239 duo
2254 2168 2497 2259 Regna
2550 2167 2709 2242 ·diffi
2721 2167 2857 2239 cile
2910 2172 2984 2239 et
3036 2168 3219 2239 male
3272 2188 3396 2258 per
3448 2189 3671 2239 unum
3726 2168 3987 2259 Regem

880 2286 1162 2379 disponi
1187 2287 1279 2375 4)..
1339 2288 1606 2361 Horum
1660 2293 1904 2360 votum
1959 2293 2029 2360 et
2081 2287 2391 2361 rationes
2448 2288 2723 2359 fortiter
2776 2288 3277 2378 persuadentes
3326 2287 3755 2379 sequebatur
3792 2286 3987 2358 Wla·

883 2406 1154 2480 dislaus
1207 2408 1396 2496 Rex,
1455 2414 1526 2481 et
1578 2409 1872 2481 moleste
1929 2408 2229 2495 ferebat,
2287 2408 2533 2479 nativo
2584 2408 2829 2500 Regno
2880 2408 3133 2480 relicto
3185 2409 3480 2481 alterius
3531 2408 3986 2501 gubernatio-

883 2548 1040 2601 nem
1095 2549 1479 2617 assumere,
1537 2528 1950 2621 praesertim
2025 2549 2182 2601 cum
2236 2528 2702 2620 intelligeret,
2777 2528 3147 2601 Elisabeth
3216 2528 3592 2621 Reginam,
3658 2528 3989 2601 feminam

883 2647 1022 2721 iam
1085 2654 1520 2739 provectam,
1591 2649 1726 2722 sibi
1793 2649 2221 2722 adolescenti
2286 2671 2409 2740 pro
2476 2653 2797 2721 consorte
2860 2649 3242 2722 ducendam
3308 2670 3483 2722 esse.
3552 2649 3747 2721 Aliis
3803 2670 3985 2733 vero,

883 2767 1071 2861 parti
1127 2768 1456 2841 videlicet
1510 2768 1759 2841 maiori
1815 2774 1885 2843 et
1937 2769 2235 2857 saniori,
2304 2770 2536 2850 visum
2593 2776 2731 2857 est,
2800 2769 3330 2861 quibuscunque
3396 2770 3633 2843 causis
3689 2790 3833 2842 non
3886 2776 3984 2839 at-

887 2888 1138 2975 tenti8‚
1199 2888 1520 2981 Regnum
1577 2889 1980 2981 Hungariae
2036 2890 2347 2963 oblatum
2406 2890 2761 2981 suscipere
2817 2910 2903 2962 ex
2960 2911 3039 2962 eo
3098 2892 3245 2963 solo
3299 2897 3657 2982 respectu,
3700 2896 3781 2961 ut
3820 2890 3987 2961 fides

893 3007 1239 3081 catholica
1293 3014 1364 3080 et
1411 3009 1736 3100 Regnum
1794 3010 2201 3102 Himgariae
2256 3011 2341 3082 ab
2399 3010 2762 3083 invasione
2813 3012 3195 3083 'Tur-corum
3244 3016 3481 3102 posset
3532 3010 3851 3097 defendi,
3894 3010 3985 3080 fa-

889 3128 1239 3218 ciliusque
1273 3127 1332 3217 5)
1398 3128 1902 3201 concludebant
1963 3152 2087 3221 pro
2143 3130 2557 3204 ‚defensioue
2626 3131 2859 3221 Regni
2934 3132 3369 3224 Hungariae‚
3449 3152 3661 3223 quam
3728 3152 3807 3203 eo
3860 3129 3989 3221 'per

894 3248 1156 3320 Turcos
1211 3251 1580 3339 occupat0‚
1636 3269 1761 3339 pro
1816 3249 2057 3341 Regno
2114 3249 2448 3322 Poloniae
2500 3271 2658 3321 cum
2715 3250 2959 3322 Turcis
3017 3251 3349 3323 dimicare
3376 3251 3464 3339 ὅ).
3524 3249 3721 3322 Vicit
3756 3250 3988 3340 itaque

887 3368 1174 3460 publica
1225 3367 1504 3441 utilitas
1558 3367 1934 3461 privatam,
1995 3374 2066 3443 et
2119 3370 2405 3443 maioris
2457 3370 2683 3461 partis
2738 3374 2851 3462 (ut
2889 3391 3162 3462 semper
3196 3371 3563 3443 consuevit
3586 3370 3649 3459 ⁷)
3708 3375 3983 3441 seuten-

891 3488 998 3561 tia
1050 3489 1312 3575 valuit;
1369 3489 1456 3563 ad
1511 3490 1978 3581 explorandas
2033 3490 2321 3583 insuper
2358 3492 2760 3562 voluntates
2797 3492 3173 3582 populares
3228 3492 3496 3563 Paulus
3555 3488 3987 3582 Woyniczky

895 3609 980 3682 de
1023 3609 1268 3685 ‚Senno
1287 3608 1361 3700 θ.)
1414 3610 1504 3682 ad
1548 3610 1995 3703 {Hungariam
2051 3610 2344 3699 missus,
2403 3615 2477 3683 at
2531 3611 2657 3683 ille
2710 3611 3199 3685 convenientia
3250 3611 3499 3703 populi
3546 3610 3799 3683 studia
3848 3632 3985 3682 am-

891 3729 1329 3803 basiatorum
1381 3730 1708 3823 precibus
1761 3730 2226 3819 annuntians,
2295 3732 2500 3805 fidem
2556 3730 2895 3824 legationi
2960 3738 3030 3804 et
3078 3731 3308 3805 dando
3362 3731 3741 3805 consensui
3796 3751 3985 3804 accu-

900 3850 1321 3926 mulaverat.
1379 3851 1562 3924 Dum
1614 3850 1837 3943 igitur
1897 3850 2331 3925 conditiones
2396 3853 2659 3925 multae
2712 3856 2785 3925 et
2840 3853 2981 3925 fere
3036 3872 3274 3925 omnes
3328 3852 3661 3943 utrinque
3716 3872 3986 3923 concor-

898 3970 1102 4045 datae
1157 3975 1424 4057 essent,
1481 3970 1774 4045 nuntius
1830 3972 2011 4045 celer
2039 3972 2102 4060 ⁰)
2155 3992 2245 4045 ex
2302 3972 2667 4065 Hungaria
2729 3993 2885 4045 cum
2940 3972 3170 4046 literis
3224 3972 3314 4044 ad
3360 3970 3869 4044 ambasiator-es
3908 3970 3988 4057 ¹⁰)

899 4090 1307 4181 Hungariae
1353 4090 1636 4165 advenit
1675 4090 2238 4183 significantibus
2276 4092 2389 4181 ¹¹),
2446 4092 2815 4165 Elisabeth
2877 4093 3219 4185 Reginam
3282 4089 3689 4183 Hungariae
3756 4092 3831 4164 in
3886 4091 3990 4161 die

901 4209 1144 4283 Sancti
1197 4210 1392 4283 Petri
1445 4211 1536 4287 ad
1593 4212 1876 4285 vincula
1911 4212 1985 4285 in
2021 4218 2251 4286 castro
2290 4213 2623 4285 Comarno
2662 4210 2751 4301 12)
2805 4213 3033 4285 filium
3080 4212 3435 4305 peperisse
3474 4218 3545 4283 et
3580 4211 3991 4284 Ladislaum

902 4350 1222 4417 vocasse3
1279 4350 1457 4421 quae
1511 4332 1791 4407 novitas
1856 4331 2239 4408 Wladislai
2290 4333 2507 4424 Regis
2564 4339 2634 4405 et
2686 4333 3245 4406 consiliariorum
3310 4331 3648 4404 Poloniae
3702 4331 3991 4415 animoa

899 4453 981 4523 ut
1031 4450 1357 4542 {Regnum
1413 4449 1833 4542 susciperet,
1900 4452 2185 4543 penitus
2248 4453 2537 4540 avertit,
2606 4458 2943 4545 tantaque
3006 4452 3456 4526 commutatio
3513 4472 3601 4523 ex
3660 4472 3745 4523 ea
3798 4450 3989 4522 novi-

901 4574 1047 4645 tate
1102 4570 1175 4642 in
1230 4570 1498 4645 animos
1552 4571 1770 4664 Regis
1825 4576 1896 4643 et
1949 4571 2509 4645 consiliariorum
2565 4572 2886 4662 incessit,
2957 4578 3039 4646 ut
3092 4594 3327 4645 omues
3380 4592 3527 4643 rem
3582 4570 3997 4662 simpliciter

901 4691 1350 4765 deserendam
1405 4692 1875 4765 decernerent.
1933 4693 2137 4765 Unde
2193 4697 2263 4766 et
2314 4694 2898 4767 ambasiatoribus
2954 4693 3359 4786 Hungariae
3396 4692 3581 4764 nude
3616 4698 3995 4783 aperteque

901 4832 1312 4904 responsum
1367 4816 1506 4885 est:
1563 4833 1704 4885 nou
1755 4833 1962 4905 posse
2014 4812 2320 4904 amplius
2358 4813 2431 4885 in
2468 4814 2777 4906 aliquam
2843 4813 3361 4886 conclusionem
3412 4832 3573 4883 cum
3628 4811 3821 4898 illis,
3878 4830 3995 4881 ex-

1119 5118 1166 5199 ¹)
1209 5120 1487 5183 Lubczae
1527 5119 1658 5183 Ed.
1703 5118 1885 5205 Lips.
1936 5119 2010 5200 ⁵²)·
2019 5123 2389 5199 postulantes
2431 5119 2559 5183 Ed.
2610 5120 2788 5204 Lips.
2838 5121 2886 5201 ³)
2931 5122 2993 5181 in
3038 5121 3345 5184 consilium
3389 5115 3516 5181 Ed.
3563 5116 3745 5200 Lips.
3800 5114 3853 5195 ⁴)
3895 5116 3993 5177 ad·

898 5222 1253 5287 ,ministrari
1305 5218 1457 5287 Cod.
1501 5221 1682 5287 Kost.
1732 5222 1784 5305 ⁵)
1829 5226 2136 5302 satiusque
2177 5221 2305 5287 Ed.
2351 5222 2532 5307 Lips.
2582 5223 2633 5304 ⁶)
2678 5226 2949 5287 militare.
3007 5218 3159 5286 Cod.
3224 5219 3400 5285 Calv.
3466 5220 3519 5300 ⁷)
3563 5227 3630 5281 ut
3680 5222 3833 5281 solet
3870 5215 3997 5281 Ed.

901 5320 1087 5408 Lips.
1123 5325 1174 5405 ⁸)
1208 5328 1502 5390 Winiczki
1548 5329 1623 5391 de
1653 5328 1861 5389 Sieuas
1904 5325 2033 5388 Ed.
2080 5324 2263 5409 Lips.
2313 5326 2367 5407 ⁹)
2414 5329 2617 5391 Heder
2657 5324 2786 5390 Ed.
2832 5324 3015 5410 Lips.
3077 5324 3153 5401 ¹⁰)
3184 5328 3413 5401 legatos
3447 5320 3600 5387 God.
3632 5320 3771 5385 [22⁰⁸.
3816 5322 3893 5401 ¹¹)
3924 5323 3995 5381 si-

907 5427 1193 5506 gnificans
1236 5427 1364 5492 Ed.
1415 5428 1594 5515 szps.
1649 5429 1730 5511 ¹²)
1776 5431 2103 5496 Gomorano
2153 5426 2305 5493 Cod.
2352 5428 2538 5515 Lq'ps.
2586 5430 2873 5495 coi-mano
2916 5426 3045 5496 Ed.
3093 5427 3273 5511 Lips.
