4342 6384
944 548 1096 622 590
2078 568 2306 623 ωιτη
2356 566 2867 625 nuomcmus.
3462 542 3609 648 (Α.
3642 544 3739 623 D.
3780 542 4031 643 ⁸⁴3⁸.)

939 752 1332 827 munitione
1381 752 1648 841 valeat,
1707 752 2094 825 exercitum
2149 772 2418 827 omnem
2472 751 2647 825 illuc
2701 752 3111 839 traducunt,
3167 758 3245 825 et
3279 752 3467 825 haud
3518 752 3729 843 longe
3780 752 3879 827 ab
3918 772 4025 841 op·

871 874 876 879 ’
939 872 1104 965 pido
1157 872 1542 964 praedicto,
1610 872 1796 963 quod
1851 878 2000 945 erat
2063 872 2136 945 in
2192 870 2588 946 obedientia
2638 876 2714 945 et
2768 871 3109 945 fidelitate
3164 870 3540 959 Kazimiri‚
3598 876 3841 943 castra
3895 892 4021 943 me-

939 995 1204 1079 tantur,
1258 996 1332 1067 et
1385 990 1693 1065 vallibus
1751 990 2022 1083 aliquot
2075 996 2287 1083 atque
2343 991 2585 1079 fossiS,
2652 992 2901 1065 deinde
2956 991 3276 1066 curribus
3328 996 3559 1066 castra
3611 990 3689 1063 in
3738 1012 4025 1063 coronae

943 1112 1222 1185 modum
1277 1110 1626 1185 muniunt.
1686 1112 1786 1183 De
1823 1132 1958 1203 quo
1995 1111 2335 1185 Albertus
2372 1111 2527 1185 Rex
2566 1111 2819 1185 certior
2863 1112 2949 1185 ab
2988 1111 3549 1203 exploratoribus
3588 1110 3739 1185 suis
3782 1112 4023 1196 factus,

941 1231 1096 1307 illic
1150 1252 1359 1322 quam
1409 1229 1625 1304 citius
1675 1236 2036 1322 properat3
2092 1236 2237 1303 tam
2292 1230 2443 1322 ipse
2496 1252 2707 1323 quam
2760 1252 2998 1307 omncs
3056 1230 3167 1305 sui
3218 1231 3657 1305 alacritatem
3708 1236 3789 1306 et
3842 1251 4023 1321 prae-

941 1350 1412 1441 sumptionem
1467 1348 1902 1423 temerariam
1957 1371 2123 1441 prae
2161 1371 2235 1423 se
2274 1350 2503 1423 animo
2542 1352 2806 1438 ferunt,
2861 1350 3069 1441 quasi
3104 1351 3429 1442 praedam
3466 1349 3775 1423 nobilem
3814 1350 4023 1440 primo

937 1490 1320 1562 congressu
1371 1467 1712 1543 habituri.
1784 1470 2074 1543 Fefellit
2129 1473 2363 1543 tamen
2417 1470 2582 1543 illos
2637 1469 2903 1562 opinio:
2962 1471 3265 1543 nondum
3321 1471 3497 1543 forte
3550 1470 3838 1560 experti
3892 1472 4020 1543 fue-

941 1594 1102 1665 rant
1154 1590 1448 1663 Martem
1502 1588 1786 1681 utrique
1839 1589 2026 1680 parti
2077 1611 2535 1663 communem.
2592 1589 2761 1663 Viso
2816 1589 2999 1663 enim
3054 1589 3371 1663 exercitu
3424 1590 3641 1682 Regis
3699 1590 4023 1663 Poloniao

941 1710 1031 1783 ad
1083 1709 1556 1784 dimicandum
1591 1709 2060 1799 paratissimo,
2117 1708 2393 1801 perdita
2430 1710 2825 1797 alacritate,
2882 1709 3153 1800 perdito
3191 1708 3445 1796 animo,
3504 1716 3743 1785 castra
3774 1714 3855 1783 et
3888 1710 4023 1801 ipse

940 1830 1030 1901 ad
1085 1829 1346 1905 iactum
1409 1828 1666 1919 lapidis
1732 1830 2170 1903 tormentalis
2236 1832 2541 1901 metatur
2609 1830 2685 1901 in
2749 1838 2983 1901 monte
3044 1830 3275 1919 posito
3338 1850 3377 1901 e
3436 1829 3721 1921 regione
3798 1828 4023 1922 oppidi

925 1944 1314 2039 'praedicta
1373 1969 1550 2039 quae
1602 1948 1816 2021 etiam
1872 1949 2155 2021 fossatis
2208 1954 2281 2022 et
2334 1949 2655 2022 curribus
2708 1947 3203 2036 communivit3
3260 1948 3491 2039 etqui
3544 1970 3788 2023 secum
3842 1950 4018 2041 pala-

943 2067 1132 2141 tinos
1185 2067 1518 2141 Poloniae
1579 2069 1986 2141 nullatenus
2049 2072 2335 2160 propter
2394 2068 2748 2143 exercitus
2812 2068 3281 2160 imparitatem
3354 2067 3815 2141 existimabat
3874 2090 4018 2141 con-

937 2186 1172 2279 gredi,
1229 2186 1525 2278 ipsemet
1579 2186 2046 2277 periculosum
2103 2186 2240 2261 sibi
2276 2188 2557 2279 putavit
2612 2189 3013 2280 confligere,
3070 2194 3141 2261 et
3178 2188 3637 2278 irruptionem
3696 2188 3771 2259 in
3804 2198 4023 2261 castra

943 2328 1076 2379 sua
1127 2310 1476 2393 metuens,
1550 2310 1750 2379 nocte
1815 2312 1886 2381 et
1946 2306 2058 2379 die
2122 2307 2252 2379 illa
2322 2307 2593 2380 munire
2656 2330 2793 2380 non
2858 2307 3091 2381 desiit.
3172 2307 3523 2381 Existimo
3563 2308 3617 2395 1)
3690 2312 3764 2381 et
3826 2308 4019 2381 illum

941 2430 1310 2517 propterea
1362 2430 1709 2499 certamen
1762 2427 2184 2514 declinasse,
2252 2428 2437 2517 quod
2491 2428 2603 2499 vir
2667 2434 2919 2499 natura
2972 2428 3207 2499 iustus
3268 2433 3340 2500 et
3390 2428 3739 2519 benignus
3796 2428 4015 2513 fuerit,

937 2549 1013 2619 et
1065 2546 1438 2637 praecipua
1489 2566 1656 2617 cura
1707 2545 2058 2634 intentae,
2116 2568 2204 2619 ne
2258 2547 2547 2639 sanguis
2604 2547 3029 2620 christianus
3086 2548 3491 2621 funderetur
3519 2545 3607 2635 2).

1503 2908 1870 2983 oona-im
1913 2909 2089 2981 inter
2133 2909 2493 2981 exereitum
2536 2908 2783 2981 ilberti
2826 2908 3022 2997 nogia
3066 2909 3138 2979 ot
3180 2907 3471 2979 Polam.

1145 3143 1415 3217 Castris
1469 3142 1838 3217 contrariis
1891 3148 1962 3217 et
2018 3144 2333 3222 adversis
2388 3167 2525 3217 non
2562 3146 2769 3237 longe
2818 3146 2909 3219 ab
2946 3144 3247 3217 invicem
3280 3128 3522 3219 taliter
3556 3144 3919 3217 collocatis
3940 3141 4017 3229 ³),

943 3266 1238 3353 uterque
1291 3262 1642 3337 exercitus
1697 3263 1808 3337 die
1845 3263 2160 3355 quolibet
2204 3264 2666 3337 descendebat
2717 3265 2805 3337 ad
2838 3268 3223 3353 certamen,
3280 3264 3575 3339 caeteris
3628 3263 4017 3354 spectaculo

937 3382 1334 3474 occupatis,
1389 3386 1464 3455 et
1513 3383 1792 3473 quoties
1845 3383 2106 3475 aliquis
2161 3384 2517 3457 exercitus
2572 3383 2855 3457 videbat
2910 3406 2985 3457 se
3021 3383 3282 3477 frangi,
3342 3383 3551 3456 toties
3604 3383 4015 3468 recurrebat,

937 3502 1164 3577 altero
1217 3507 1708 3594 prosequente,
1765 3503 1852 3577 ad
1890 3507 2120 3577 castra
2147 3503 2246 3592 4):
2304 3524 2659 3593 nunquam
2718 3504 2888 3576 totis
2928 3503 3199 3575 viribus
3253 3503 3325 3575 in
3356 3502 3418 3591 5)
3472 3505 3827 3575 fortunam
3864 3524 4015 3575 ven·

941 3624 1094 3697 tum
1148 3621 1342 3695 belli.
1398 3623 1791 3698 Transeunt
1843 3622 1920 3695 in
1954 3623 2087 3695 tali
2121 3621 2462 3697 exercitio
2515 3621 2665 3695 dios
2718 3622 3030 3712 plurimi,
3088 3626 3159 3695 et
3194 3622 3439 3695 multis
3494 3622 3658 3695 hinc
3712 3622 3871 3695 inde
3912 3641 4017 3693 ca-

939 3742 1117 3832 ptis,
1173 3741 1534 3816 nonnullis
1590 3742 2010 3829 interfectis,
2068 3746 2313 3817 neuter
2367 3741 2719 3816 exercitus
2774 3741 3067 3815 alterius
3114 3742 3379 3815 invasit
3438 3746 3709 3815 castra:
3764 3740 4017 3833 gratier

937 3862 1130 3935 enim·
1182 3862 1464 3953 utrique
1517 3862 1964 3953 particularis
2019 3884 2227 3953 quam
2264 3862 2687 3937 universalis
2740 3882 3159 3955 congressus
3206 3865 3387 3949 erat,
3444 3861 3819 3952 pulchrum
3854 3881 4013 3953 quo-

943 4001 1077 4071 que
1130 3986 1201 4054 et
1251 3981 1606 4072 placidum
1657 3982 2091 4070 iudicabant,
2149 3986 2291 4058 tam
2329 3982 2619 4073 pulchro
2658 3983 3055 4073 spectaculo
3077 4038 3094 4069 ,
3136 3981 3339 4071 quasi
3372 3982 3599 4055 altero
3633 3981 3823 4057 bollo
3858 3981 4015 4053 Tro-

951 4098 1135 4188 iano,
1191 4100 1559 4189 oblectari3
1613 4101 1860 4173 nullus
1894 4122 2171 4193 quoque
2208 4102 2357 4175 dies
2412 4101 2795 4193 praeteriit,
2852 4102 2927 4173 in
2964 4123 3101 4192 quo
3152 4100 3583 4189 bombardiS,
3640 4100 4017 4192 pixidibus,

942 4218 1200 4311 gladiis
1220 4276 1236 4307 ,
1305 4220 1599 4309 lanceis,
1677 4219 2104 4311 caeterisque
2170 4222 2385 4293 armis
2459 4223 2846 4312 pugnatum
2917 4241 3056 4292 non
3122 4223 3329 4293 esset.
3410 4220 3733 4312 Triginta
3804 4218 4021 4291 millia

944 4339 1236 4411 Alberto
1289 4340 1658 4430 parebant,
1721 4340 2017 4418 Polonis
2075 4340 2597 4431 quatuordeeim
2660 4338 2923 4427 millia,
2986 4340 3113 4419 sed
3164 4339 3417 4416 castris
3481 4338 3723 4412 iuncta
3776 4338 4019 4412 civitas

945 4479 1193 4551 magno
1258 4463 1408 4530 erat
1471 4458 1904 4546 adiument03
1978 4463 2323 4531 tormenta
2383 4480 2661 4551 quoque
2725 4480 2923 4531 aerea
2996 4459 3069 4531 in
3131 4459 3451 4549 utrisque
3514 4458 3771 4530 castris
3844 4460 4019 4529 fuere

943 4578 1284 4670 plurima,
1339 4579 1464 4651 sed
1517 4578 1810 4651 Alborto
1865 4579 2148 4653 maiora.
2210 4579 2552 4671 Georgius
2607 4578 3180 4669 Podayebraczky
3208 4578 3273 4667 θ)
3328 4577 3673 4668 peridem
3728 4582 4017 4668 tempus,

935 4698 1107 4771 dum
1143 4702 1334 4771 osset
1371 4697 1597 4790 partis
1635 4697 2011 4786 Kazimiri,
2069 4699 2142 4771 in
2180 4700 2364 4771 alam
2402 4701 2907 4773 Almannorum
2944 4698 3290 4785 incidens,
3350 4718 3499 4769 eam
3538 4696 3829 4783 stravit,
3864 4716 4015 4767 con·

945 4817 1304 4910 flixitque,
1361 4822 1572 4908 atque
1624 4817 1788 4891 hinc
1849 4818 2150 4909 primum
2206 4818 2475 4893 homini
2535 4840 2785 4891 nomen
2838 4818 3101 4891 datum.
3177 4818 3269 4889 Et
3322 4815 3644 4907 quamvis
3708 4815 4021 4907 pluribus

941 4936 1219 5011 vicibus
1272 4937 1466 5028 pacis
1521 4940 1935 5009 tractatores
1989 4938 2140 5009 dati
2194 4942 2429 5010 essent
2494 4943 2564 5010 et
2616 4938 2841 5009 multa
2894 4938 3087 5028 pacis
3142 4936 3369 5009 media
3432 4934 3597 5006 hinc
3650 4936 3809 5007 inde
3868 4954 4019 5026 pro-

941 5056 1204 5150 posita,
1260 5078 1402 5149 pax
1437 5061 1671 5130 tamen
1707 5059 2148 5147 nullatenuS,
2208 5057 2749 5150 impedientibus
2787 5056 3150 5147 BohemiS,
3191 5062 3391 5148 rapto
3428 5056 3667 5129 vivere
3700 5053 4021 5139 assuetiS‚

1159 5327 1204 5409 ¹)
1251 5331 1477 5397 Eatimo
1531 5329 1682 5397 cod.
1731 5328 1947 5396 Przez.
1997 5330 2052 5411 ²)
2097 5331 2449 5393 Christianis
2491 5330 2905 5392 effunderetur.
2950 5326 3078 5391 Ed.
3108 5326 3291 5411 Lipe.
3341 5327 3393 5407 8)
3434 5329 3649 5405 positis
3692 5324 3814 5389 Ed.
3849 5323 4023 5407 Life-

945 5430 1000 5516 ⁴)
1049 5434 1128 5497 aad
1171 5438 1366 5499 cuma
1406 5434 1572 5501 ium
1613 5430 1740 5500 Ed.
1787 5431 1970 5518 Lips.
2019 5432 2070 5513 ⁵)
2115 5434 2196 5498 ad
2238 5429 2365 5501 Ed.
2412 5428 2593 5515 Lips.
2641 5429 2695 5510 ⁰)
2739 5432 3131 5501 Padniobraki
3174 5428 3301 5496 Ed.
3346 5427 3529 5511 Lipae.
