4342 6384
864 612 1012 688 106
2069 630 2295 687 mmm
2346 630 2803 687 unnncnms.
3423 605 3559 708 (Α.
3598 603 3689 681 D.
3730 601 3963 704 1410.)

867 820 1056 907 16116,
1114 841 1250 911 quo
1305 823 1508 910 pacto
1562 839 1686 909 pro
1741 820 2065 892 hostibus
2119 819 2293 892 meis
2349 818 2719 892 cruciferis
2774 821 3015 891 contra
3060 836 3170 889 me
3208 837 3400 888 arma
3437 816 3721 903 tuleris,
3780 815 3960 888 edis-

871 960 1019 1011 sere
1083 944 1152 1011 et
1215 938 1517 1026 facinus,
1589 959 1724 1029 quo
1778 938 1854 1011 in
1907 959 2034 1010 nos
2097 960 2271 1011 usus
2328 960 2435 1027 66,
2490 939 2758 1011 refelle.
2815 937 2927 1008 Ad
2979 938 3151 1009 haec
3204 936 3459 1027 Zayecz
3498 934 3585 1023 ¹):
3642 934 3804 1007 Non
3842 933 3962 1006 ab·

870 1079 1040 1145 nuo,
1106 1056 1424 1148 piissime
1486 1058 1685 1130 Rex!
1757 1079 1866 1130 me
1921 1061 2084 1130 tuae
2149 1057 2544 1130 Maiestatis
2600 1062 2671 1129 et
2724 1056 3113 1129 curiensem
3178 1060 3249 1127 et
3304 1055 3713 1128 servitorem
3774 1072 3965 1140 esse;

871 1178 992 1249 sed
1047 1177 1231 1268 quod
1287 1179 1356 1249 te
1410 1179 1760 1269 neglecte,
1818 1177 1906 1249 ad
1959 1177 2198 1249 host-es
2253 1180 2414 1249 tuos
2469 1177 2857 1249 cruciferos
2913 1174 3394 1263 transiverim,
3450 1174 3759 1248 conditio
3814 1173 3967 1245 ani-

873 1295 1223 1368 mositatis
1277 1316 1503 1385 meae,
1561 1318 1700 1387 qua
1754 1295 1863 1367 vir
1892 1294 1954 1386 2)
2013 1296 2246 1369 audax
2302 1298 2373 1369 et
2424 1296 2856 1387 impavidus,
2912 1295 3091 1367 alias
3146 1292 3383 1383 Rabk,
3442 1316 3596 1367 sum
3644 1298 3715 1366 et
3754 1292 3965 1365 aesti-

872 1436 1052 1503 mor,
1110 1414 1408 1488 transire
1445 1415 1810 1488 honestius
1865 1416 2039 1488 duxi
2077 1415 2162 1487 ad
2201 1418 2468 1506 partem
2507 1414 2849 1488 deiectam
2887 1420 2956 1487 et
2992 1419 3445 1505 prostratam:
3504 1412 3745 1485 audivi
3782 1412 3969 1485 enim

872 1535 1264 1626 triumphos
1331 1540 1489 1607 tuos
1555 1535 1860 1608 celebres
1927 1536 2325 1626 frequenter
2377 1535 2461 1607 de
2514 1534 2929 1608 Cruciferico
2995 1532 3251 1607 Ordine
3283 1532 3344 1623 ³)
3408 1535 3691 1607 relatos.
3758 1533 3851 1603 Et
3904 1531 3968 1603 si

875 1676 984 1727 me
1048 1654 1500 1727 contulissem
1566 1654 1640 1725 in
1705 1658 1904 1727 11111111
1970 1654 2301 1727 solatium
2333 1655 2420 1742 ⁴),
2488 1654 2917 1726 consolatrix
2984 1674 3136 1726 mea
3202 1653 3568 1745 (Sophiam
3622 1653 3969 1744 Reginam

877 1772 1274 1845 Wenceslai
1346 1774 1722 1846 Bohemiae
1793 1774 2010 1866 Regis
2084 1777 2471 1846 consortem
2543 1775 2828 1862 notans)
2900 1772 3344 1865 improperiis
3417 1794 3527 1845 me
3590 1772 3967 1857 obruisset,

877 1894 1061 1985 quod
1124 1897 1319 1964 metu
1378 1914 1654 1985 pugnae
1719 1893 1805 1965 ad
1867 1898 1969 1981 te,
2039 1893 2154 1966 cui
2219 1897 2578 1965 cesserunt
2641 1895 2980 1965 hactenus
3037 1892 3273 1966 felices
3328 1892 3697 1981 victoriae,
3754 1890 3969 1964 decli-

877 2032 1182 2083 nassem.
1240 2011 1355 2083 Ivi
1409 2011 1648 2103 itaque
1701 2012 1789 2083 ad
1845 2033 1992 2101 666,
2051 2012 2308 2104 quibus
2345 2033 2593 2103 parum
2632 2012 2973 2084 secundae
3009 2032 3121 2084 res
3159 2015 3390 2100 erant,
3450 2010 3971 2084 animositatem

880 2151 1133 2218 meam,
1192 2131 1766 2221 quemadmodum
1823 2132 2088 2220 evenit,
2146 2131 2785 2205 demonstraturus:
2844 2132 3171 2222 quoniam
3209 2131 3657 2204 Theutonicis
3697 2129 3975 2223 fugien-

879 2249 1108 2339 tibus,
1166 2271 1290 2342 ego
1347 2250 1585 2342 fugere
1639 2254 1843 2341 turpe
1897 2255 2126 2338 ratuS,
2192 2250 2267 2321 in
2326 2254 2487 2323 tuae
2550 2249 2849 2321 militiae
2911 2271 3159 2321 manus
3224 2249 3493 2323 deveni.
3558 2251 3700 2322 Fac
3753 2250 3977 2341 igitur

882 2389 1148 2440 mecum
1205 2372 1285 2440 ut
1338 2368 1536 2441 libet.
1594 2369 2076 2461 Interrogatus
2131 2369 2381 2441 deinde
2434 2390 2475 2441 a
2510 2370 2733 2460 Rege:
2794 2367 2963 2460 quid
3010 2370 3095 2442 de
3134 2391 3207 2442 se
3245 2370 3523 2460 captivo
3562 2374 3632 2442 et
3667 2367 3973 2442 curiensi

882 2492 951 2558 61
989 2486 1354 2575 familiari,
1410 2488 1745 2560 victorem
1782 2488 2071 2579 dignum
2111 2492 2425 2560 censeret
2460 2490 2817 2560 statuere?
2872 2488 3100 2579 Quod,
3157 2487 3423 2580 inquit,
3480 2488 3614 2561 tibi
3654 2492 3777 2559 tua
3814 2509 3975 2559 sua-

881 2606 1000 2678 det
1063 2607 1466 2694 clementia,
1535 2627 1672 2697 qua
1735 2606 1809 2679 in
1873 2606 2185 2679 devictos
2248 2628 2454 2695 usus,
2522 2606 2889 2680 victoriam
2954 2606 3218 2679 videris
3282 2608 3356 2679 in
3413 2612 3613 2679 tuum
3667 2608 3977 2679 favorem

884 2725 1255 2817 obligasse.
1322 2725 1490 2797 Tam
1557 2727 1782 2797 faceta
1844 2726 2297 2817 responsione
2349 2727 2505 2799 Rex
2558 2727 2939 2817 pellectus,
3008 2747 3196 2815 eum,
3263 2730 3345 2798 111
3375 2728 3438 2817 5)
3492 2731 3833 2816 caeteros,
3892 2727 3981 2798 ad

887 2844 1330 2935 sponsionem
1385 2844 1762 2918 militarem
1818 2845 2137 2918 dimittit.

889 3194 1169 3266 Polonici
1211 3194 1456 3265 milites
1500 3198 1572 3265 ct
1615 3195 2002 3284 praesidium
2045 3195 2463 3267 Tucholiensc
2508 3196 2771 3268 litteras
2813 3198 2990 3268 inter
3036 3212 3107 3267 sc
3152 3196 3328 3267 ultro
3359 3196 3648 3286 citroque
3680 3196 3986 3268 mittunt.

1099 3440 1380 3514 Interea
1432 3440 1696 3513 milites
1761 3439 2114 3513 curienses
2168 3441 2378 3534 regii,
2447 3441 2570 3532 qui
2632 3442 2897 3513 cladem
2951 3439 3025 3512 in
3078 3441 3317 3513 hostes
3382 3440 3566 3532 apud
3621 3440 3990 3532 Tucholya

894 3558 1286 3647 ediderant,
1345 3559 1661 3633 scribunt
1714 3560 1892 3631 Duci
1954 3560 2256 3632 Iohanni
2318 3560 2951 3652 Monsterbergensi
2980 3560 3043 3649 6)
3098 3565 3173 3633 61
3224 3560 3545 3633 omnibus
3600 3560 3993 3633 Crucifero·

891 3700 1048 3750 rum
1104 3678 1580 3771 stipendiariis
1635 3678 1709 3750 in
1762 3679 2118 3769 Tucholya
2171 3680 2572 3771 agentibuS,
2627 3680 2962 3771 gravibus
3022 3684 3091 3751 et
3143 3679 3426 3752 disertis
3472 3684 3786 3752 ornatam
3822 3701 3990 3751 ver-

893 3797 1004 3870 bis
1060 3797 1462 3889 epistolam,
1531 3818 1818 3888 eamque
1880 3819 2004 3888 per
2067 3797 2409 3869 Aroldum
2473 3799 2997 3885 transmittunt,
3064 3799 3237 3871 dura
3297 3798 3753 3890 requisitione
3815 3798 3997 3870 illos

898 3920 1286 3988 monentes:
1329 3920 1674 4007 quatenus
1711 3916 1914 3987 iuxta
1951 3916 2064 3988 ius
2103 3921 2175 3989 et
2212 3918 2725 3989 observantiam
2762 3917 3171 4005 militarem,
3231 3918 3463 3990 omnia
3498 3940 3717 4005 arma,
3770 3938 3999 4008 equos

901 4038 970 4105 et
1023 4033 1330 4125 insignia
1381 4034 1667 4121 bellica,
1726 4038 1796 4106 et
1833 4035 2194 4127 signanter
2228 4035 2481 4127 pallia,
2522 4058 2713 4108 arma
2751 4038 3093 4128 tegentia,
3134 4058 3309 4129 quae
3348 4036 3894 4128 Wapenrokkyn
3928 4038 4001 4125 ⁷)

906 4158 1275 4240 vocantur,
1350 4174 1506 4225 cum
1571 4153 1827 4244 quibus
1889 4154 1965 4225 in
2029 4154 2247 4227 aciem
2311 4154 2744 4245 prodierant,
2820 4156 2922 4229 eis
2983 4155 3308 4228 reddant:
3384 4155 3469 4227 ad
3524 4176 3642 4227 666
3695 4155 3899 4227 velut
3926 4154 4001 4243 8)

909 4271 1211 4343 victores
1266 4272 1624 4359 devoluta,
1683 4292 1771 4345 ex
1826 4293 1962 4364 quo
2017 4273 2090 4343 in
2145 4294 2465 4363 campum
2520 4274 2606 4345 ad
2661 4274 3163 4347 decernendum
3216 4275 3599 4366 progressi,
3666 4280 3737 4347 et
3788 4274 4005 4347 nullo

906 4390 1284 4462 certamine
1321 4390 1538 4478 edito,
1579 4390 1652 4462 in
1691 4392 1923 4483 fugam
1963 4392 2178 4480 versi,
2236 4393 2397 4483 plus
2437 4414 2643 4484 quam
2702 4393 2874 4466 victi
2912 4394 3207 4466 debeant
3254 4394 3635 4465 aestimari.
3693 4392 3843 4465 Nec
3882 4395 4003 4464 fu-

905 4529 1142 4601 gacem
1209 4530 1400 4580 arma
1462 4510 1707 4582 decent
1770 4510 1890 4583 sed
1953 4511 2215 4599 virum,
2283 4512 2543 4585 audens
2610 4533 2881 4603 quoque
2944 4518 3253 4585 armatus
3307 4513 3584 4603 prodire
3633 4511 3706 4584 in
3744 4512 4015 4601 aciem,

907 4632 1230 4701 teneatur
1296 4626 1478 4715 iure,
1545 4628 1608 4699 si
1662 4629 1919 4722 fugiat,
1995 4652 2185 4702 arma
2238 4630 2511 4704 tradere
2576 4630 2850 4703 victori.
2918 4632 3358 4723 Acceperunt
3412 4636 3645 4705 autem
3700 4632 3785 4703 ab
3841 4631 4015 4704 illis

905 4769 1348 4839 responsum:
1407 4747 1602 4837 Quod
1631 4746 1694 4837 ⁹)
1750 4769 1872 4839 pro
1929 4750 2117 4822 omni
2174 4754 2481 4841 tempore
2535 4770 2739 4821 curae
2794 4751 2931 4822 fuit
2967 4752 3067 4823 eis
3104 4750 3428 4842 proprius
3464 4751 3713 4837 honor,
3772 4770 4017 4841 neque

909 4888 1216 4960 unquam
1283 4867 1575 4939 credunt
1637 4867 1841 4938 illum
1897 4889 1971 4940 se
2027 4868 2331 4941 alicuius
2394 4868 2599 4961 fugae
2662 4869 3099 4961 turpitudine
3162 4868 3700 4942 contaminasse:
3760 4868 4016 4941 defen-

915 4987 1066 5059 suri
1135 4986 1431 5059 militari
1493 5007 1680 5059 more
1733 4987 2062 5061 honorem
2118 5009 2324 5061 suum
2394 4989 2471 5060 in
2524 4989 2797 5079 Regum
2852 4992 2923 5060 et
2974 4988 3381 5080 Principum
3445 4987 3696 5076 6111116,
3764 4991 3833 5061 61
3894 4989 4020 5061 in-

1131 5268 1181 5355 ¹)
1229 5274 1456 5349 Zayaez
1493 5269 1644 5335 Cod.
1681 5268 1856 5335 Calv.
1905 5272 1956 5353 2)
1987 5276 2089 5333 vix
2117 5272 2245 5335 Ed.
2277 5272 2457 5357 Lips.
2508 5271 2562 5355 ³)
2595 5274 2669 5335 de
2702 5274 3057 5336 Crucifcrico
3090 5276 3259 5335 hoste
3294 5270 3445 5337 Cod.
3510 5270 3684 5337 Calv.
3733 5272 3787 5356 ⁴)
3835 5280 4029 5339 auxi-

917 5375 1059 5432 lium
1109 5368 1259 5435 Cod.
1305 5372 1496 5435 Rozr.
1562 5373 1616 5455 ⁶)
1661 5380 1727 5436 ut
1771 5382 1831 5436 et
1877 5372 2027 5437 Cod.
2073 5374 2265 5437 Rozr.
2331 5375 2383 5455 ⁶)
2436 5378 2959 5452 Minsterbergensi
3018 5374 3167 5439 Cod.
3223 5375 3415 5439 Rozr.
3480 5375 3531 5456 7)
3576 5378 4037 5454 Vapponrokki

924 5470 1076 5537 Cod.
1125 5472 1316 5537 Rozr.
1364 5474 1416 5555 ⁸)
1461 5482 1742 5552 tanquam
1789 5472 1939 5540 Cod.
1984 5475 2176 5541 Rozr.
2224 5478 2277 5557 ⁹)
2322 5478 2437 5552 Qui
2486 5474 2635 5540 C'od.
2682 5474 2873 5540 Rozr.
