4342 6384
343 584 478 687 (Α.
518 583 609 661 D.
650 581 882 685 1410.)
1527 609 1754 665 mnan
1808 609 2266 666 unnucmus.
3292 589 3439 666 103

349 798 551 871 Inter
603 817 776 888 quos
831 796 1277 870 Ebrehardus
1333 797 1868 890 Herbipolensis
1925 798 2330 890 episcopus,
2390 799 2739 872 Iohannes
2776 797 2940 871 Dux
2978 800 3443 874 Monsterber-

345 916 585 1010 gensis
625 916 679 1005 ¹)
735 916 916 988 alias
954 917 1423 990 Sambicensis
1455 915 1518 1006 2)
1573 917 1658 991 de
1696 917 1956 1006 Slesia,
1995 917 2355 1010 praecipui
2390 917 2863 1006 habebantur,
2918 919 3043 1012 qui
3088 941 3442 1006 curruum,

352 1036 922 1124 bombardarum,
983 1041 1550 1128 caeterorumque
1602 1038 2014 1111 bellicorum
2070 1043 2535 1130 apparatuum
2592 1037 3045 1114 multitudine
3083 1041 3281 1128 freti,
3338 1062 3445 1115 or-

343 1156 706 1230 dinatione
759 1156 1092 1230 Prussiao
1144 1157 1473 1250 Magistri
1525 1163 1594 1230 et
1647 1157 2159 1231 Cruciferorum
2218 1158 2292 1231 in
2346 1158 2774 1250 Tucholyam
2829 1158 3141 1249 deducti,
3197 1161 3286 1233 ad
3339 1160 3447 1232 in-

344 1275 740 1349 vadendum
812 1277 1148 1350 Poloniae
1211 1277 1534 1369 Regnum
1597 1278 2134 1371 grassabantur,
2202 1278 2537 1351 nudatam
2591 1278 2963 1371 praesidiis
3020 1301 3207 1352 oram
3261 1280 3442 1372 peti-

341 1396 512 1469 turi.
587 1396 738 1486 Qua
807 1397 1122 1470 novitate
1191 1419 1316 1489 per
1390 1397 1866 1489 exploratores
1938 1399 2377 1473 Wladislaus
2449 1398 2785 1472 Poloniae
2856 1399 3011 1473 Rex
3066 1405 3442 1492 comperta,

346 1520 566 1588 terras
605 1515 892 1588 Maioris
929 1516 1297 1603 Polouiae,
1346 1516 1516 1591 item
1553 1517 2082 1592 Wieluneusem
2114 1516 2199 1608 ³),
2258 1518 2839 1606 Posnaniensem,
2895 1519 3443 1608 Lanciciensem‚

345 1634 882 1726 Cuyaviensem,
943 1636 1444 1726 Siradiensem,
1505 1638 2079 1726 Dobrzineusem,
2139 1638 2361 1710 movit
2414 1637 2488 1710 iu
2543 1637 3078 1730 expeditionem.
3137 1639 3301 1731 Ipse
3357 1639 3442 1712 de

342 1754 946 1828 Iuniwladislavia
1017 1755 1126 1829 die
1200 1756 1562 1830 Dominieo
1643 1763 1804 1832 aute
1878 1759 2136 1832 festum
2212 1758 2626 1831 Sanctorum
2701 1757 3006 1831 Simonis
3080 1763 3150 1831 et
3214 1759 3436 1831 Iudae

345 1894 700 1966 egressuS,
759 1875 926 1948 facit
979 1881 1396 1949 nocturnum
1427 1878 1514 1965 ⁴).
1581 1878 1791 1950 Feria
1845 1899 2006 1951 vero
2063 1878 2400 1966 secunda,
2457 1878 2532 1951 in
2570 1876 2819 1970 vigilia
2858 1877 3269 1951 Sanctorum
3326 1878 3434 1952 Si-

343 1993 570 2066 monis
625 1999 696 2068 et
749 1994 967 2068 Iudae
999 1993 1084 2084 5),
1144 1996 1336 2069 venit
1393 1997 1862 2090 Bidgostiam,
1932 2019 2068 2089 quo
2133 1997 2277 2071 iam
2342 1997 2581 2090 copiae
2647 2018 2931 2070 suorum
2986 1997 3296 2071 militum
3352 2018 3439 2071 ex

343 2113 552 2187 terris
607 2114 986 2206 praedictis
1041 2121 1545 2204 convenerant;
1602 2117 2130 2207 deliberatione,
2190 2117 2360 2209 quid
2415 2117 2531 2210 agi
2568 2116 2961 2208 expediret,
3018 2116 3231 2206 inita,
3288 2119 3444 2191 Rex

347 2233 421 2305 iu
477 2233 846 2325 Bidgostia
901 2256 976 2307 se
1031 2235 1430 2324 continenS,
1496 2236 1915 2325 exercitum,
1985 2236 2107 2328 qui
2171 2241 2623 2323 convenerat,
2690 2235 3043 2310 adiunctis
3107 2235 3221 2309 illi
3276 2258 3447 2310 suae

347 2353 580 2426 curiae
645 2354 1031 2443 militibus,
1099 2360 1171 2428 et
1223 2357 1634 2448 praeficiens
1708 2355 2050 2430 exercitui
2127 2356 2257 2429 sub
2332 2355 2708 2428 duodecem
2782 2355 3005 2448 signis
3078 2356 3447 2445 militanti,

360 2473 664 2546 Petrum
721 2475 1247 2568 Schaffrauyecz
1287 2475 1868 2550 succamerarium
1905 2476 2462 2564 Cracoviensem,
2520 2475 2593 2549 in
2630 2473 3070 2567 capitaneum
3109 2480 3179 2548 et
3214 2477 3455 2548 ducto-

345 2615 523 2684 rem,
589 2593 664 2666 in
728 2598 950 2668 terras
1012 2595 1309 2668 hostiles
1374 2595 1818 2668 transmittit.
1886 2595 2094 2669 Feria
2139 2596 2381 2688 itaque
2430 2595 2675 2684 tertia,
2735 2595 2809 2667 in
2861 2595 2976 2669 die
3034 2597 3447 2670 Sanctorum

349 2713 656 2786 Simonis
711 2719 782 2788 et
835 2714 1084 2803 Iudae,
1143 2715 1494 2789 exercitus
1549 2715 1817 2808 regius,
1877 2715 2193 2808 equitum
2228 2715 2682 2808 peditumque
2720 2715 2907 2788 haud
2944 2715 3445 2790 contemnenda

347 2833 626 2922 cohors,
685 2834 1015 2908 maiorem
1055 2857 1262 2928 quam
1297 2857 1423 2929 pro
1462 2857 1746 2910 numero
1787 2835 2088 2928 speciem
2123 2857 2404 2929 gerenS,
2464 2856 2551 2908 ex
2590 2834 2989 2928 Bidgostia‚
3048 2835 3440 2908 Wladislao

348 2953 540 3045 Rege
595 2953 801 3027 illum
830 2955 893 3045 ὃ)
948 2955 1036 3028 ad
1091 2956 1396 3048 spatium
1453 2955 1667 3029 medii
1720 2955 2049 3029 milliaris
2115 2977 2273 3028 cum
2329 2954 2657 3046 suspiriis
2714 2959 2785 3027 et
2837 2954 3149 3028 lacrimis
3203 2976 3437 3047 prose·

349 3077 636 3163 quante,
696 3094 1052 3167 egressus,
1109 3075 1431 3148 omnibus
1487 3075 1848 3167 quadrigis
1905 3079 1974 3148 ot
2028 3074 2581 3168 impedimenti8‚
2641 3096 2776 3166 quo
2834 3075 3229 3167 expeditior
3265 3076 3443 3148 foret

347 3192 436 3264 ad
501 3192 816 3286 singula,
881 3195 955 3266 in
1019 3195 1453 3288 Bidgostiam
1519 3194 1864 3284 remissiS‚
1935 3195 2297 3269 celerrimo
2365 3217 2614 3283 cursu,
2682 3195 3023 3266 vastando
3088 3200 3157 3268 et
3210 3194 3445 3267 incen-

349 3312 571 3385 dendo
625 3313 950 3403 hostilia,
1018 3315 1130 3387 die
1196 3315 1430 3388 eodem
1495 3337 1718 3408 usque
1773 3315 1849 3388 in
1904 3316 2261 3406 Tucholya
2314 3314 2667 3406 pervenit,
2727 3317 2797 3387 ot
2848 3315 3187 3386 collocato
3244 3334 3440 3386 exer-

347 3433 496 3505 citu
551 3432 626 3504 in
681 3438 843 3524 apto
898 3433 1314 3508 insidiarum
1365 3436 1552 3523 loco,
1611 3435 2063 3528 sexingentos
2118 3434 2525 3508 balistarios
2580 3433 2667 3504 ad
2726 3432 3145 3505 irritandum
3199 3434 3439 3506 hostes

348 3551 422 3624 iu
479 3553 836 3646 Tucholya
891 3554 1385 3641 consistenteS,
1455 3555 1896 3630 transmittit.
1969 3554 2237 3648 Quibus
2290 3553 2585 3646 praedas
2648 3559 2719 3627 et
2773 3551 3001 3644 spolia
3064 3553 3137 3624 in
3201 3574 3447 3644 pecore

348 3671 756 3763 agentibus,
814 3674 1054 3746 hostes
1109 3695 1196 3748 ex
1251 3674 1608 3766 Tucholya
1659 3676 1860 3768 gravi
1915 3675 2192 3768 agmine
2248 3675 2465 3762 facto,
2522 3673 2598 3745 in
2653 3673 3106 3766 sexingentos
3144 3673 3441 3745 Polono-

347 3813 505 3864 rum
561 3771 1088 3884 stipendiari03‚
1147 3794 1682 3886 trepidationem
1737 3801 1808 3868 et
1861 3797 2094 3888 fugam
2153 3795 2601 3879 simulantes,
2658 3813 2948 3886 propero
3005 3813 3251 3881 cursu,
3308 3814 3445 3864 uon

347 3911 588 4002 plures
645 3934 852 4003 quam
909 3935 982 3986 sc
1039 3914 1488 3986 ostenderant
1542 3915 1710 4003 rati,
1767 3915 2065 4002 invecti,
2123 3935 2347 4006 usqne
2402 3913 2488 3985 ad
2544 3911 2961 3985 insidiarum
3015 3914 3247 3986 locum
3284 3933 3441 4004 per-

347 4032 758 4104 trahuntur:
829 4037 1070 4106 contra
1135 4054 1307 4124 quos
1370 4034 1607 4126 regius
1664 4035 2048 4120 exorcituS,
2117 4033 2340 4126 siguis
2396 4031 2747 4120 extensiS,
2806 4053 2893 4105 ex
2949 4030 3229 4105 insidiis
3284 4053 3443 4104 con-

349 4171 674 4243 surgenS,
739 4151 826 4224 ad
890 4153 1398 4226 decernendum
1463 4155 1901 4246 properabat.
1968 4155 2230 4226 Hostes
2285 4173 2449 4228 vero
2507 4151 2828 4244 quamvis
2896 4173 3182 4225 numero
3238 4173 3442 4243 supe·

346 4268 599 4358 riores,
667 4276 1043 4362 conspectu
1107 4272 1284 4365 regii
1353 4273 1702 4347 exercitus
1767 4272 1997 4346 territi
2070 4272 2473 4360 admodum,
2549 4292 2787 4345 omnes
2854 4271 2928 4343 in
2990 4270 3445 4363 praecipitem

345 4389 758 4463 dilabuntur
814 4392 1081 4484 fugam:
1140 4413 1314 4483 quos
1353 4393 1702 4485 fugientes
1749 4395 2003 4466 Petrus
2059 4393 2586 4485 Schaffranyecz
2644 4391 2943 4465 militiae
2983 4391 3216 4484 regiae
3252 4390 3441 4483 capi-

344 4513 630 4596 tanaus,
689 4509 854 4583 licet
908 4511 1401 4602 multipliciter
1438 4535 1478 4584 a
1515 4512 1864 4586 militibus
1901 4517 2225 4605 rogatus,
2282 4533 2486 4604 pares
2544 4533 2718 4603 quas
2756 4513 3115 4584 struxerat
3151 4509 3446 4583 insidias

349 4630 422 4698 et
477 4626 629 4719 ipsc
683 4627 986 4717 verituS,
1043 4631 1251 4722 longo
1307 4635 1616 4723 temporo
1682 4631 2075 4724 prohibuit,
2142 4653 2269 4705 nec
2333 4631 2472 4705 nisi
2536 4629 2853 4704 discusso
2918 4634 3141 4728 meta,
3199 4628 3445 4702 videns

347 4747 591 4818 hostes
657 4747 874 4822 effuse
937 4749 1146 4822 nimis
1211 4772 1490 4824 cursum
1555 4752 1628 4824 in
1693 4751 2022 4843 oppidum
2087 4773 2323 4844 agore,
2400 4750 2742 4824 exercitui
2804 4749 2995 4843 regio
3061 4749 3146 4822 ad
3208 4769 3443 4841 perse-

349 4865 703 4958 quendum
761 4866 1039 4960 signum
1092 4869 1309 4942 dedit.
1367 4870 1554 4961 Quos
1609 4871 1776 4943 licet
1831 4871 2058 4958 tardo,
2116 4869 2427 4943 animose
2481 4875 2749 4958 tamen,
2803 4891 3027 4962 usque
3082 4869 3169 4940 ad
3206 4871 3445 4960 portas

355 4984 596 5077 oppidi
650 4987 1004 5078 Tucholya
1055 4988 1436 5078 persecuti,
1501 4989 1747 5062 multis
1802 4989 2022 5062 caesis
2087 4993 2299 5081 atque
2353 4989 2616 5081 captiS,
2684 4989 2897 5063 etiam
2954 4987 3265 5081 quinque
3317 4987 3441 5058 ho-

573 5277 620 5355 ¹)
664 5279 1221 5356 Minsterbcrgensis
1271 5275 1422 5342 Cod.
1469 5277 1660 5342 Roma
1721 5275 1776 5364 ²)
1824 5279 2189 5341 Sambiensis
2238 5274 2388 5342 Cod.
2435 5276 2633 5340 Rozr.
2690 5275 2747 5362 ³)
2794 5277 3237 5339 Welunicnsem
3294 5275 3445 5339 eod.

353 5377 534 5444 Calv.
569 5376 626 5465 ⁴)
659 5382 801 5441 facit
829 5387 1174 5443 nocturnum
1219 5383 1280 5442 in
1327 5425 1342 5441 .
1361 5424 1378 5441 .
1395 5425 1410 5442 .
1429 5425 1444 5441 .
1495 5377 1646 5444 Cod.
1695 5379 1887 5444 Rozr.
1923 5377 1978 5465 ⁵)
2011 5382 2269 5444 Simonis
2299 5388 2359 5443 et
2386 5381 2569 5442 Iudae
2607 5381 3023 5462 Apostolorum
3061 5375 3213 5444 Cod.
3254 5377 3445 5444 Rozr.

353 5481 411 5566 ⁶)
458 5501 590 5545 eum
646 5481 798 5544 cod.
845 5483 1042 5546 Rozr.
