4342 6384
323 610 454 715 (Α.
492 613 584 689 D.
625 606 858 713 tato.)
1507 624 1734 687 menn
1787 622 2246 689 munemne.
3323 616 3419 688 93

322 825 432 894 cto
497 826 734 895 antem
795 820 909 893 die
972 821 1211 893 eodem
1274 826 1614 894 nocturno
1675 839 1890 912 prope
1954 818 2405 908 Ozechoczin,
2474 820 2647 893 feria
2715 820 2963 912 quinta
3016 824 3178 894 anto
3234 820 3418 895 diem

323 940 832 1014 Translationis
887 937 1131 1013 Sancti
1186 938 1558 1027 Stanislai‚
1615 940 1772 1012 Rex
1811 939 1883 1011 in
1921 939 2305 1031 Przipusth
2342 940 2420 1028 ¹),
2480 938 2781 1012 Wislam
2834 944 3047 1031 ponte
3086 960 3175 1013 ex
3212 939 3414 1013 navi-

323 1062 483 1149 bus,
559 1061 684 1153 qui
747 1060 922 1133 illuc
983 1058 1330 1132 demissus
1379 1080 1466 1133 ex
1513 1049 1816 1133 Ploc'zko
1883 1060 2144 1147 fuerat,
2220 1064 2710 1150 superaturae,
2789 1058 3095 1132 devenit.
3171 1059 3422 1133 Stabat

329 1187 559 1254 autem
626 1181 701 1253 in
764 1180 1150 1272 Przipusth
1213 1179 1522 1271 quinque
1593 1178 1873 1267 diebus,
1953 1179 2279 1271 quoniam
2344 1179 2527 1252 infra
2556 1178 2620 1270 2)
2684 1178 2849 1251 11166
2914 1180 3057 1251 fato
3125 1179 3422 1270 quodam

329 1300 629 1389 occulto,
686 1321 860 1392 pons
916 1320 1118 1392 aegre
1171 1300 1491 1391 componi
1548 1299 1993 1391 stabilirique
2047 1303 2353 1391 poterat,
2422 1299 2567 1390 quiv
2597 1298 2775 1371 alias
2831 1300 3025 1391 Rege
3080 1300 3153 1371 in
3206 1300 3420 1373 Prus-

329 1420 498 1494 siam
551 1421 994 1512 procedente,
1053 1419 1342 1492 dimidio
1396 1420 1536 1492 diei
1593 1420 2108 1493 stabiliebatur.
2167 1420 2324 1492 Rex
2380 1438 2653 1511 quoque
2709 1440 2849 1491 non
2902 1418 3054 1492 sine
3108 1418 3417 1511 labyrin-

318 1541 444 1640 tho
507 1544 579 1613 et
642 1539 843 1632 gravi
915 1544 1170 1612 conatu
1234 1539 1536 1612 Wislam
1602 1560 1759 1612 cum
1824 1540 1973 1611 suis
2029 1539 2340 1627 traiecit,
2396 1544 2478 1611 ut
2532 1539 2741 1612 etiam
2797 1540 2874 1611 in
2927 1559 3011 1613 ea
3062 1558 3137 1612 re
3194 1542 3419 1613 fortu-

327 1681 482 1731 nam
546 1680 671 1750 pro
738 1663 1088 1749 comperto
1151 1660 1472 1731 habitum
1537 1665 1677 1749 est,
1755 1682 1952 1733 suam
2017 1682 2183 1752 erga
2244 1662 2506 1752 Regem
2580 1660 3017 1734 alacritatem
3080 1660 3415 1759 variasse.

328 1780 514 1852 Tunc
567 1799 842 1871 quoque
899 1778 1249 1851 exercitus
1305 1780 1684 1852 Polonicus
1738 1780 1813 1852 in
1868 1781 2021 1853 loca
2057 1779 2255 1852 varia
2292 1801 2576 1853 suorum
2634 1780 3149 1855 domiciliorum
3188 1782 3414 1855 diver-

329 1899 444 1985 tit,
513 1903 808 1971 onustns
872 1918 1040 1971 auro
1107 1903 1176 1972 et
1231 1901 1550 1990 argente,
1619 1904 2028 1990 caeteraque
2092 1898 2314 1971 nobili
2380 1900 2841 1991 supellectili,
2912 1910 3119 1992 quam
3187 1922 3421 1975 secum

332 2017 622 2109 quisque
677 2018 764 2089 ad
816 2018 1135 2109 proprios
1191 2018 1479 2109 penates
1535 2018 1764 2090 laetus
1821 2016 1890 2090 et
1941 2018 2254 2111 gaudens
2310 2016 2685 2093 deferebat.

493 2371 668 2463 noge
711 2369 1094 2445 nomnium
1139 2371 1534 2445 deflectento
1547 2428 1565 2459 ‚
1611 2374 1802 2445 imo
1849 2373 2040 2445 861161
2087 2374 2473 2464 capitaneus
2514 2366 2945 2447 latitantis
2987 2382 3246 2447 veneno

837 2490 1200 2582 perimitur:
1245 2492 1428 2563 cuius
1472 2492 1744 2564 ullorum
1785 2488 1926 2563 Rex
1969 2509 2187 2583 curm
2232 2495 2571 2583 potorum
2614 2494 2910 2585 suscipit.

533 2738 840 2811 Sabbato
905 2738 978 2809 in
1043 2738 1156 2811 die
1219 2738 1730 2812 'translationis
1798 2739 2039 2812 Sancti
2104 2738 2476 2829 Stanislai,
2550 2738 2913 2813 discedens
2982 2740 3422 2814 Wladislaus

331 2860 479 2933 Rex
535 2882 578 2932 a
630 2858 1012 2950 Przipusth
1041 2856 1126 2948 3),
1185 2858 1380 2931 venit
1434 2859 1508 2930 in
1561 2858 1918 2932 Raczansz
1940 2860 2028 2948 ⁴),
2095 2859 2208 2931 die
2263 2880 2427 2931 vero
2482 2859 2847 2933 Dominico
2902 2860 3145 2934 Sancti
3174 2878 3177 2883 ·
3208 2861 3420 2935 Wen-

331 2979 573 3068 coslai,
631 2979 930 3052 navibus
983 2982 1056 3051 et
1110 2978 1440 3051 mediocri
1495 2978 1826 3051 comitiva
1863 2978 1936 3050 in
1975 2979 2257 3050 Thornn
2311 2978 2692 3051 descendit.
2751 2979 2970 3071 Quem
3018 2980 3243 3053 omnis
3281 2980 3419 3054 cle-

330 3120 448 3172 rus
481 3106 556 3173 et
591 3100 896 3190 populus
941 3100 1202 3171 honore
1249 3098 1714 3189 processionis
1765 3099 2201 3191 singularum
2251 3098 2700 3172 ecclesiarum
2750 3099 2835 3172 de
2882 3099 3179 3173 navibus
3228 3120 3419 3193 egre-

331 3220 636 3292 dientem
689 3218 1000 3310 excepit,
1055 3219 1226 3291 licet
1261 3219 1604 3310 plebanus
1642 3218 2120 3291 Thorunensis
2165 3217 2477 3291 crucifer
2531 3218 2776 3307 fuerit,
2835 3220 3418 3311 Responsorium:

331 3340 492 3410 Tua
547 3343 673 3412 est
726 3338 1140 3429 potentia,
1196 3343 1421 3411 tuum
1477 3339 1845 3431 Regnum
1900 3338 2278 3411 Domine!
2346 3338 2686 3426 canendo,
2745 3339 2830 3411 de
2878 3339 3177 3413 navibus
3232 3361 3419 3433 egre-

331 3457 630 3531 dientem
688 3458 996 3549 excepit,
1075 3462 1145 3531 et
1198 3458 1272 3529 in
1327 3459 1693 3531 ecclesiam
1753 3458 2225 3551 parochialem
2293 3459 2533 3531 Sancti
2594 3459 2930 3531 Iohannis
2996 3458 3424 3547 introduxitg

331 3576 404 3649 in
459 3598 598 3669 qna
649 3578 806 3651 Rex
863 3577 1137 3650 solenni
1192 3584 1264 3650 et
1319 3599 1567 3650 sonora
1621 3578 1862 3651 andita
1916 3579 2162 3667 missa,
2222 3578 2295 3651 in
2334 3582 2642 3652 castrum
2680 3579 3160 3668 Thornnense,
3217 3600 3422 3671 pran-

330 3696 434 3769 dii
481 3696 696 3769 unins
751 3698 1230 3769 tantummodo
1285 3698 1730 3771 refectionem
1769 3704 2212 3789 sumpturuS,
2263 3718 2337 3771 se
2372 3697 2658 3791 recepit.
2717 3698 2859 3771 Ubi
2897 3698 3062 3770 dum
3100 3699 3187 3771 ad
3226 3720 3423 3771 suam

331 3817 794 3889 Serenitatem
848 3816 1058 3889 Iasko
1115 3817 1328 3889 Sokol
1383 3817 1788 3909 capitaneus
1842 3818 2080 3910 regius
2129 3818 2203 3889 in
2250 3818 2521 3891 Radzin
2558 3817 2991 3907 advenisset,
3052 3818 3245 3892 tristi
3284 3820 3424 3890 fato

329 3937 671 4009 obruitur.
726 3937 866 4008 Per
917 3958 1135 4009 unum
1191 3936 1538 4029 siquidem
1593 3956 1680 4009 ex
1736 3937 2010 4011 civibus
2075 3938 2647 4011 Thorunensibus
2714 3938 2787 4009 in
2842 3937 3244 4011 convivium
3300 3958 3419 4011 ex-

327 4059 606 4146 ceptus,
665 4059 878 4146 atque
931 4054 1005 4126 in
1060 4056 1258 4129 luceo
1311 4061 1729 4143 venenatae,
1795 4056 1997 4150 gravi
2025 4060 2408 4130 contracta
2471 4057 2909 4147 valetudine,
2976 4058 3179 4131 iussu
3232 4058 3423 4150 regio

326 4174 403 4246 in
461 4174 796 4248 Brzescze
823 4173 886 4263 ⁵)
941 4175 1315 4264 deductuS,
1371 4176 1523 4249 illic
1577 4177 2022 4269 extinguitur
2075 4182 2146 4250 et
2202 4178 2563 4269 sepelitur.
2624 4178 2733 4250 Ex
2794 4178 3145 4252 universis
3185 4184 3423 4252 autem

327 4294 658 4369 Bohemis
715 4295 900 4387 apud
955 4296 1215 4389 Regem
1271 4297 1779 4386 militantibus,
1837 4317 2038 4371 nemo
2075 4298 2260 4370 alins
2298 4302 2574 4390 praeter
2610 4301 2827 4388 1111116,
2868 4300 2953 4372 ob
2992 4300 3305 4395 egregias
3335 4300 3424 4389 ⁶),

329 4434 512 4505 quae
564 4415 637 4486 in
695 4436 776 4487 eo
833 4415 1011 4488 sitae
1048 4422 1279 4504 erant,
1336 4416 1671 4507 virtuteS,
1728 4417 2248 4491 animositatem
2289 4423 2359 4491 et
2394 4419 2633 4507 fidem,
2692 4420 3043 4510 acceptior
3078 4419 3261 4512 Regi
3300 4420 3422 4492 ha-

324 4533 650 4608 bebatur:
710 4534 911 4607 cnins
967 4535 1299 4627 obsequia
1352 4538 1776 4629 praemians‚
1846 4538 2056 4611 etiam
2102 4539 2397 4610 duorum
2443 4537 2779 4626 filiorum,
2837 4538 2905 4610 N
2908 4537 3117 4610 icolai
3181 4542 3251 4612 et
3305 4540 3419 4611 Ia·

324 4652 579 4742 166161,
643 4659 1009 4745 paternam
1057 4675 1294 4727 curam
1339 4657 1594 4749 gessit,
1662 4678 1918 4750 eosque
1981 4658 2056 4731 in
2119 4658 2290 4730 urbe
2355 4679 2483 4730 sua
2545 4658 2988 4762 Gracoviensi
3066 4657 3428 4749 splendide

325 4773 642 4863 educari,
702 4780 775 4847 et
810 4776 1039 4848 literis
1078 4774 1370 4849 Latinis·
1411 4782 1621 4869 atque
1659 4765 2128 4866 AlmanniclS,
2188 4778 2621 4870 caeterisque
2658 4778 2964 4867 artibnS,
3023 4778 3279 4870 quibus
3319 4778 3423 4851 in-

323 4893 538 4983 genia
587 4894 920 4985 politiora
971 4896 1182 4983 fiunt,
1242 4896 1462 4969 imbui
1516 4897 1890 4989 disposuit.
1949 4899 2190 4971 Castro
2228 4898 2500 4971 Radzin
2536 4898 2611 4971 in
2648 4899 2954 4992 regimen
2992 4898 3250 4971 militis
3288 4900 3426 4971 Do·

322 5012 562 5086 beslai·
607 5015 931 5089 Pnchala
983 5019 1054 5087 et
1109 5015 1386 5088 Alberti
1440 5017 1716 5109 Malsky
1753 5018 2156 5106 commisso,
2216 5018 2586 5091 Nicolaum
2626 5018 3014 5106 Nostwicz,
3075 5017 3426 5109 supplica-

551 5302 595 5380 ¹)
640 5304 933 5381 Przipuch
981 5298 1132 5366 Cocl.
1177 5302 1368 5367 Rozr.
1435 5303 1487 5384 ²)
1531 5307 1685 5365 inter
1725 5302 1854 5366 Ed.
1900 5302 2081 5388 Lips.
2146 5304 2199 5385 ³)
2246 5306 2536 5383 Praipuch
2585 5301 2737 5369 Cod.
2786 5304 2981 5369 Rom.
3047 5300 3103 5385 4)
3145 5308 3432 5385 Racziasz

323 5402 469 5569 gg}
506 5400 712 5570 ΕΙΞΣ.
753 5403 806 5482 ⁸)
851 5406 1160 5467 Brzesczie
1207 5401 1358 5469 cod.
1407 5404 1596 5470 Rozr.
1660 5402 1714 5487 ⁶)
1776 5409 1852 5468 ob
1914 5406 2375 5488 animositatem,
2436 5409 2754 5489 fidemque,
2815 5427 2885 5470 ac
2944 5410 3095 5470 alias
3158 5410 3431 5488 egregias
