4342 6384
896 583 1047 658 312
2086 599 2312 655 mmm
2361 597 2822 656 UNDEcnms.
3419 573 3552 677 (Α.
3591 577 3685 652 D.
3725 573 3980 677 1423.)

894 792 1107 863 latus.
1166 787 1549 882 Regalibus
1603 787 1843 880 itaque
1877 787 2450 879 persuasionibus
2499 787 2836 859 Albertus
2873 787 3430 879 Iastrzambyecz
3467 787 3818 876 devictus,
3876 807 3984 858 se-

892 911 1047 984 dem
1103 909 1575 984 Gnesnensem
1632 907 1986 998 suscipere
2030 906 2414 980 consentit.
2471 908 2564 977 Et
2598 906 2755 978 Rex
2793 905 3230 978 Wladislaus
3279 906 3662 998 Sbigneum
3699 906 3784 979 de
3823 905 3981 978 Ole-

903 1029 1231 1103 schnicza
1283 1026 1770 1119 Praepositum
1826 1027 2067 1100 Sancti
2120 1026 2466 1114 Floriani,
2533 1046 2739 1117 quem
2793 1025 3125 1100 ecclesiae
3189 1025 3577 1099 Gnesnensi
3641 1025 3989 1100 desidera-

888 1153 1087 1221 verat
1156 1149 1557 1239 praeficere,
1643 1147 1919 1218 nollens
1990 1137 2276 1219 reddere
2349 1147 2721 1218 molestum
2802 1150 2872 1217 et
2943 1145 3096 1218 eius
3169 1145 3639 1218 conditionem
3713 1148 3988 1218 efficere

889 1267 1319 1356 inferiorem,
1362 1267 1695 1340 ecclesiae
1732 1265 2207 1354 cracoviensi,
2246 1266 2558 1338 Iohanne
2597 1263 3120 1356 Schaffranyecz
3160 1265 3387 1358 Regni
3423 1266 3758 1338 Poloniae
3794 1265 3981 1338 vice-

890 1387 1307 1460 cancellario
1371 1387 1719 1479 neglecto,
1794 1385 2332 1477 praeficiendum
2397 1385 2772 1471 deliberat;
2845 1385 3048 1456 iuxta
3114 1406 3318 1475 quam
3384 1384 3982 1472 deliberationem,

889 1507 1235 1580 Martinus
1288 1506 1483 1597 Papa
1536 1505 1827 1597 quintus
1883 1506 1970 1576 ad
2024 1504 2568 1596 postulationem
2634 1503 3036 1576 canonicam
3093 1509 3162 1577 et
3217 1504 3803 1595 supplicationem
3875 1523 3982 1576 re-

887 1615 1107 1720 giam,
1166 1627 1537 1699 Albertum
1600 1625 2155 1715 Iastrzambyecz
2211 1624 2296 1697 de
2349 1623 2791 1696 Cracoviensi
2844 1623 2931 1694 ad
2986 1622 3459 1696 Gnesnensem
3527 1625 3982 1709 transferens,

890 1746 1192 1838 Sbigneo
1229 1746 1314 1818 de
1353 1744 1809 1818 Oleschnicza
1845 1744 1929 1817 de
1965 1743 2408 1817 cracoviensi
2461 1743 2788 1831 ecclesia,
2847 1743 3320 1816 intercedente
3355 1743 3750 1816 Wladislao
3789 1744 3984 1835 Rege

889 1871 958 1939 et
1012 1863 1451 1939 cracoviensi
1508 1866 1863 1957 capitum,
1922 1864 2188 1937 decima
2241 1865 2354 1936 die
2411 1864 2670 1937 mensis
2711 1862 2885 1936 Iulii
2920 1863 3275 1955 providet3
3333 1883 3490 1936 cum
3546 1863 3688 1934 iam
3726 1863 3980 1934 Alber-

888 1989 1007 2058 tus
1061 1986 1613 2078 Iastrzambyecz
1668 1985 1870 2056 annis
1924 1983 2204 2058 circiter
2257 1984 2622 2058 duodecim
2675 1985 2748 2057 in
2804 2004 2884 2057 ea
2939 1984 3259 2057 sedisset.

1053 2338 1442 2410 wladislaus
1486 2338 1625 2410 Rex
1667 2338 1968 2411 roloniae
2015 2354 2157 2409 cum
2203 2337 2608 2427 sigismundo
2653 2336 3074 2409 Romanorum
3121 2338 3191 2407 et
3234 2335 3595 2424 nungarm
3639 2335 3810 2424 nego

1239 2459 1670 2548 personaliter
1714 2475 2131 2548 congressus,
2177 2474 2350 2528 nova
2395 2472 2617 2528 rursus
2664 2458 2733 2527 et
2777 2458 3092 2544 perpetu
3136 2456 3398 2527 foedera
3444 2455 3626 2527 facit.

1090 2705 1201 2778 Ex
1267 2705 1542 2793 Iedlna,
1618 2703 2057 2776 Wladislaus
2121 2706 2277 2776 Rex
2315 2703 2370 2793 ¹)
2433 2725 2557 2796 per
2623 2702 3164 2791 Sandomiriam‚
3242 2703 3514 2775 Novam
3587 2700 3978 2788 civitatem,

883 2824 1253 2917 Woynicz‚
1313 2824 1617 2911 czchow,
1671 2825 2085 2914 procedenS,
2142 2845 2268 2914 pro
2323 2823 2692 2896 Dominica
2745 2825 3040 2896 Laetare
3092 2823 3288 2896 venit
3339 2824 3416 2894 in
3469 2821 3742 2892 Novam
3799 2821 3980 2893 San-

886 2947 1079 3018 decz:
1144 2945 1269 3016 ubi
1330 2949 1491 3035 post
1552 2943 1785 3015 varios
1850 2942 2169 3030 nuntios,
2237 2941 2421 3014 inter
2475 2943 2706 3034 ipsum
2779 2945 2850 3013 et
2913 2941 3443 3034 Sigismundum
3504 2942 3984 3013 Romanorum

884 3069 953 3137 et
1006 3063 1413 3155 Hungariae
1466 3065 1729 3154 Regem
1784 3061 1947 3133 hinc
2000 3061 2160 3134 inde
2215 3063 2614 3155 frequenter
2666 3061 3086 3150 destinatoS,
3145 3061 3582 3134 Wladislaus
3637 3059 3982 3132 Poloniae

884 3185 1042 3256 Rex
1079 3204 1235 3255 cum
1273 3182 1565 3254 Alberto
1603 3172 2071 3269 cracoviensi,
2128 3182 2439 3254 Iohanne
2485 3184 2685 3255 Pella
2729 3170 3340 3270 Wladislaviensi‚
3399 3180 3776 3272 episcopis,
3817 3201 3976 3253 cae-

884 3302 1195 3395 terisque
1258 3301 1681 3374 consiliariis
1738 3301 1810 3374 in
1865 3301 2212 3390 czorstin,
2273 3302 2764 3395 Sigismundus
2819 3323 2982 3375 vero
3036 3302 3506 3374 Romanorum
3561 3306 3632 3372 et
3677 3301 3975 3392 Hunga-

886 3423 1031 3495 riae
1086 3423 1245 3495 Rex
1300 3444 1455 3494 cum
1512 3421 1663 3494 suis
1710 3420 2134 3494 consiliariis
2171 3422 2248 3493 in
2283 3421 2548 3495 Villam
2601 3423 2962 3514 antiquam
3009 3421 3551 3494 Schramowicze
3587 3420 3978 3492 descendit.

884 3542 1110 3614 Ambo
1165 3541 1414 3615 deinde
1467 3543 1694 3634 Reges
1749 3541 1826 3613 in
1879 3562 2118 3634 campo
2172 3563 2385 3633 prope
2440 3543 2980 3616 Schramowicze
3034 3541 3490 3630 conveniunt,
3541 3545 3610 3614 et
3645 3540 3731 3612 de
3769 3540 3980 3631 equis

882 3661 1410 3749 descendente8‚
1468 3662 1753 3735 dextras
1809 3666 1879 3734 et
1933 3663 2302 3753 amplexus
2359 3661 2684 3754 iungunt.
2741 3662 3051 3753 cnmque
3098 3661 3174 3733 in
3209 3661 3454 3733 villam
3512 3660 3976 3762 Schramowi-

882 3804 997 3856 cze
1052 3781 1541 3870 divertissent,
1600 3803 1762 3854 suas
1817 3785 2110 3872 uterque
2165 3781 2464 3855 iniurias
2501 3781 2574 3854 in
2613 3784 3063 3870 alterutrum,
3121 3785 3263 3853 tam
3319 3781 3719 3872 personales
3757 3799 3975 3871 quam

880 3901 1235 3994 publicae,
1296 3923 1525 3974 coram
1580 3900 1927 3974 Praelatis
1984 3907 2051 3974 et
2104 3902 2482 3974 baronibus
2537 3901 2766 3995 Regni
2819 3902 3189 3994 utriusque
3245 3901 3479 3974 edicit.
3539 3901 3763 3991 Super
3809 3900 3972 3990 qui-

882 4023 1012 4094 bus
1068 4020 1567 4093 deliberatione
1621 4021 1893 4108 habita,
1950 4021 2260 4093 Praelati
2315 4026 2385 4094 et
2437 4022 2728 4094 barones
2783 4021 3009 4114 Regni
3063 4021 3431 4113 utriusque
3482 4019 3859 4112 prudenter
3898 4025 3978 4091 et

882 4144 1153 4213 mature
1209 4141 1523 4232 singulas
1578 4141 1847 4233 Regum
1903 4140 2415 4229 contentioneS,
2473 4140 2906 4228 simultateS,
2973 4138 3162 4228 odia,
3219 4139 3518 4212 iniurias
3573 4143 3643 4212 et
3696 4136 3970 4230 quosli-

879 4261 1000 4333 bet
1052 4259 1581 4332 inimicitiarum
1634 4264 1991 4350 respectus
2048 4265 2117 4332 et
2172 4259 2438 4333 semina
2485 4265 2940 4352 componunt,
3000 4259 3370 4333 succidunt
3407 4265 3477 4332 et
3514 4258 3972 4349 extinguunt.

883 4380 1030 4470 Quo
1086 4381 1301 4467 facte,
1358 4379 1557 4451 ambo
1612 4380 1841 4471 Reges
1894 4380 1968 4452 in
2022 4382 2411 4453 Keszmark
2465 4385 2862 4469 transeunt,
2921 4383 2990 4452 et
3042 4380 3196 4453 illic
3250 4379 3526 4453 foedera
3571 4377 3764 4470 pacis
3803 4397 3970 4468 per-

878 4505 1131 4593 petuae
1186 4503 1257 4572 et
1311 4499 1495 4592 ligae
1548 4500 1893 4572 fraternae
1954 4500 2157 4573 novis
2212 4501 2442 4574 literis
2497 4508 2567 4574 et
2619 4500 3232 4593 inscriptionibuS‚
3307 4498 3509 4590 quasi
3574 4495 3798 4570 altero
3855 4498 3972 4569 fu-

880 4619 1116 4692 niculo
1172 4619 1512 4692 innovant
1566 4624 1635 4692 et
1687 4620 2131 4692 corroborant
2160 4619 2247 4710 ²).

1097 4911 1141 4989 ¹)
1187 4913 1467 4972 Poloniae
1510 4912 1640 4971 Rex
1705 4904 1857 4972 God.
1903 4907 2094 4972 Rozr.
2160 4909 2215 4990 ⁹)
2261 4914 2666 4991 corroborant,
2726 4931 2972 4989 quarum
3015 4915 3184 4972 tenor
3227 4911 3364 4972 talis
3409 4917 3518 4972 est.
3575 4905 3727 4971 Ood.
3785 4905 3970 4972 Oalv.

878 5007 1139 5076 Diterae
1181 5013 1363 5095 ipsae
1407 5011 1861 5076 desiderantur
1902 5013 1976 5075 in
2019 5011 2308 5075 omnibus
2370 5009 2566 5077 codd.
2577 5035 2604 5094 ;
2661 5014 3076 5096 reperiuntur
3133 5023 3343 5092 tamen
3401 5013 3573 5098 typis
3615 5013 3972 5095 impressae

877 5115 953 5182 in
994 5117 1075 5176 M.
1118 5117 1405 5191 Dogielii:
1452 5116 1669 5177 codice
1712 5117 2089 5193 diplomatico
2132 5118 2322 5194 Regni
2367 5119 2666 5180 Poloniae.
2711 5117 2924 5178 Vilnae
2973 5119 3167 5196 1758,
3211 5117 3382 5177 Tom.
3428 5118 3473 5176 Ι.
3530 5135 3668 5194 pag.
3717 5119 3820 5176 52.
