4342 6384
404 605 541 712 (Α.
580 605 671 684 D.
712 603 965 708 ¹422.)
1574 625 1799 682 mann
1850 623 2310 682 unnncmus.
3347 607 3494 686 305

408 818 633 907 deret,
690 815 1199 890 cruciferorum
1237 815 1291 904 1)
1348 815 1730 902 exercitus,
1789 815 1909 906 qui
1936 809 1941 812 ’
1964 819 2184 887 totam
2225 816 2364 886 fere
2419 819 2692 888 noctem
2743 816 3271 907 praecedentem
3309 820 3494 892 circa

409 938 753 1029 quoddam
808 956 1053 1008 nemus
1106 935 1414 1028 gyrando
1468 935 1833 1008 hincinde
1871 935 2302 1006 errabundus
2359 935 2872 1026 absumpserat,
2931 936 3084 1009 viso
3139 937 3211 1009 in
3249 959 3499 1012 aurora

404 1057 597 1150 regio
654 1056 997 1144 exercitu,
1054 1076 1311 1147 pavore
1346 1055 1563 1128 nimio
1600 1059 2119 1142 consternatae,
2179 1055 2380 1145 quasi
2418 1055 2597 1127 levis
2651 1056 2940 1144 nebula,
2997 1058 3144 1129 sole
3202 1058 3498 1151 desuper

318 1169 328 1176 ’
408 1179 753 1265 fervente,
810 1176 1199 1248 dissolutus
1256 1179 1325 1248 et
1378 1175 1455 1246 in
1509 1177 1747 1267 fugam
1801 1178 2000 1247 actus
2056 1179 2186 1247 est.
2245 1174 2626 1266 Fugientes
2681 1180 2988 1248 castrum
3043 1182 3114 1249 et
3167 1179 3500 1270 oppidum

406 1296 703 1368 Radzim
758 1296 1036 1387 excepit
1050 1317 1067 1382 ;
1125 1296 1331 1386 pauci
1370 1295 1791 1386 fugientium
1846 1315 1885 1366 a
1920 1293 2136 1386 regiis
2177 1293 2527 1366 militibus
2565 1297 3065 1387 comprehensi.
3125 1298 3498 1370 Exercitus

404 1416 643 1508 regius
700 1414 1019 1506 quaesita
1070 1435 1305 1507 pugna
1359 1417 1429 1486 et
1482 1434 1621 1485 non
1674 1413 1994 1501 inventa,
2052 1412 2139 1484 ad
2176 1412 2650 1487 Wladislaum
2703 1415 2966 1508 Regem
3021 1417 3207 1508 apud
3242 1418 3496 1509 Papow

406 1536 905 1609 consistentem
957 1533 1194 1631 rediit.

699 1894 1203 1967 Hennensium
1246 1893 1647 1980 suburbana,
1694 1894 1927 1965 vineae
1974 1895 2045 1964 et
2090 1893 2221 1964 alia
2265 1895 2408 1965 loca
2453 1911 2493 1964 a
2535 1893 2791 1966 folonia
2834 1897 3204 1968 vastantur.

615 2133 918 2206 Sabbato
982 2135 1145 2223 post
1206 2130 1449 2204 Sancti
1514 2129 1829 2223 Aegidii,
1887 2129 2324 2203 Wladislaus
2391 2133 2546 2204 Rex
2608 2135 2850 2203 contra
2903 2133 3188 2204 Thorun
3251 2134 3496 2207 volens

406 2253 776 2345 procedere
838 2256 909 2325 et
972 2251 1123 2324 eius
1189 2250 1771 2342 conquisitionem
1834 2248 2226 2339 intendere,
2295 2251 2561 2323 salubri
2625 2251 2922 2324 consilio
2975 2252 3306 2325 reductus
3363 2259 3492 2326 est.

408 2372 711 2464 Vigebat
764 2371 949 2444 enim
1000 2370 1333 2462 pestifera
1386 2370 1573 2461 apud
1624 2371 2111 2443 Thorunenses
2167 2371 2351 2444 lues:
2426 2375 2711 2462 propter
2765 2371 2950 2463 quod
3004 2372 3268 2444 nemini
3323 2373 3497 2445 satis

406 2491 726 2583 placebat
779 2491 1007 2563 locum
1062 2490 1397 2562 infectum
1456 2488 1715 2561 adoriri
1744 2487 1829 2578 2),
1886 2509 1973 2561 ne
2012 2490 2332 2582 contagio
2390 2511 2664 2582 quoque
2709 2491 2932 2582 pestis
2987 2492 3074 2563 ad
3111 2493 3498 2566 exercitum

404 2611 675 2704 regium
727 2613 1146 2701 penetraret.
1220 2609 1431 2681 Motis
1495 2609 1735 2700 itaque
1787 2609 1941 2681 Rex
2005 2631 2047 2680 a
2099 2610 2356 2702 Papow
2419 2611 2703 2699 castris,
2770 2611 3116 2703 procedit,
3183 2612 3497 2685 habendo

406 2731 481 2803 in
537 2751 747 2802 manu
810 2731 1059 2802 dextra
1123 2730 1437 2817 Thorun,
1518 2733 1589 2801 et
1652 2729 1739 2800 ad
1813 2733 2119 2800 castrum
2206 2729 2468 2801 Lubicz
2532 2751 2572 2801 a
2643 2729 3014 2803 cruciferis
3088 2730 3497 2804 demolitum

406 2851 757 2943 pervenit:
814 2849 938 2921 ubi
989 2853 1275 2940 propter
1329 2849 1805 2921 celebritatem
1860 2849 2024 2921 festi
2080 2849 2504 2922 Nativitatis
2569 2850 2866 2923 Sanctae
2919 2849 3179 2922 Mariae
3209 2849 3294 2939 3),
3353 2855 3494 2922 sta-

406 2970 557 3043 tiva
608 2968 841 3041 triduo
894 2967 1139 3041 habita
1194 2971 1382 3040 sunt.
1439 2969 1533 3038 Et
1584 2967 1753 3040 licet
1790 2968 2194 3041 Alexander
2231 2967 2672 3040 Withawdus
2727 2970 3020 3062 Magnus
3075 2967 3497 3043 Lithuaniae

407 3091 572 3162 Dux
624 3087 983 3160 licentiam
1047 3087 1123 3159 in
1186 3087 1640 3160 Lithuaniam
1704 3107 1793 3159 ex
1859 3108 1937 3160 eo
2001 3088 2151 3160 loco
2219 3109 2653 3180 summopere
2715 3089 3136 3182 flagitasset,
3203 3112 3244 3160 a
3299 3090 3494 3162 Wla-

408 3209 633 3282 dislao
687 3212 920 3280 tamen
974 3208 1167 3300 Rege
1229 3228 1641 3299 persuasae,
1707 3209 2144 3299 propositum
2213 3209 2559 3300 deposuit.
2633 3210 2834 3282 Intra
2887 3208 3198 3282 triduum
3261 3213 3498 3282 autem

408 3329 589 3401 illud
644 3328 1041 3400 suburbana
1096 3327 1327 3400 omnia
1378 3327 1539 3420 igne
1593 3333 2003 3419 consumpta
2064 3332 2135 3400 et
2207 3328 2452 3403 vineae
2516 3330 3000 3402 Thorunenses
3073 3351 3114 3402 a
3165 3331 3495 3422 gentibus

406 3449 621 3542 regiis
678 3451 869 3522 fuere
921 3447 1323 3536 demolitae,
1386 3453 1456 3520 et
1492 3447 1717 3520 omnis
1768 3447 1961 3540 regio
2017 3447 2222 3520 iuxta
2259 3449 2542 3522 Thorun
2579 3450 3004 3539 consistens,
3044 3450 3498 3542 populatione

406 3569 624 3641 latius
679 3568 755 3641 in
807 3589 1056 3662 gyrum
1111 3572 1435 3656 extensa,
1492 3567 1866 3656 incendiiS,
1923 3567 2102 3640 ferro
2160 3572 2230 3640 et
2283 3569 2539 3660 praeda
2592 3573 2870 3642 vastata
2899 3569 2986 3657 ⁴).

1260 3928 1561 4001 Grueireri
1604 3946 1828 4020 pacem
1872 3932 2110 4020 potunt
2156 3932 2228 4002 et
2271 3930 2644 4020 impetrant.

616 4168 823 4241 Feria
876 4167 1088 4240 tertia
1142 4165 1214 4239 in
1270 4167 1575 4240 crastino
1630 4167 2052 4240 Nativitatis
2109 4169 2407 4242 Sanctae
2461 4167 2721 4240 Mariae
2751 4167 2837 4258 5),
2869 4167 3306 4242 Wladislaus
3363 4169 3493 4241 Po-

406 4289 643 4361 loniae
694 4289 849 4360 Rex
904 4308 947 4358 a
980 4285 1243 4359 Lubicz
1282 4286 1645 4360 discedens
1698 4291 2112 4377 retrorsum,
2170 4287 2244 4360 in
2283 4293 2536 4361 terram
2573 4288 3082 4378 Chelmensem,
3139 4289 3494 4381 proposito

404 4407 736 4480 vastandi
792 4427 943 4480 eam
996 4406 1553 4497 ingrediebatur;
1612 4411 1681 4480 et
1736 4408 2009 4499 aliquot
2062 4408 2310 4481 diebus
2362 4427 2576 4500 prope
2633 4408 2964 4500 oppidum
3019 4409 3258 4481 Chelm
3313 4429 3492 4481 com-

402 4533 751 4614 moratus,
815 4526 1337 4618 populationem
1400 4547 1723 4619 agrorum
1788 4532 1858 4600 et
1922 4528 2362 4601 exustionem
2427 4532 2766 4600 tectorum
2832 4528 3050 4600 latius
3104 4528 3318 4600 iussit
3372 4549 3492 4600 ex-

400 4648 627 4720 tendi.
685 4647 831 4738 Quo
868 4648 1051 4718 malo
1106 4645 1442 4737 Magister
1496 4652 1567 4719 et
1603 4646 1784 4719 Ordo
1824 4647 2284 4720 Crucifer-icus
2323 4648 2717 4736 conterriti,
2774 4647 3256 4741 intelligentes
3293 4647 3489 4720 Wla-

400 4769 713 4841 dislaum
766 4768 1027 4858 Regem
1083 4786 1170 4839 ex
1206 4765 1414 4838 terris
1452 4787 1721 4856 eorum,
1780 4767 1964 4859 quod
2002 4767 2304 4840 maxime
2340 4771 2824 4858 speraverant,
2881 4787 3022 4839 non
3059 4766 3488 4856 discessisse,

401 4889 531 4960 sed
594 4887 847 4960 itinere
907 4885 1339 4977 retrograde,
1416 4887 1914 4960 commeatibus
1978 4909 2065 4961 ex
2129 4889 2424 4961 Polonia
2495 4887 2581 4960 ad
2647 4889 2908 4960 stativa
2979 4887 3164 4979 apud
3226 4887 3488 4959 Lubicz

396 5007 649 5082 habita
712 5005 1031 5079 adductis
1098 5005 1456 5098 quadrigis
1512 5007 1850 5096 oneratiS,
1926 5009 2013 5080 ad
2070 5009 2488 5080 vastandum
2550 5012 2773 5082 terras
2828 5030 3062 5081 eorum
3119 5013 3188 5081 et
3241 5008 3327 5078 ad
3378 5027 3487 5080 re-

402 5128 824 5201 sumendum
880 5147 967 5200 ex
1004 5125 1276 5218 integro
1314 5127 1611 5217 bellum,
1651 5128 2108 5221 cogitationes
2165 5133 2235 5202 et
2277 5127 2585 5202 animum
2641 5129 2959 5218 durasse,
3019 5149 3182 5202 suas
3220 5149 3493 5220 quoque

620 5401 666 5480 ¹)
710 5400 1103 5462 Crucifericus
1158 5395 1314 5460 Ood.
1349 5395 1540 5462 Rozr.
1590 5399 1665 5488 ςΒ)
1689 5401 1853 5461 adire
1902 5395 2054 5463 Cod.
2084 5399 2278 5464 Rozr.
2331 5398 2384 5484 ³)
2431 5402 2490 5462 S.
2535 5401 2758 5462 Mariae
2802 5401 3066 5476 Virginis
3115 5396 3266 5462 Cod.
3298 5397 3491 5463 Rozr.

394 5505 453 5588 ⁴)
503 5510 741 5566 vastata
782 5509 893 5564 est.
942 5497 1094 5563 cod.
1139 5496 1334 5562 Rozr.
1370 5499 1437 5582 ⁵).
1484 5505 1525 5563 S
1592 5505 1815 5566 Mariae
1858 5505 2122 5581 Virginis
2172 5501 2324 5568 God.
2372 5503 2564 5566 Rozr.

446 5661 497 5702 J.
526 5657 719 5708 magon.
746 5655 921 5698 nator.
946 5655 1106 5699 Ροιοιι.
1133 5655 1186 5700 r.
1212 5657 1295 5700 ιν.
3147 5637 3217 5694 39
