4342 6384
858 552 1007 626 268
2044 571 2272 624 menn
2322 570 2782 624 unnncnms.
3389 547 3522 648 (Α.
3563 549 3654 624 Ι).
3695 547 3952 650 mo.)

851 757 1115 830 tionem
1168 757 1447 848 plenam
1501 777 1625 847 pro
1680 777 1756 828 se
1809 759 1881 828 et
1936 755 2087 828 suis
2132 754 2471 828 habituri.
2527 756 2615 827 In
2653 756 2976 828 omnibus
3013 755 3363 848 siquidem
3399 755 3606 846 lociS,
3647 757 3736 853 ad
3771 779 3952 849 quae

850 875 1245 969 praedictos
1300 877 1763 948 Bohemorum
1801 876 1856 964 ¹)
1912 875 2202 948 nuntios
2255 875 2493 948 venire
2547 875 2966 970 contigerat,
3025 875 3581 950 ecclesiasticum
3619 877 3948 950 servaba-

852 1000 971 1068 tur
1024 996 1210 1087 apud
1261 994 1597 1068 Poloniae
1658 995 1983 1088 Regnum
2048 995 2532 1068 interdictum:
2601 996 2928 1088 quoniam
2995 996 3326 1068 Summus
3379 997 3712 1070 Pontifex
3763 997 3951 1070 Mar·

852 1114 1048 1188 tinus
1111 1115 1401 1208 quintus
1467 1114 1787 1208 singulos
1850 1116 2198 1188 Bohemos
2268 1117 2612 1190 haeresim
2686 1116 3266 1208 Viclephisticam
3336 1116 3808 1207 practicantes
3883 1121 3956 1190 et

855 1235 1299 1308 anathemate
1351 1235 1803 1308 damnaverat
1858 1239 1927 1308 et
1980 1235 2167 1324 loca,
2226 1235 2300 1308 in
2355 1235 2614 1328 quibus
2651 1236 3146 1325 consisterent,
3187 1235 3564 1310 interdicta
3597 1257 3754 1310 esse
3789 1257 3952 1311 cen-

855 1359 1115 1428 suerat.
1172 1355 1466 1446 Propter
1519 1355 1704 1446 quod
1757 1355 1831 1427 in
1885 1354 1953 1427 N
1957 1355 2424 1448 yepolemicze
2475 1355 2760 1429 deducti
2813 1361 3014 1444 sunt,
3069 1357 3268 1429 velut
3321 1357 3664 1430 inlocum
3700 1357 3788 1431 ab
3827 1359 3950 1429 ho-

856 1476 1124 1547 minum
1188 1473 1712 1547 conversatione
1774 1481 2326 1567 sequestratum,
2391 1475 2516 1549 ubi
2581 1475 2710 1548 sub
2767 1476 2957 1548 omni
3019 1480 3328 1569 tempore
3381 1477 3774 1598 mansionis
3839 1498 3952 1550 eo-

854 1617 1041 1684 rum,
1100 1593 1655 1668 ecclesiasticum
1712 1595 2081 1668 tenebatur
2132 1595 2609 1670 interdictum.

857 1949 1151 2022 (lasum
1195 1947 1612 2038 machmas
1654 1965 1693 2020 a
1736 1948 2163 2038 Pragensibus
2177 2004 2194 2034 ,
2238 1949 2528 2038 plurimi·
2575 1966 2661 2021 ex
2705 1949 3092 2038 Sigismundi
3140 1949 3434 2021 exercitu
3479 1951 3958 2039 stramento

858 2069 1105 2154 caesis,
1152 2069 1435 2157 capitum
1480 2067 1757 2140 zischka
1800 2085 1954 2139 vero
1998 2069 2067 2141 in
2113 2069 2350 2158 oppida
2397 2071 2466 2140 et
2509 2070 2906 2142 monasteria
2951 2070 3254 2142 desaevit
3297 2072 3371 2141 et
3399 2069 3678 2142 altena
3705 2070 3958 2142 oculu

2241 2189 2545 2260 ·mittit.

1069 2436 1388 2508 Castrum
1450 2435 1908 2528 Wischegrad
1976 2435 2163 2528 apud
2226 2437 2558 2529 Pragam,
2625 2437 2810 2529 quod
2873 2438 3262 2530 Pragenses
3327 2437 3540 2529 longa
3593 2435 3956 2510 obsidione

860 2555 1459 2644 constrinxerant,
1518 2556 1603 2627 ab
1658 2555 2091 2646 impendenti
2144 2557 2492 2646 periculo,
2548 2556 3032 2630 defensoribus
3085 2556 3290 2629 illius
3343 2555 3680 2628 diuturna
3726 2555 3964 2628 inedia

860 2675 1261 2764 maceratis,
1321 2674 1815 2768 Sigismundus
1870 2676 2342 2748 Romanorum
2395 2680 2466 2749 et
2519 2675 2926 2770 Hungariae
2980 2676 3136 2749 Rex
3189 2676 3654 2765 liberaturae,
3709 2674 3965 2768 grandi

860 2795 1175 2870 exercitu
1228 2815 1317 2869 ex
1373 2793 1737 2884 Bohemi8‚
1792 2795 2115 2882 Polonis,
2174 2794 2534 2889 Hungaris
2573 2799 2644 2870 et
2678 2795 3054 2871 Almannis
3109 2797 3436 2886 collecto,
3493 2795 3964 2890 personaliter

861 2916 1161 3008 Pragam
1226 2914 1541 3003 advenit,
1612 2914 2009 3007 stativaque
2073 2915 2363 3007 propius
2427 2917 2727 3009 Pragam
2792 2916 3064 3006 locam,
3133 2937 3330 3008 opem
3395 2915 3700 2989 obsessis
3757 2917 3962 3004 ferre,

862 3040 988 3109 aut
1040 3035 1103 3108 si
1156 3035 1229 3106 id
1282 3033 1517 3107 minus
1576 3034 2009 3125 procederet,
2078 3035 2421 3108 victualia
2475 3035 2562 3110 ad
2617 3037 2936 3110 obsessos
3003 3035 3412 3128 importare,
3483 3034 3672 3110 omni
3725 3034 3964 3108 studio

864 3154 1259 3228 constituit.
1317 3154 1705 3246 Pragenses
1760 3155 2015 3248 Regem
2089 3155 2620 3248 sigismundum
2673 3156 2762 3228 ad
2815 3156 3227 3230 solvendum
3295 3155 3729 3230 obsidionem
3791 3175 3964 3229 ven·

864 3279 1099 3348 turum
1152 3273 1323 3363 rati,
1389 3273 1574 3362 loca,
1642 3273 1897 3366 quibus
1964 3275 2350 3350 obsidionis
2415 3275 2678 3348 solutio
2746 3275 3304 3350 administranda
3365 3280 3548 3364 erat,
3613 3275 3969 3368 specubus

866 3395 1214 3487 fessisque
1266 3393 1740 3468 subterraneis
1796 3399 1869 3468 et
1921 3394 2272 3469 cuniculis
2327 3395 2658 3484 occultiS,
2715 3396 2862 3468 levi
2914 3396 3214 3488 desuper
3279 3396 3524 3470 sabulo
3579 3399 3968 3485 constrato,

866 3519 1211 3607 quatenus
1275 3515 1885 3608 supergredientes
1953 3516 2260 3604 falleret,
2328 3516 2590 3588 dudum
2655 3516 3072 3605 infecerant,
3139 3515 3322 3590 dolis
3378 3519 3450 3589 et
3503 3514 3784 3589 insidiis
3837 3515 3971 3587 ho·

865 3639 1042 3709 stem
1096 3635 1405 3708 validius
1460 3657 1670 3727 quam
1725 3634 1938 3708 armis
1994 3634 2422 3726 oppressuri.
2479 3634 2832 3708 Militibus
2887 3634 3127 3726 itaque
3163 3635 3602 3728 Sigismundi
3637 3634 3856 3727 Regis
3893 3639 3976 3710 et

864 3757 1193 3829 universo
1248 3755 1398 3829 eius
1453 3753 1767 3828 exercitu
1820 3755 1909 3827 ad
1960 3754 2430 3846 repellendam
2486 3753 2701 3828 castri
2755 3755 3218 3848 Wischegrad
3273 3754 3704 3828 obsidionem
3741 3758 3974 3828 certa-

864 3877 1029 3964 tim,
1086 3875 1539 3968 Sigismundo
1594 3875 1786 3966 Rege
1840 3873 2311 3965 inspectante,
2368 3873 2834 3962 irruentibu8‚
2892 3874 3284 3967 Pragenses
3339 3874 3414 3946 in
3451 3874 3822 3948 adversum
3863 3873 3979 3948 ire

864 3999 1188 4088 pergunt.
1255 3995 1561 4086 Quorum
1624 3993 1981 4085 paucitate
2044 3993 2308 4067 milites
2374 3993 2814 4086 Sigismundi
2869 3999 3274 4086 conspecta,
3334 3995 3500 4066 dum
3553 3993 3837 4067 avidius
3893 3993 3982 4066 in

866 4136 1173 4208 pugnam
1235 4119 1641 4205 properant,
1710 4114 1783 4186 in
1849 4114 2001 4186 loca
2064 4113 2480 4186 insidiarum
2545 4113 3131 4205 praecipitantur:
3210 4113 3596 4205 multisque
3659 4115 3986 4186 locorum

867 4234 1347 4308 tantummodo
1402 4233 1781 4325 iniquitate
1819 4233 2121 4321 obrutis,
2181 4233 2436 4306 caeteri
2475 4233 2629 4306 sine
2667 4233 3410 4334 aliquo-humanitatis
3446 4237 3771 4326 respectu
3805 4233 3981 4307 bar-

864 4356 1035 4429 bara
1104 4354 1297 4428 rabie
1369 4352 1706 4426 trucidati
1735 4351 1822 4442 2).
1896 4354 2123 4425 Multa
2197 4358 2366 4426 tunc
2420 4355 2886 4427 Bohemorum
2959 4353 3398 4446 Sigismundi
3461 4353 3677 4446 Regis
3730 4357 3988 4445 partes

867 4473 1310 4568 sequentium
1364 4473 1654 4566 indigna
1707 4477 1929 4546 morte
1984 4472 2244 4545 obtrita
2308 4475 2500 4545 fuere
2563 4473 2822 4560 millia,
2889 4479 2960 4546 et
3013 4474 3388 4546 universus
3443 4475 3583 4546 fere
3639 4473 3984 4548 Bohemi-

866 4617 987 4670 cae
1059 4593 1457 4668 nobilitatis
1520 4593 1648 4665 fios
1712 4597 2107 4684 prostratus
2174 4592 2477 4664 concidit
2567 4593 2676 4665 Ex
2741 4592 3030 4666 Polonis
3095 4593 3416 4666 Andreas
3483 4592 3822 4684 Baliczky
3883 4595 3988 4669 de

866 4719 1065 4790 domo
1120 4713 1545 4806 Bipennium
1600 4712 1805 4786 miles
1858 4711 2192 4804 insignis,
2250 4711 2590 4805 Georgius
2621 4711 2682 4801 ³)
2739 4713 3174 4786 Smolneusis
3239 4713 3436 4800 Dux,
3504 4712 3626 4805 qui
3691 4713 3778 4786 de
3837 4736 3986 4788 suo

866 4839 1145 4909 Ducatu
1199 4834 1611 4907 Smolensko
1667 4833 1752 4904 ab
1808 4833 2210 4904 Alexandro
2267 4831 2662 4905 Withawdo
2728 4832 3023 4920 eiectus,
3088 4833 3176 4906 ad
3231 4832 3760 4925 Sigismundum
3815 4834 3984 4908 Ro-

868 4977 1227 5029 manorum
1263 4954 1526 5046 Regem
1566 4973 1641 5025 se
1677 4953 2101 5039 contulerat3
2148 4972 2237 5024 ex
2276 4951 2605 5024 Bohemis
2643 4951 2992 5025 Henricus
3031 4952 3115 5027 de
3151 4952 3559 5041 Plummovv,
3599 4953 3983 5030 Iaroslaus

866 5075 1277 5166 Konopisky
1306 5074 1370 5162 ⁴)
1425 5073 1509 5145 de
1548 5071 1956 5164 Sternbarg,
2012 5072 2391 5163 pluresque
2435 5071 2560 5144 alii
2596 5071 2860 5144 milites
2897 5071 3210 5164 insignes
3248 5071 3627 5146 desiderati
3653 5071 3740 5162 ⁵).
3799 5073 3980 5149 Rex

1083 5345 1129 5425 ¹)
1175 5347 1493 5408 Bohemiae
1549 5345 1677 5408 Ed.
1739 5344 1919 5430 Lips.
1984 5345 2035 5424 ²)
2099 5347 2376 5408 trucidati
2437 5350 2592 5406 sunt.
2656 5340 2808 5407 Cod.
2857 5341 3047 5407 Rozr.
3115 5343 3166 5424 ³)
3215 5345 3540 5422 Gregorius
3588 5338 3742 5408 God.
3795 5340 4010 5412 Calv-

870 5447 922 5531 ⁴)
972 5450 1285 5527 Konopski
1328 5447 1456 5510 Ed.
1503 5447 1684 5532 Lips.
1736 5447 1787 5531 ⁵)
1836 5450 2156 5510 desiderati
2203 5455 2359 5510 sunt.
2417 5446 2568 5511 Cod.
2621 5445 2810 5509 Rozr.
