4342 6384
824 553 919 629 27
926 555 973 626 4
2012 577 2241 632 mnu
2293 575 2754 632 annuemus.
3389 553 3526 654 (Α.
3561 553 3654 630 Ι).
3695 551 3932 652 1421.)

823 762 1107 837 rita-tem
1159 781 1287 855 per
1336 765 1595 836 terram
1658 781 1859 836 suam
1919 761 2312 854 praestitit,
2379 761 2503 836 sed
2557 761 2771 836 etiam
2835 761 3040 834 illum
3105 761 3538 854 amplissime
3589 761 3930 834 donatum

826 883 1207 956 Tureorum
1262 882 1541 956 Caesari
1600 902 1727 974 per
1778 882 2025 956 literas
2089 882 2623 956 commendavit.
2697 883 3006 974 Quarum
3069 881 3662 974 contemplatione
3715 881 3925 954 miles

824 1004 1223 1095 praedictus
1278 1002 1706 1077 Wilhelmus
1774 1023 1861 1076 ex
1915 1002 2524 1093 Constantinopoli
2585 1024 2629 1074 a
2682 1002 3022 1075 Caesaris·
3053 1001 3521 1074 familiaribus
3585 1022 3709 1092 per
3761 1021 3928 1074 eon·

823 1123 1165 1196 tinentem
1220 1142 1444 1214 usque
1497 1121 1572 1194 in
1626 1122 2074 1195 Hierusalem
2128 1122 2510 1213 perductus
2565 1125 2696 1194 est.
2769 1121 2860 1194 In
2913 1121 3214 1212 patriam
3269 1121 3519 1196 deinde
3570 1141 3926 1209 reversus,

824 1243 1097 1336 magnis
1150 1242 1480 1340 laudibus
1536 1241 1917 1315 Wladislai
1980 1242 2317 1314 Poloniae
2381 1241 2601 1333 Regis
2664 1240 2738 1312 in
2793 1261 2868 1313 se
2931 1240 3440 1332 benignitatem
3504 1241 3690 1332 apud
3743 1242 3928 1314 Bur-

822 1363 1095 1455 gundos
1150 1367 1221 1434 et
1254 1361 1594 1454 Anglicos
1650 1361 2005 1453 implevit,
2062 1366 2133 1434 et
2168 1382 2392 1452 usque
2445 1361 2520 1432 in
2557 1361 2740 1433 diem
2795 1360 3041 1432 mortis
3081 1381 3248 1434 suae
3283 1361 3668 1452 gratiarum
3707 1361 3926 1432 actio-

824 1504 948 1556 nes
1002 1482 1078 1556 in
1130 1481 1603 1556 Wladislaum
1657 1481 1922 1574 Regem
1979 1481 2399 1554 celebrabat.

955 1845 1354 1934 Responsum
1398 1843 1595 1915 detur
1636 1860 1678 1915 a
1721 1843 2075 1916 wladislao
2119 1790 2294 1932 Rege
2353 1842 2598 1932 legatis
2651 1841 3066 1916 &honorum
3119 1842 3200 1914 clo
3243 1861 3376 1914 non
3421 1841 3797 1932 accipiendo

2063 1963 2286 2054 Regno
2329 1961 2688 2034 Bohemiae.

1034 2204 1145 2276 Ex
1200 2203 1409 2276 terris
1462 2201 1767 2276 Russiae
1806 2204 1885 2290 ¹),
1941 2223 2066 2293 pro
2122 2203 2303 2274 festo
2340 2201 2868 2292 Assumptionis
2925 2202 3185 2273 Beatae
3221 2200 3538 2292 Virginis
3573 2201 3836 2274 Mariae
3864 2200 3934 2288 ²)

828 2324 1268 2399 Wladislaus
1322 2323 1478 2396 Rex
1542 2322 1739 2395 venit
1800 2322 1875 2394 in
1928 2321 2224 2410 Lublin,
2289 2322 2684 2414 generalem
2748 2321 3051 2394 diaetam
3107 2342 3265 2393 cum
3312 2322 3714 2393 Alexandro
3769 2320 3928 2394 Wi-

828 2445 1105 2517 thawdo
1161 2444 1411 2536 Magno
1466 2443 1657 2515 Duce
1711 2442 2135 2516 Lithuaniae
2189 2441 2341 2515 illic
2379 2445 2688 2514 acturuS.
2747 2441 2895 2531 Quo
2950 2463 3107 2514 cum
3143 2447 3436 2532 uterque
3491 2441 3566 2514 in
3603 2443 3928 2533 frequen-

828 2565 931 2636 tia
985 2563 1548 2637 consiliariorum
1604 2562 1975 2654 utriusque
2012 2561 2324 2637 Dominii
2379 2562 2850 2648 convenisset,
2909 2582 3120 2652 super
3170 2561 3379 2634 rebus
3418 2562 3817 2636 Bohemieis
3855 2567 3934 2634 et

828 2685 1177 2778 legatione
1231 2703 1469 2758 eorum
1523 2682 2024 2756 deliberatione
2078 2681 2354 2771 habita,
2409 2681 2578 2754 talis
2616 2681 3079 2754 Bohemorum
3135 2682 3440 2770 nuntiis,
3497 2682 3620 2773 qui
3674 2687 3744 2755 et
3786 2684 3932 2774 ipsi

831 2809 919 2878 ex
973 2803 1513 2897 Nyepolomicze
1585 2823 1710 2893 pro
1773 2823 2107 2894 responso
2172 2801 2600 2875 solicitaturi
2662 2802 3118 2888 advenerant,
3193 2803 3554 2893 responsio
3619 2825 3662 2874 a
3723 2802 3928 2875 Wla·

831 2925 1057 2998 dislao
1113 2924 1309 3017 Rege
1358 2928 1430 2998 et
1482 2922 1887 2997 Alexandro
1942 2923 2135 2996 Duce
2162 2920 2228 3012 ³)
2282 2921 2474 2994 edita
2525 2926 2666 2995 est:
2721 2921 2790 2992 N
2794 2943 2882 2993 on
2919 2922 3088 2994 licet
3139 2922 3376 3010 nobis,
3433 2922 3572 2995 viri
3625 2923 3928 3010 nobiles,

833 3045 956 3137 qui
1009 3043 1393 3118 Christiani
1456 3062 1840 3133 censemur,
1907 3042 2312 3134 censerique
2378 3047 2701 3134 optamus
2774 3041 3172 3134 Principes,
3247 3043 3476 3136 Regni
3548 3044 3934 3118 Bohemiae

834 3187 876 3238 a
930 3165 1131 3238 vobis
1186 3165 1501 3238 oblatum
1555 3162 1865 3258 regimen
1920 3165 2272 3256 excipere,
2333 3164 2485 3237 eius
2539 3163 2729 3236 iusto
2782 3163 3107 3251 haerede,
3134 3239 3139 3244 ,
3167 3164 3615 3256 Sigismundo
3671 3166 3929 3238 Roma-

830 3307 1079 3359 norum
1133 3285 1355 3378 Rege,
1413 3288 1722 3358 extante.
1798 3284 1933 3377 Qui
1996 3284 2131 3357 etsi
2193 3285 2438 3358 foedus
2493 3283 2714 3356 initae
2773 3283 3137 3357 nobiscum
3161 3284 3574 3372 amicitiae,
3643 3286 3931 3377 sangui-

832 3408 1085 3499 nisque
1138 3408 1292 3479 iura
1342 3405 1901 3497 praevaricatus,
1969 3426 2097 3478 sua
2149 3404 2472 3478 arbitrali
2536 3404 2782 3495 iniqua
2846 3405 3198 3478 sententia
3247 3406 3665 3499 gravissime
3719 3407 3930 3478 nobis

832 3528 1211 3601 iniuriatus
1278 3527 1403 3617 sit,
1476 3548 1605 3600 nos
1669 3530 1904 3599 tamen
1974 3545 2192 3598 causa
2252 3530 2494 3597 nostra
2554 3525 2733 3614 Dec,
2809 3525 3224 3598 iniuriarum
3297 3528 3384 3598 ad
3447 3525 3935 3598 ulciscendum

832 3653 1189 3722 reservata
1239 3647 1493 3737 ultori,
1563 3647 1865 3738 fideique
1924 3651 1997 3720 et
2050 3645 2281 3738 Regni
2335 3645 2712 3720 Bohemiae
2775 3645 3058 3739 negotia
3131 3647 3398 3720 sincere
3451 3669 3580 3719 nos
3643 3647 3932 3720 adiutu-

831 3791 981 3860 roS,
1038 3768 1791 3859 administraturosque
1846 3765 2231 3840 offerimus:
2289 3767 2628 3858 vobisque
2681 3786 2952 3838 omnem
3006 3771 3317 3839 nostram
3379 3789 3662 3860 operam
3715 3769 3936 3860 polli-

834 3912 1090 3965 cemur.
1174 3889 1438 3981 Quodsi
1502 3888 1851 3962 erroribus
1924 3910 1968 3960 a
2036 3887 2238 3960 vobis
2300 3887 2824 3980 dogmatisatis,
2909 3907 3083 3977 quos
3145 3887 3570 3961 universalis
3641 3890 3940 3964 damnat

837 4011 1168 4098 ecclesia,
1223 4008 1749 4083 renuntiaturos
1813 4030 1940 4082 vos
2010 4007 2534 4082 consenseritis:
2599 4029 2725 4079 vos
2781 4013 2852 4080 et
2904 4008 3226 4099 Regnum
3279 4013 3592 4081 vestrum
3645 4011 3934 4083 curabi—

837 4151 992 4203 mus
1046 4133 1287 4202 nostra
1340 4127 1793 4202 solicitudine
1848 4129 1935 4202 ad
1989 4128 2248 4201 bonum
2301 4128 2614 4201 ordinem
2643 4127 2708 4218 ⁴)
2761 4127 3122 4216 reducere,
3188 4131 3259 4200 et
3311 4130 3400 4200 ad
3452 4149 3724 4220 pacem,
3783 4151 3936 4203 ser-

837 4255 1003 4324 vata
1054 4249 1255 4322 vobis
1316 4248 1538 4320 vestri
1598 4248 1884 4322 honoris
1948 4249 2386 4343 integritate,
2455 4249 2796 4322 stabilire.
2869 4247 3370 4340 Mittemusque
3432 4269 3520 4322 ex
3583 4245 3940 4324 hocloco

838 4375 1063 4444 certos
1134 4367 1421 4441 nuntios
1491 4373 1769 4441 nostros
1840 4369 1929 4442 ad
1992 4369 2526 4462 Sigismundum
2595 4371 3064 4442 Romanorum
3137 4369 3431 4462 Regem,
3505 4374 3946 4446 tractaturos

838 4512 1073 4564 secum
1127 4489 1367 4561 modos
1422 4491 1493 4562 et
1528 4487 1713 4576 vias,
1771 4489 2027 4580 quibus
2064 4509 2192 4562 vos
2247 4495 2319 4563 et
2353 4489 2676 4581 Regnum
2721 4493 3034 4561 vestrum
3089 4489 3178 4561 ad
3213 4490 3417 4564 fidem
3473 4491 3946 4566 orthodoxam

835 4609 1114 4700 reduci,
1168 4613 1239 4682 et
1291 4607 1577 4700 optimis
1630 4607 1995 4702 religionis
2034 4608 2419 4682 catholicae
2471 4609 2784 4682 moribus
2820 4609 3288 4682 obtinebimus
3342 4610 3727 4685 informari.
3785 4611 3856 4684 N
3857 4633 3956 4688 ec

838 4734 1068 4806 solum
1132 4729 1316 4819 illic,
1391 4728 1519 4802 sed
1582 4733 1655 4803 et
1724 4729 1911 4822 apud
1974 4729 2223 4804 Sedem
2287 4729 2770 4822 Apostolicam
2834 4729 3310 4802 laborabimus
3373 4752 3499 4823 pro
3561 4737 3802 4804 vestra
3863 4739 3956 4808 et

837 4852 1065 4946 Regni
1119 4850 1343 4926 vestri
1394 4851 1690 4923 honesta
1740 4850 2178 4938 reductione,
2233 4869 2402 4942 pace
2455 4853 2666 4940 atque
2718 4848 2998 4922 unione.
3072 4849 3165 4921 Et
3218 4869 3377 4924 cum
3433 4851 3956 4944 sigismundus

840 4975 1027 5060 Rex,
1082 4973 1346 5046 habens
1400 4969 1537 5043 duo
1602 4970 2071 5063 amplissima,
2137 4970 2608 5042 Romanorum
2673 4969 3005 5042 videlicet
3072 4976 3141 5043 et
3205 4971 3609 5063 Hungariae
3661 4971 3958 5065 Regna,

840 5090 1332 5188 gubernationi
1384 5113 1621 5165 eorum
1675 5091 2024 5182 intentu8‚
2092 5091 2228 5164 scit
2283 5111 2358 5165 se
2422 5089 2496 5163 in
2549 5088 2745 5162 tertii
2799 5088 3138 5182 regimine
3201 5111 3447 5182 parum
3502 5091 3675 5164 bene
3727 5113 3966 5184 posse

1058 5367 1105 5450 ¹)
1152 5367 1433 5430 Pruseine
1474 5365 1602 5430 Ed.
1633 5363 1815 5450 Lips.
1886 5363 1943 5448 Ω)
1986 5366 2210 5429 Beatae
2251 5365 2518 5443 Virginis
2561 5367 2786 5427 Mariae
2845 5361 3072 5426 desunt
3115 5365 3191 5428 in
3237 5361 3390 5428 cod.
3446 5361 3623 5428 Calo.
3694 5365 3752 5447 ³)
3799 5369 3978 5431 Ale-

844 5475 1070 5538 xandro
1112 5471 1455 5534 Withswdo
1500 5467 1653 5536 Ood.
1698 5467 1891 5535 Rozr.
1955 5467 2009 5550 ⁴)
2052 5469 2314 5548 regimen
2361 5465 2517 5531 Cod.
2562 5467 2754 5532 Rozr.
