4342 6384
413 610 544 723 (Α.
586 623 676 697 D.
717 622 949 723 1410.)
1596 648 1822 700 mnan
1875 648 2333 701 Usnncmus.
3410 610 3503 699 13

411 951 738 1025 Praesidia
780 955 1097 1045 Polonica,
1142 956 1429 1027 incensis
1460 956 1710 1044 aliquot
1754 955 2209 1027 cruciferoru-
2254 957 2460 1045 pagis,
2508 958 2593 1028 ad
2620 956 2971 1046 petendum
3016 954 3247 1027 foedus
3290 954 3512 1025 decom

1323 1075 1569 1147 diorum
1611 1072 1886 1148 ulricum
1929 1076 2306 1165 nagistrum
2352 1079 2616 1165 cogunt.

621 1312 908 1385 Miserat
963 1312 1249 1406 insuper
1303 1314 1741 1387 Wladislaus
1795 1313 2129 1389 Poloniae
2183 1317 2338 1388 Rex
2394 1314 2939 1407 quadringentos
2994 1314 3266 1405 equites
3322 1313 3507 1386 mili-

413 1434 564 1503 tum
638 1436 706 1505 et
769 1432 1199 1505 curiensium
1272 1456 1552 1506 suorum
1626 1434 1699 1506 in
1773 1441 2078 1508 castrum
2151 1434 2861 1508 Iunivladislaviense
2933 1455 3057 1526 pro
3132 1433 3505 1526 praesidiO,

417 1552 683 1645 treugis
723 1552 908 1625 inter
943 1554 1264 1645 Regnum
1293 1558 1373 1627 ct
1411 1555 1825 1647 Magistrum
1865 1560 2074 1646 atquo
2113 1556 2441 1627 Ordinem
2480 1555 2989 1647 expirantibuS,
3030 1554 3259 1647 Regni
3288 1558 3509 1627 metas

415 1673 500 1744 ab
555 1673 802 1745 hostili
857 1674 1134 1746 insultu
1186 1679 1656 1765 protecturos:
1716 1675 1973 1767 quibus
2030 1676 2437 1768 capitaneus
2493 1675 3234 1749 Iunivladislaviensis
3292 1676 3507 1747 Boro-

415 1813 671 1883 wyecz,
731 1798 800 1866 et
853 1794 1053 1886 equis
1109 1816 1380 1884 eorum,
1439 1796 1523 1869 de
1560 1796 1882 1869 omnibus
1936 1795 2351 1869 necessariis
2407 1796 2840 1888 providebat.
2900 1796 3102 1869 Alios
3156 1795 3324 1868 item
3378 1794 3508 1866 mi-

413 1912 580 1984 lites
637 1918 706 1985 et
761 1914 1146 2004 curienseS,
1205 1915 1509 1990 similem
1565 1916 2032 1989 defensionem
2070 1916 2395 1989 hostibus
2433 1916 2909 2008 opposituroS,
2966 1916 3042 1988 in
3078 1917 3415 1988 Brzescze
3454 1914 3511 2003 ¹)

415 2033 820 2105 collocarat:
896 2034 1018 2126 qui
1083 2035 1296 2107 simul
1359 2036 1616 2123 iuncti,
1683 2036 1951 2129 treugis
2017 2035 2505 2128 expirantibus
2570 2035 2643 2107 in
2698 2036 2810 2108 die
2876 2034 3119 2108 Sancti
3173 2033 3509 2107 Iohannis

419 2153 817 2244 Baptistae,
877 2155 950 2227 in
1005 2156 1238 2244 borra,
1296 2178 1473 2248 quae
1531 2157 2020 2229 Sluschowska
2050 2156 2113 2246 2)
2170 2157 2590 2249 appellatur,
2655 2177 2869 2247 prope
2922 2157 3205 2228 Thorun
3262 2177 3336 2228 se
3388 2176 3508 2246 po-

419 2278 711 2347 suerunt
764 2274 838 2346 in
893 2276 1249 2363 latibulis,
1319 2282 1387 2349 et
1443 2278 1590 2349 sole
1645 2277 2033 2365 occidente,
2102 2278 2425 2349 tabernas
2480 2278 2567 2348 ad
2622 2275 2812 2367 ripas
2870 2275 3181 2348 fluminis
3238 2274 3513 2347 Wislate

418 2392 626 2481 sita-S,
685 2394 853 2467 item
909 2395 1122 2467 villas
1159 2396 1226 2467 N
1231 2399 1570 2489 yeschow,
1629 2397 2007 2469 Murzinow
2063 2401 2133 2469 et
2171 2398 2349 2471 alias
2403 2397 2641 2488 plures
2677 2394 3185 2488 pulcherrimas
3233 2400 3302 2467 et
3337 2395 3513 2466 benc

417 2514 714 2601 locata8‚
771 2514 846 2585 in
901 2515 1225 2608 Magistri
1278 2521 1348 2590 et
1403 2517 1684 2590 Ordinis
1740 2517 2245 2590 Cruciferorum
2300 2516 2742 2609 possessione
2799 2522 2967 2588 tunc
3022 2514 3510 2602 consistente8‚

419 2633 702 2705 sedente
757 2635 1094 2729 Magistro
1148 2637 1481 2710 Prussiae
1536 2637 1778 2710 Ulrico
1835 2659 1991 2709 cum
2029 2638 2324 2709 Nicolao
2380 2638 2463 2710 de
2502 2638 2687 2711 Gara
2720 2636 3045 2708 Palatino
3106 2634 3513 2726 Hungariae

419 2758 490 2857 et
553 2754 858 2827 Stiborio
931 2756 1015 2829 de
1078 2755 1535 2845 Stiborzicze‚
1609 2756 1882 2830 nuntiis
1940 2758 2376 2850 Sigismundi
2448 2758 2916 2830 Romanorum
2983 2760 3055 2829 et
3108 2754 3514 2847 Hungariac

421 2874 670 2966 RegiS,
739 2880 806 2947 et
859 2876 1184 2966 pluribus
1240 2876 1926 2950 Commendatoribus
1991 2878 2077 2950 ad
2141 2877 2454 2950 tabulam
2518 2876 2595 2948 in
2659 2898 2904 2965 coena,
2982 2874 3141 2967 igne
3197 2874 3511 2947 adhibito

419 2994 832 3083 incendunt,
892 3000 962 3067 et
1015 2997 1386 3087 pulchrum
1452 2997 1764 3087 quidem,
1834 2998 1952 3070 sed
2017 2998 2390 3069 molestum
2453 2997 2831 3088 praebuere
2885 2996 3289 3068 videntibus
3354 3016 3509 3085 spe-

420 3115 795 3188 ctaculum.
873 3115 1092 3206 Quam
1147 3115 1620 3191 incensionem
1673 3117 2006 3190 Prussiae
2059 3116 2399 3209 Magister
2453 3116 2739 3189 Ulricus
2793 3117 3167 3208 plusquam
3224 3116 3514 3188 moleste

421 3234 624 3323 tulit,
701 3256 838 3307 non
901 3236 1150 3308 damno
1213 3237 1413 3309 illam
1478 3238 1858 3328 deputans,
1935 3237 2056 3309 sed
2119 3236 2401 3328 pudori,
2478 3241 2547 3309 et
2609 3236 2937 3328 plurimis
3001 3234 3377 3308 invectivis
3440 3234 3515 3306 in

421 3355 754 3428 Poloniae
817 3357 1078 3449 Regem
1153 3361 1222 3429 et
1286 3378 1449 3429 suos
1513 3355 1811 3445 milites,
1888 3356 2010 3447 qui
2073 3356 2144 3427 id
2203 3356 2474 3429 facinus
2540 3356 3097 3448 committebant,
3164 3377 3369 3442 usus,
3428 3354 3514 3425 ad

419 3476 712 3548 barones
769 3476 1174 3569 Hungariae
1231 3478 1452 3549 fertur
1505 3475 1803 3549 dixisse:
1864 3476 2108 3568 Qualis
2147 3480 2258 3549 est
2294 3481 2641 3549 tractatus
2696 3476 2864 3563 iste,
2922 3480 2993 3548 et
3032 3497 3240 3567 quam
3296 3478 3513 3561 vafer,

423 3618 626 3688 quem
682 3601 918 3669 vestra
972 3596 1504 3689 interpositione
1567 3596 1929 3669 nobiscum
1983 3596 2271 3689 agitatis
2338 3596 2421 3669 de
2474 3616 2674 3687 pace:
2742 3616 2899 3667 cum
2965 3595 3095 3667 sub
3151 3616 3300 3667 meo
3354 3615 3514 3667 con-

423 3721 668 3808 spectu
724 3718 974 3806 fumos„
1032 3717 1384 3805 incendia,
1442 3716 1685 3789 caedes
1741 3721 1812 3788 et
1867 3716 2094 3807 spolia
2146 3716 2281 3788 mei
2338 3715 2631 3787 dominii
2682 3714 2949 3806 patrari
3005 3712 3325 3785 videam?
3380 3713 3515 3784 Rc-

422 3837 606 3929 cepit
660 3843 893 3909 autem
947 3858 988 3909 a
1023 3836 1401 3910 baronibus
1439 3834 1844 3929 Hungariae
1897 3836 2315 3908 conveniens
2351 3856 2795 3927 responsum:
2852 3834 2922 3906 N
2928 3856 3015 3906 on
3054 3833 3271 3905 officit
3316 3854 3512 3923 prac-

425 3978 585 4029 sens
641 3957 1037 4031 incendium
1077 3958 1412 4049 exiguum
1467 3961 1538 4028 et
1574 3963 1784 4029 tenue
1836 3957 2029 4047 pacis
2068 3955 2517 4047 dispositioni
2554 3960 2623 4028 et
2660 3953 3027 4041 tractatui3
3084 3953 3295 4026 habet
3332 3952 3516 4025 euim

422 4098 673 4168 guerra
727 4077 1226 4165 conditionem,
1284 4077 1534 4169 iusque
1591 4098 1818 4148 suum.
1893 4076 2225 4148 Attendis
2282 4075 2561 4167 quidem
2623 4076 2709 4146 ad
2774 4076 3102 4147 damnum
3165 4072 3511 4145 modicum

425 4196 556 4269 tibi
613 4218 699 4270 ex
739 4198 980 4290 Regno
1017 4197 1352 4269 Poloniae
1405 4198 1720 4284 illatum,
1779 4201 1848 4268 et
1886 4218 2022 4267 non
2059 4196 2368 4269 attendis
2422 4197 2704 4282 damna,
2763 4195 3005 4267 caedes
3062 4198 3133 4267 et
3171 4193 3514 4279 incendia,

425 4338 602 4408 quae
655 4319 898 4409 Regno
954 4317 1318 4405 Poloniae,
1385 4317 1722 4389 vastando
1789 4321 1858 4388 et
1919 4317 2320 4407 occupando
2384 4319 2638 4388 terram
2705 4314 2936 4405 Regni
3006 4312 3316 4411 eiusdem
3382 4313 3519 4384 Do-

422 4438 862 4512 brzinensem
893 4434 978 4526 ³),
1045 4436 1359 4509 intulisti
1389 4438 1476 4525 ⁴).
1564 4436 1665 4508 Ut
1726 4435 1946 4529 igitur
2018 4434 2294 4508 facilior
2364 4439 2435 4507 et
2500 4434 2840 4507 efficacior
2910 4433 3138 4525 possit
3207 4453 3330 4524 per
3394 4452 3520 4503 nos

423 4558 777 4649 interponi
830 4556 1023 4648 pacis
1079 4559 1457 4645 tractatuS,
1515 4557 1914 4629 consultum
1971 4561 2261 4647 apparet
2297 4555 2531 4642 nobiS,
2588 4560 2669 4626 ut
2706 4554 2978 4645 aliquot
3030 4553 3299 4626 dierum
3340 4552 3521 4625 inter

423 4699 549 4750 vos
607 4681 972 4751 firmentur
1026 4682 1333 4770 treugae.
1409 4675 1683 4749 Annuit
1748 4678 1932 4747 ultro
1987 4676 2155 4749 huic
2208 4674 2713 4749 consultationi
2768 4673 3099 4747 Prussiae
3154 4672 3511 4766 Magister,

429 4804 498 4872 et
567 4798 1008 4871 sufferentias
1071 4800 1264 4889 pacis
1329 4798 1596 4872 dierum
1664 4797 1898 4870 decem
1963 4801 2201 4869 tenere
2263 4816 2337 4868 se
2391 4794 2793 4887 repromisit
2856 4799 2927 4867 et
2989 4792 3219 4866 literis
3285 4794 3516 4865 firma-

426 4919 571 4992 vit:
651 4938 828 5009 quae
898 4918 1292 4990 Wladislao
1365 4918 1698 4990 Poloniae
1768 4917 1947 5009 Regi
2023 4922 2092 4989 et
2162 4918 2407 5010 Regno
2463 4936 2587 4987 suo
2672 4935 2879 5007 quam
2954 4912 3255 4985 maxime
3328 4914 3519 4985 fuere

430 5038 864 5113 necessariae
919 5042 988 5111 et
1042 5040 1461 5111 fructuosae.
1532 5038 1675 5110 Sub
1731 5037 2014 5109 illarum
2072 5037 2326 5110 etenim
2381 5035 2756 5109 intervallo
2812 5032 3075 5106 milites
3133 5032 3398 5126 singuli
3452 5037 3526 5106 et

426 5158 778 5252 capitanei
829 5159 1059 5251 Regni
1109 5159 1618 5251 praeparabant
1672 5180 1747 5231 se
1801 5158 1888 5231 ad
1924 5157 2221 5247 bellum,
2278 5156 2595 5248 deposito
2650 5155 2841 5230 omni
2872 5153 3121 5227 hostili
3174 5159 3521 5246 respectu,

645 5430 694 5514 ¹)
753 5436 1061 5495 Brzesczie
1130 5429 1280 5496 Cod.
1342 5430 1532 5495 Rozr.
1604 5430 1654 5513 ²)
1720 5432 2064 5495 Sluzewska
2120 5428 2248 5493 Ed.
2310 5428 2493 5514 Lips.
2565 5426 2621 5510 3)
2680 5430 3105 5490 Dobrzinensis
3170 5427 3296 5491 Ed.
3343 5426 3523 5511 Lips.

433 5537 485 5619 ⁴)
531 5538 834 5600 intulistis.
878 5534 1005 5599 Ed.
1051 5532 1234 5621 Lips.
