4342 6384
374 556 518 659 (Α.
557 558 652 634 D.
689 553 918 659 1410.)
1535 581 1764 635 menn
1813 581 2274 636 mmncnms.
3318 561 3463 634 221

373 767 814 857 periculosas
883 767 1182 841 insidias
1243 766 1640 856 didicisset,
1707 771 1910 841 noete
1973 767 2373 860 insequenti
2436 767 2797 841 duodecim
2860 765 3197 840 milliaria
3258 769 3467 840 eonfi-

375 887 610 976 eiens‚
667 889 756 960 ad
809 888 1070 976 laeum,
1137 886 1260 980 qui
1321 887 1581 961 Mothis
1643 888 2074 980 appellatur,
2140 887 2367 976 venit,
2443 886 2695 961 exinde
2758 886 2833 959 in
2888 887 3167 962 Grodno
3231 906 3467 977 proee-

376 1007 556 1081 dens
593 1009 681 1098 ¹),
737 1012 900 1100 post
948 1007 1026 1081 in
1077 1007 1444 1082 Poloniam
1497 1006 1786 1081 transiit
1803 1006 1892 1099 2).

377 1371 824 1444 lembulo·
865 1371 1216 1460 lnporum
1257 1371 1706 1444 nastusi-u
1765 1387 1805 1442 a
1848 1370 2217 1444 Withavdo
2258 1370 2490 1461 lagno
2532 1371 2701 1442 Duos
2745 1370 3129 1442 nuruum
3188 1372 3472 1456 ortatu,

379 1508 422 1562 a
467 1489 978 1564 Kmnberdono
1021 1492 1348 1563 'thamus
1391 1492 1810 1582 ”uendente
1837 1492 2149 1578 vinoitun
2196 1492 2507 1564 viatorem
2550 1493 2770 1562 autom
2812 1490 3019 1561 stater
3046 1487 3471 1562 lero-ferdoni

1407 1610 1710 1684 tetidem
1727 1667 1744 1698 ,
1787 1611 2122 1701 inperium
2165 1612 2461 1700 occupat.

591 1849 1086 1922 Thartarorum
1139 1847 1390 1922 Caesar
1426 1847 1942 1924 Keremberden
1971 1845 2059 1938 ³),
2116 1852 2337 1921 morte
2371 1847 2599 1940 patris
2635 1847 2747 1922 sui
2784 1848 3032 1922 Soltan
3068 1846 3353 1920 Zeledin
3382 1847 3471 1936 ⁴),

375 1967 499 2061 qui
559 1967 1030 2042 wladislaum
1085 1969 1418 2042 Poloniae
1481 1970 1746 2062 Regem
1809 1973 1880 2043 et
1933 1969 2414 2042 Alexandrum
2480 1967 2955 2042 Withawdum
3027 1967 3103 2039 in
3169 1965 3471 2059 singulis

377 2088 948 2180 expeditionibus
1003 2088 1452 2162 Pruthenieis
1505 2089 1811 2177 iuverat,
1869 2092 2139 2176 secuta,
2205 2087 2281 2160 in
2334 2091 2701 2180 paternum
2756 2085 3013 2160 solium
3066 2089 3350 2159 evectus
3382 2085 3469 2175 ⁶),

379 2207 676 2281 hostilia
727 2208 804 2281 in
859 2208 1338 2282 Alexandrum
1393 2208 1870 2282 Withawdum
1924 2213 1996 2283 et
2039 2208 2491 2300 Principatus
2544 2228 2709 2280 suos
2763 2205 3027 2295 moliri,
3084 2204 3473 2280 Alexandri

379 2327 700 2402 amicitia
749 2333 1180 2420 contempta,
1249 2329 1499 2420 eoepit.
1573 2327 1698 2401 Cui
1761 2328 2436 2402 vicissitudinariam
2506 2326 2972 2401 hostilitatem
3028 2325 3470 2400 Withawdus

381 2454 798 2523 ostensurus
852 2453 924 2522 et
978 2468 1065 2521 ex
1121 2447 1424 2540 Imperio
1478 2447 1685 2521 illum
1747 2448 2177 2535 deiecturus,
2244 2447 2464 2523 alium
2526 2445 2924 2539 Principem
2976 2447 3473 2519 Thartarorum

383 2569 875 2642 Bethsubulan
903 2568 968 2658 ὓ)
1022 2567 1098 2641 in
1151 2569 1651 2661 Imperatorem
1705 2569 1892 2662 apud
1947 2569 2231 2640 Vilnam
2249 2623 2266 2658 ‚
2325 2567 2605 2641 Schuba
2634 2567 2697 2656 ⁷)
2758 2567 2847 2641 de
2895 2585 3209 2660 purpura
3263 2585 3474 2638 aurea

381 2688 757 2778 vestitum,
815 2691 1035 2777 creat,
1093 2687 1468 2762 constituit
1522 2695 1592 2763 et
1629 2687 1934 2776 ordinat,
1995 2693 2066 2762 et
2099 2688 2429 2782 gentibus
2484 2707 2662 2780 quae
2714 2687 2922 2760 illum
2978 2686 3470 2778 sequebantur,

381 2808 562 2882 alias
617 2827 782 2881 suas
835 2811 1080 2901 gentes
1133 2808 1577 2882 Thartarieas
1632 2807 2050 2902 adiungens,
2107 2809 2197 2880 ad
2234 2807 2707 2881 dimicandum
2760 2810 3001 2880 eontra
3052 2805 3467 2878 Keromber-

382 2927 516 3002 den
542 2927 614 3017 ⁸)
668 2929 941 3000 hostem
995 2949 1200 3000 suum
1255 2928 1699 3002 transmittit.
1774 2929 2022 3022 Pugna
2073 2933 2307 3002 autem
2360 2927 2581 3000 atroei
2641 2925 2827 3000 inter
2878 2931 3255 3018 utrumque
3308 2945 3469 2998 eon-

383 3053 604 3136 serta,
663 3047 1154 3122 Bethsubulan
1181 3047 1246 3138 ⁹)
1299 3069 1459 3121 eum
1514 3069 1642 3122 sua
1692 3053 1899 3142 gente
1954 3047 2369 3136 sueeumbit,
2428 3052 2499 3122 et
2550 3067 2591 3118 a
2644 3045 3159 3121 Keremberden
3212 3045 3469 3132 vietus,

383 3169 616 3261 eapite
669 3167 880 3242 etiam
935 3171 1303 3240 truncatus
1358 3172 1488 3242 est.
1545 3168 1705 3241 Non
1759 3172 1920 3261 post
1971 3169 2233 3241 multos
2286 3167 2585 3261 denique
2636 3167 2787 3242 dies
2852 3171 2923 3240 et
2976 3166 3128 3260 ipse
3182 3167 3468 3239 Kerem-

383 3289 643 3363 berdon
696 3308 739 3359 a
791 3289 1004 3361 fratre
1059 3310 1186 3361 suo
1237 3309 1564 3381 germano
1617 3287 2084 3363 Ieremferden
2123 3289 2213 3376 ¹⁰)
2270 3287 2573 3376 occisus,
2639 3287 3024 3379 Imperium
3081 3284 3471 3378 occupavit,

383 3406 772 3498 maiorique
827 3406 1199 3498 prudentia
1259 3429 1466 3496 usuS,
1533 3408 1795 3481 Ducem
1861 3409 2191 3502 Magnum
2255 3408 2738 3484 Alexandrum
2802 3427 2943 3479 non
2996 3424 3199 3479 seeus
3262 3426 3473 3498 quam

385 3548 560 3599 suus
611 3526 889 3620 genitor
941 3526 1183 3600 coluit.
1242 3528 1538 3620 Propter
1575 3527 1760 3621 quod
1813 3529 2108 3600 thronus
2147 3549 2318 3600 suus
2356 3526 2574 3600 Ducis
2616 3525 3003 3600 Alexandri
3056 3525 3473 3598 adhaesione

380 3650 454 3720 et
505 3645 824 3718 amicitia
878 3647 1014 3720 fuit
1065 3646 1260 3720 illieo
1316 3645 1710 3736 stabilitus,
1768 3651 1842 3721 et
1892 3647 2042 3738 ipse
2097 3647 2565 3722 Ieremferden
2619 3645 2937 3739 singulas
2990 3645 3473 3737 expeditiones

383 3787 540 3838 eum
598 3765 1001 3839 Alexandro
1056 3765 1452 3840 Withawdo
1505 3767 1580 3840 in
1635 3786 2108 3859 quoscumque
2160 3769 2401 3840 hostes
2457 3765 2715 3841 obibat.

1284 4125 1708 4239 ANNUS
1781 4125 2241 4239 DOMINI
2310 4125 2568 4238 1419.

381 4367 640 4439 latu-i
700 4366 910 4456 rapto
967 4367 1186 4440 mutii
1203 4423 1220 4454 ,
1281 4367 1453 4458 quod
1510 4368 1910 4441 sententiam
1975 4369 2263 4459 iniquam
2327 4385 2441 4458 pro
2499 4367 2840 4440 ornareris
2904 4370 3133 4441 eontra
3198 4368 3471 4440 Polonos

711 4485 1027 4558 tulimnt
1041 4542 1058 4573 ,
1104 4487 1275 4576 apud
1318 4486 1550 4576 rapam
1595 4504 1710 4577 per
1752 4487 1984 4560 literas
2035 4506 2078 4559 a
2119 4487 2477 4560 wladislao
2518 4488 2693 4578 nego
2737 4491 3148 4561 assuuntur.

591 4720 1028 4795 wladislaus
1083 4723 1416 4798 Poloniae
1472 4726 1628 4799 Rex
1693 4747 1780 4799 ex
1835 4725 2218 4799 Lithuania
2280 4747 2635 4816 reversae,
2710 4725 3169 4819 carnisprivii
3222 4726 3471 4801 diebus

385 4843 572 4936 apud
611 4842 704 4933 ¹¹)
756 4842 1004 4916 Iedlna
1066 4845 1366 4932 exactis,
1425 4845 1790 4920 Elisabeth
1853 4845 2124 4938 Regina
2188 4846 2275 4919 ab
2339 4847 2809 4940 aegritudine,
2866 4868 3075 4940 quam
3138 4847 3475 4920 habuerat

600 5047 646 5125 ¹)
693 5049 987 5110 transiens
1045 5044 1197 5111 Cod.
1245 5046 1436 5113 Rozr.
1507 5048 1560 5128 ²)
1605 5050 1786 5112 venit.
1836 5045 1989 5113 Cod.
2035 5047 2229 5113 Rozr.
2298 5049 2351 5132 ⁸)
2396 5052 2842 5112 Karemberden
2890 5046 3042 5115 cod.
3093 5046 3270 5115 Calv.
3331 5051 3476 5131 (Ke-

383 5149 744 5229 rimberdei).
792 5146 850 5233 ⁴)
897 5150 1145 5212 Zelthan
1191 5151 1434 5213 Zeledin
1483 5148 1634 5215 God.
1690 5149 1867 5215 Gale.
1914 5153 2146 5233 (Sultan
2192 5153 2697 5232 Dsehelaleddin).
2748 5151 2799 5234 ⁶)
2849 5159 3089 5216 evectus
3134 5160 3252 5234 est,
3298 5160 3478 5231 atque

397 5251 545 5317 ovd.
593 5251 788 5316 Rozr.
849 5251 902 5334 ⁸)
949 5254 1369 5316 Bethsabulam
1424 5251 1575 5317 cod.
1620 5253 1813 5317 Rozr.
1863 5253 1914 5333 ⁷)
1960 5261 2126 5316 veste
2169 5257 2420 5332 pellicea
2466 5252 2617 5319 God.
2662 5253 2854 5320 ΕΟΖ-ν.
2919 5255 2972 5335 ⁸)
3014 5257 3476 5320 Kerembardem

389 5350 540 5524 333.
571 5349 766 5521 galv.
815 5353 868 5438 ⁰)
915 5355 1277 5418 Bstlrsabula
1331 5353 1482 5423 cod.
1528 5353 1720 5421 Rezr.
1776 5355 1854 5429 ¹⁰)
1903 5358 2323 5422 Geremferden
2372 5353 2523 5425 God.
2569 5356 2760 5421 Rozr.
2806 5358 3245 5442 (Iar-imferdei).
3299 5357 3381 5448 ¹¹)
3414 5361 3475 5426 iu

525 5502 541 5519 .
637 5477 765 5522 ezr.
