4342 6384
336 539 469 639 (Α.
509 538 599 613 D.
640 538 893 637 1434.)
1490 564 1717 618 menn
1770 563 2229 615 unnncmus.
3279 543 3428 613 545

338 745 663 819 continue
717 746 895 818 alias
962 752 1031 819 et
1086 745 1265 818 alias
1332 746 1709 821 instantias
1764 746 2212 833 innovarent,
2279 747 2525 819 multis
2582 750 2696 837 (ut
2749 749 2932 835 erat)
2989 745 3430 837 SpithkoniS,

335 866 658 939 Abrahae
722 870 792 941 et
846 865 1291 937 Straschonis
1374 866 1723 939 sententia
1786 871 1989 939 atrox
2060 872 2131 939 et
2203 866 2635 941 incommoda
2708 865 3100 953 videbatur,
3179 865 3424 937 multis

338 984 853 1073 simultatibuS,
913 985 1091 1057 odiis
1148 990 1217 1057 et
1263 985 1822 1076 partialitatibus
1875 1007 2021 1059 rem
2065 986 2422 1078 publicam
2468 985 2868 1073 turbatura;
2926 986 3439 1076 quaerebantur

336 1104 627 1196 proinde
680 1106 1111 1179 moderatum
1150 1106 1455 1179 medium
1514 1105 1601 1177 ad
1638 1127 1783 1177 rem
1840 1106 2404 1197 componendam.
2463 1105 2658 1196 Quod
2705 1125 2862 1177 cum
2900 1104 3051 1177 dari
3087 1105 3433 1195 nequiret,

338 1224 625 1317 diesque
678 1246 892 1315 prope
930 1226 987 1313 ¹)
1045 1225 1403 1298 meridiem
1459 1246 1683 1317 usque
1740 1230 1925 1298 esset
1978 1230 2365 1317 protracta,
2425 1225 2862 1298 intellectum
2917 1229 3058 1311 est,
3116 1231 3238 1295 aut
3294 1225 3432 1296 sal-

338 1350 479 1417 tem
532 1367 575 1416 a
627 1346 1093 1436 prudentibus
1147 1350 1218 1417 et
1273 1346 1571 1419 oculatis
1626 1345 1801 1417 viris
1855 1350 2416 1437 praesumptum,
2475 1346 2668 1417 vafre
2726 1350 2798 1417 et
2833 1344 3087 1417 callide
3143 1366 3261 1416 eos
3299 1344 3431 1415 dif-

338 1466 691 1539 ficultates
746 1469 816 1537 et
854 1465 1353 1556 impedimenta
1386 1464 1787 1537 huiusmodi
1844 1465 2318 1555 interponere,
2375 1486 2515 1537 non
2562 1469 2644 1537 ut
2678 1464 3019 1540 rationem
3075 1463 3435 1554 exigerent

337 1605 461 1676 pro
517 1584 1042 1659 conservatione
1095 1586 1449 1658 libertatis
1502 1586 1803 1677 patriae,
1862 1587 1984 1659 sed
2020 1590 2101 1657 ut
2136 1592 2416 1677 tempus
2471 1583 2705 1657 verbis
2761 1582 3088 1657 inanibus
3144 1590 3213 1655 et
3267 1605 3432 1656 ven·
3509 1658 3514 1661 .

338 1704 518 1776 tosis
573 1705 891 1792 terend0,
960 1705 1109 1777 dies
1172 1706 1561 1777 constituta
1623 1728 1748 1797 pro
1814 1705 2260 1779 coronatione
2321 1704 2764 1795 praeteriret,
2831 1726 2972 1795 qua
3031 1703 3432 1794 praeterita,

338 1844 620 1897 necesse
674 1832 861 1897 esset
914 1826 1427 1899 coronationem
1483 1827 1555 1898 in
1592 1826 1809 1899 alium
1866 1826 2047 1899 diem
2085 1824 2562 1911 Dominicum,
2618 1824 3046 1897 cumferiali
3100 1824 3212 1895 dio
3253 1823 3438 1895 iuste

339 1945 613 2035 expleri
666 1966 805 2017 non
858 1950 1129 2035 posset,
1187 1944 1472 2017 differri.
1548 1945 1844 2017 Interim
1900 1950 2133 2017 autem
2162 1943 2696 2039 ‘existimabant
2747 1964 2822 2015 se
2873 1943 3113 2035 plures
3169 1943 3254 2015 ad
3311 1963 3438 2015 sua

339 2070 505 2136 vota
558 2064 997 2152 inducturos,
1055 2064 1453 2155 multosque
1506 2084 1595 2135 ex
1650 2064 2011 2151 Cracovia,
2070 2063 2190 2157 qui
2247 2063 2575 2154 expensis
2627 2067 3110 2161 gravarentur,
3179 2062 3435 2135 disces-

341 2204 573 2271 suroS,
634 2204 846 2275 seque
900 2186 1068 2255 tunc
1123 2184 1401 2255 facilius
1456 2204 1662 2275 posse
1700 2186 2005 2272 efficere,
2062 2204 2242 2275 quae
2277 2183 2678 2257 volvebant.
2737 2182 2898 2255 Non
2937 2183 3164 2255 solum
3191 2166 3438 2255 'autem

338 2324 383 2375 a
433 2303 885 2397 pontificibus
941 2310 1012 2376 et
1066 2303 1490 2377 consiliariis
1544 2304 2000 2395 primoribuS,
2058 2322 2302 2377 verum
2357 2308 2427 2375 et
2481 2324 2522 2375 a
2559 2302 2956 2389 militibus„
2992 2283 3433 2393 vulgaribus-

341 2444 506 2515 que,
566 2423 687 2514 qui
745 2423 831 2494 ad
886 2422 1067 2495 diem
1132 2423 1573 2497 comitiorum
1636 2424 1709 2495 in
1765 2422 2115 2515 frequenti
2179 2442 2465 2495 numero
2516 2425 3015 2509 convenerant,
3083 2444 3123 2493 a
3177 2421 3436 2513 populo

338 2544 639 2635 denique
695 2543 1082 2616 sententiae
1138 2543 1473 2633 sanioriS,
1531 2543 1880 2636 dementia
1935 2541 2384 2634 Spithkonis,
2441 2542 2798 2631 Abrahae,
2867 2541 3312 2615 Straschonis
3368 2544 3437 2613 et

340 2684 625 2735 suorum
682 2661 1081 2754 sequacium
1136 2662 1589 2751 irridebatur;
1646 2684 1823 2754 quae
1874 2684 1987 2736 res
2040 2663 2235 2755 ipsos
2289 2662 2594 2753 amplius
2649 2662 2733 2733 ad
2791 2661 3276 2753 opponendum
3328 2680 3434 2731 re-

341 2782 739 2855 sistentiam
795 2781 1228 2871 incendebat.
1314 2783 1715 2855 consiliarii
1770 2783 2009 2874 itaque
2064 2788 2133 2855 et
2187 2782 2530 2873 primores
2581 2781 2843 2873 Regni,
2909 2803 2997 2853 ne
3043 2782 3179 2859 ,hac
3219 2778 3434 2885 calli-

341 2902 563 2975 ditate
636 2901 1333 2988 circumvenirentur,
1410 2923 1625 2994 sagax
1690 2902 2097 2989 consilium,
2175 2923 2309 2993 quo
2385 2901 2590 2973 dolus
2663 2900 3064 2974 huiusmodi
3102 2999 3107 3004 ·
3140 2882 3436 2990 opprimi

339 3027 579 3113 posset
609 3019 695 3109 ²),
754 3026 1147 3113 opponunt.
1196 3021 1529 3093 Mandant
1584 3022 1813 3114 Regni
1852 3021 2186 3095 Poloniae
2240 3020 2579 3093 marsalco
2634 3020 2934 3093 Iohanni
2991 3019 3308 3093 Glowacz
3354 3017 3439 3090 de

342 3140 827 3229 Oleschnicza‚
896 3146 1243 3231 quatenus
1310 3141 1677 3213 denuntiet
1740 3141 1929 3213 omni
1992 3140 2470 3226 multitudini,
2542 3162 2718 3231 quae
2783 3142 3233 3225 convenerat,
3291 3139 3439 3211 alta

342 3282 541 3333 voce:
584 3281 819 3333 omnes
860 3261 1189 3347 maioreS,
1231 3267 1439 3351 atque
1480 3281 1716 3332 omnes
1754 3260 2003 3347 bonos,
2044 3282 2196 3333 eam
2236 3266 2556 3352 captasse
2595 3259 3204 3337 deliberationem,
3267 3278 3435 3348 qua-

342 3386 549 3453 tenus
604 3380 1041 3452 Wladislaus
1096 3380 1607 3473 primogenitus
1662 3381 1735 3452 in
1790 3381 2123 3452 Poloniae
2177 3381 2441 3471 Regem
2495 3383 2901 3451 assumatur
2939 3383 3008 3449 et
3045 3382 3433 3449 coronetur.

342 3501 420 3572 Si
477 3501 589 3571 cui
644 3498 879 3590 itaque
936 3520 1015 3570 ea
1068 3499 1478 3571 deliberatio
1536 3504 1824 3589 apparet
1876 3499 1979 3570 rei
2034 3498 2358 3589 publicae
2413 3498 2730 3584 inutilis,
2801 3498 3006 3569 abeat
3059 3500 3438 3568 retrorsum

344 3625 415 3692 et
463 3624 733 3710 partem
788 3623 1022 3691 teneat
1060 3618 1451 3689 sinistram:
1510 3640 1667 3689 cum
1704 3618 1811 3705 hi,
1852 3618 1976 3709 qui
2014 3617 2484 3691 Wladislaum
2525 3616 2994 3689 coronandum
3031 3615 3434 3701 decernunt,

342 3737 860 3813 tenerevelint
914 3742 1183 3828 partem
1238 3738 1590 3823 dextram,
1652 3743 1722 3810 et
1776 3738 2111 3829 experiri,
2177 3737 2298 3827 qui
2355 3741 2425 3808 et
2477 3736 2725 3827 quanti
2784 3736 2962 3823 sint,
3019 3740 3144 3806 aut
3183 3734 3436 3825 quibus

340 3860 689 3931 ducantur
748 3857 1172 3943 rationibuS,
1244 3856 1364 3947 qui
1430 3858 1941 3929 coronationem
2003 3856 2264 3949 regiam
2330 3856 2742 3947 impediunt.
2822 3856 2922 3926 Eo
2996 3854 3179 3926 enim
3238 3853 3436 3925 modo

344 3978 891 4049 circumventam
946 3998 1089 4048 rem
1146 3976 1531 4066 publicam,
1600 3976 2047 4067 Spithkonis,
2115 3976 2438 4048 Abrahae
2505 3982 2576 4047 et
2631 3975 3078 4047 Straschonis
3126 3974 3434 4063 impres-

345 4098 573 4183 sione,
632 4095 1076 4185 etamplius,
1132 4095 1272 4165 nisi
1322 4096 1607 4168 illorum
1638 4094 1700 4185 ³)
1754 4097 2316 4169 rescinderentur
2353 4101 2678 4181 conatuS,
2738 4093 3436 4179 circumveniendam,

344 4216 749 4306 expeditum
806 4214 896 4287 iri
950 4216 1429 4286 autumabant.
1488 4214 1637 4285 Nec
1692 4216 1974 4287 fefellit:
2033 4216 2164 4285 hoc
2219 4216 2401 4287 enim
2443 4213 2667 4287 edicto
2722 4234 2844 4304 per
2881 4234 3212 4304 organum
3257 4233 3435 4285 mar-

344 4334 519 4406 salci
574 4335 1056 4425 pronuntiato,
1124 4333 1348 4405 omnis
1408 4334 1789 4405 multitudo
1854 4356 2021 4407 voce
2076 4333 2222 4405 alta
2278 4333 2586 4405 clamans
2616 4334 2702 4421 ⁴),
2776 4332 3245 4405 Wladislaum
3295 4332 3436 4422 pri-

342 4454 658 4547 genitum
715 4454 1179 4525 coronandum
1236 4455 1651 4539 acclamant,
1711 4453 2159 4526 consentiunt
2217 4458 2286 4524 et
2340 4453 2722 4525 decernunt
2754 4452 2838 4539 5).
2900 4454 3066 4524 Tres
3106 4452 3214 4523 illi
3259 4452 3435 4521 dun-

344 4578 546 4646 taxat
598 4574 925 4660 barones,
982 4574 1147 4643 dum
1203 4574 1543 4663 quendam
1598 4574 1827 4645 locum
1868 4573 2190 4645 altiorem
2245 4572 2659 4659 ascendunt,
2703 4577 2772 4643 et
2810 4570 3282 4643 contradicere
3320 4570 3436 4644 de-

345 4698 535 4766 cret-o
575 4693 916 4764 maiorum
948 4698 1016 4762 et
1046 4693 1417 4764 consensui
1454 4693 1729 4783 populi,
1770 4692 2003 4765 nescio
2044 4714 2181 4783 qua
2218 4692 2646 4779 temeritate,
2687 4691 3046 4779 nituntur,
3085 4694 3438 4781 premente

344 4813 837 4899 multitudine,
878 4812 1303 4885 deiiciuntur
1339 4813 1424 4884 de
1462 4814 1635 4885 loco.
1693 4813 1785 4884 Et
1820 4812 2316 4885 reclamatione
2361 4832 2598 4885 eorum
2635 4815 2846 4902 atque
2883 4809 3436 4886 contradictione

344 4937 775 5023 contempta,
834 4932 1177 5019 Praelati,
1253 4931 1611 5021 Principes
1668 4938 1737 5003 et
1789 4930 2115 5018 baroneS,
2181 4931 2591 5022 nobilesque
2658 4929 2971 5003 universi
3025 4933 3434 5019 assurgunt,

564 5218 613 5305 ¹)
658 5224 776 5283 iam
820 5238 1003 5299 prope
1053 5218 1205 5283 Cod.
1256 5219 1444 5281 Rozr.
1496 5216 1548 5303 ²)
1596 5238 1712 5296 quo
1744 5222 1940 5281 dolum
1984 5208 2319 5281 huiusmodi
2349 5220 2682 5297 opprimant
2729 5214 2881 5281 Coa.
2916 5216 3107 5280 Rozr.
3157 5217 3210 5297 ³)
3242 5237 3438 5279 eorum

348 5320 504 5388 Cod.
537 5322 729 5386 Rozr.
780 5322 835 5403 ⁴)
881 5343 1027 5385 voce
1069 5344 1285 5400 magna
1316 5324 1698 5384 exclamando
1747 5319 1899 5384 cod.
1934 5320 2127 5385 Rozr.
2181 5321 2232 5402 ⁶)
2278 5324 2586 5401 exclamat,
2617 5323 3026 5397 consentitque
3071 5327 3132 5381 et
3159 5322 3438 5382 decernit.

347 5424 501 5491 Cod.
550 5424 741 5491 Rozr.

398 5578 443 5621 J.
470 5578 661 5631 ulnae..
690 5578 813 5619 mot.
839 5576 1001 5618 Paion.
1029 5577 1081 5617 τ.
1107 5576 1191 5619 rv.
3059 5556 3128 5611 69
