4342 6384
356 574 491 677 (Α.
530 578 623 658 Β.
663 579 917 679 1444.)
1469 606 1697 663 mann
1746 609 2270 665 nuonncmus.
3310 598 3460 671 699

364 906 757 983 'ladislaus
798 909 937 983 Rex
980 910 1050 982 in
1092 910 1417 985 Monit-
1459 915 1739 987 reditun
1783 932 2023 1005 mus
2064 918 2147 990 ab
2191 918 2511 1009 nugaris
2551 920 2897 995 mutetur.
2941 921 3274 995 lobnam
3317 924 3461 997 Du

364 1028 727 1119 opali-mis
754 1033 1151 1105 mercatores
1182 1032 1639 1109 oncorimes
1670 1036 1755 1108 ad
1778 1035 2260 1114 wratislaviam
2287 1040 2798 1129 proficiamus,
2827 1042 3020 1122 rebus
3044 1045 3117 1115 et
3143 1044 3459 1118 mercibus

1620 1156 1917 1229 omnibus
1960 1157 2226 1247 spoliat.

558 1390 959 1482 Appetebat
1010 1394 1325 1484 tempus,
1394 1414 1531 1485 quo
1588 1393 2029 1469 wladislaus
2093 1396 2248 1469 Rex
2313 1395 2648 1475 Poloniae
2711 1398 3032 1493 Regnum
3093 1399 3289 1475 adire
3349 1422 3456 1475 re·

352 1510 801 1603 promiserat,
881 1512 1139 1586 festum
1204 1512 1537 1589 videlicet
1574 1515 1628 1603 ι)
1692 1515 2145 1589 Pentecostes
2217 1515 2524 1589 maximo
2589 1517 2898 1593 omnium
2968 1519 3456 1595 Praelatorum

356 1632 858 1724 expectabatur
910 1631 1288 1721 desiderio,
1346 1654 1473 1707 nec
1526 1633 1781 1707 minori
1834 1634 1987 1727 ipse
2038 1635 2129 1707 ad
2184 1635 2548 1709 visendam
2578 1633 2640 1725 8)
2693 1637 3108 1729 genitricem
3171 1640 3244 1713 e‘t
3295 1662 3452 1732 pro-

350 1751 543 1845 prios
597 1754 884 1843 penates
902 1806 919 1839 ,
976 1752 1065 1827 ad
1120 1752 1567 1846 corrigendas
1620 1754 2101 1829 deformitates
2138 1754 2460 1829 absentia
2511 1776 2640 1829 sua
2687 1760 3002 1846 exortae,
3059 1759 3452 1847 ferebatur3

354 1871 427 1944 iu
482 1892 845 1945 occursum
902 1892 1109 1945 suum
1164 1894 1403 1947 omnes
1458 1877 1689 1947 status
1742 1894 1819 1947 se
1870 1874 2214 1966 parabant
2243 1872 2332 1964 3),
2399 1876 2610 1969 longa
2671 1876 2890 1951 fames
2941 1876 3288 1953 adventus
3341 1880 3456 1953 sui

351 1991 586 2083 ipsum
640 1991 913 2066 cunctis
965 1992 1344 2085 gratiorem
1408 1992 1633 2087 magis
1688 2015 1897 2085 quam
1961 1993 2497 2069 desiderandum
2551 1995 2894 2073 effecerat.
2973 1996 3110 2071 Sed
3163 1997 3447 2089 invidit,

350 2112 589 2187 nescio
663 2111 823 2203 quis
886 2112 1113 2200 Deua,
1186 2113 1613 2186 Polonorum
1675 2114 2017 2187 fortunae.
2100 2114 2470 2188 Conclusio
2542 2119 2613 2188 et
2685 2117 3013 2189 voluntas
3075 2117 3291 2211 Regis
3361 2120 3448 2193 de

350 2232 775 2306 transeundo
828 2231 904 2305 in
956 2231 1357 2321 Poloniam,
1414 2253 1553 2305 non
1606 2238 1750 2305 tam
1805 2231 2099 2305 consilio
2147 2234 2644 2326 Hungarorum
2697 2256 2908 2327 quam
2964 2256 3167 2328 prece
3221 2242 3296 2311 et
3330 2239 3450 2312 ob-

350 2350 769 2441 secratione,
826 2351 1161 2444 abrogata
1213 2354 1346 2427 est.
1404 2351 1719 2425 Iniectus
1776 2352 1961 2427 enim
2000 2352 2496 2446 Hungarorum
2548 2354 2804 2427 animis
2861 2355 2998 2427 fuit
3035 2355 3448 2449 singularis,

348 2492 477 2547 nec
530 2494 573 2545 a
625 2492 787 2545 vero
842 2471 1223 2547 abhorrens
1276 2472 1653 2562 scrupulus
1709 2476 1781 2545 et
1834 2470 2175 2564 suspicio,
2233 2492 2320 2545 ne
2355 2471 2607 2546 Poloni
2661 2472 3148 2549 advenientem
3183 2475 3450 2570 Regem

349 2592 537 2685 apud
590 2612 665 2664 se
718 2590 1083 2680 sisterent,
1142 2594 1213 2664 et
1248 2589 1599 2682 implicari
1652 2590 1889 2678 illum,
1948 2594 2099 2663 tum
2154 2589 2558 2679 domestico,
2616 2595 2768 2665 tum
2805 2593 3188 2667 Turcorum
3233 2594 3448 2685 bello,

345 2712 823 2806 periculisque
878 2710 1265 2785 innumeris
1316 2730 1459 2783 non
1494 2710 1839 2799 sinerent,
1896 2715 1969 2784 et
2003 2731 2129 2803 per
2162 2709 2369 2784 illum
2423 2730 2534 2785 res
2585 2710 2906 2803 proprias
2958 2712 3198 2804 potius
3237 2735 3450 2806 quam
3547 2764 3556 2773 -

348 2834 845 2926 Hungarorum
899 2830 983 2905 de
1036 2833 1309 2904 caetero
1360 2830 1862 2923 gubernarent,
1936 2850 2065 2904 nec
2117 2830 2327 2905 aliter
2380 2828 2456 2903 in
2509 2830 2950 2924 Hungariam
3001 2832 3231 2907 redire
3283 2854 3446 2908 eon-

347 2953 727 3039 sentirent,
782 2950 999 3025 donec
1051 2950 1165 3023 illi
1216 2949 1509 3041 pacifica
1562 2954 1633 3023 et
1685 2950 1927 3041 plena,
1987 2970 2165 3041 quae
2217 2970 2344 3042 per
2394 2951 2666 3043 legatos
2717 2950 3286 3043 promittebatur,
3323 2954 3444 3026 da·

344 3078 545 3149 retur
594 3070 827 3165 Regni
880 3068 1287 3162 Hungariae
1338 3069 1716 3161 possessio.
1780 3069 1933 3143 Has
1988 3068 2530 3144 deliberationes
2583 3070 2852 3145 versari
2905 3072 3091 3163 apud
3143 3073 3448 3147 Polonos

350 3195 504 3269 sive
558 3196 746 3267 certa
800 3188 1363 3277 denuntiatione,
1420 3189 1573 3265 sive
1622 3188 1973 3283 probabili
2026 3189 2430 3281 suspicione
2462 3190 2786 3283 Hungari
2835 3190 3016 3279 rati,
3072 3191 3450 3265 transitum

346 3314 569 3409 Regis
624 3312 699 3385 in
752 3309 1117 3384 Poloniam
1173 3329 1382 3400 quam
1434 3308 1741 3383 maxime
1794 3312 2156 3396 avertunt,
2216 3330 2304 3383 ne
2357 3313 2428 3382 et
2481 3308 3000 3401 expeditionem
3053 3311 3130 3384 in
3184 3312 3448 3386 Turcos

343 3436 703 3511 incassum
756 3431 848 3507 iri
900 3434 975 3505 et
1024 3429 1218 3521 ipsos
1272 3448 1315 3502 a
1364 3434 1569 3521 parte
1622 3430 1845 3503 altera
1898 3428 2230 3521 opprimi,
2285 3429 2689 3520 bellumque
2743 3428 3160 3503 intestinum
3215 3451 3302 3504 ex
3339 3430 3448 3504 iu-

342 3562 547 3648 tegro
606 3551 929 3630 renovari
994 3550 1377 3642 contingat.
1460 3548 1707 3641 Neque
1760 3548 1958 3623 enim
2032 3549 2163 3622 sub
2231 3548 2534 3623 alicuius
2609 3548 2904 3623 alterius
2967 3548 3306 3641 auspiciis
3379 3554 3451 3624 et

340 3673 641 3768 imperio
694 3672 961 3747 bellum
1024 3674 1267 3745 eontra
1322 3670 1581 3743 Turcos
1644 3668 1795 3761 geri
1850 3667 2228 3761 quisquam
2281 3667 2727 3757 decernebat,
2802 3688 3025 3761 neque
3080 3670 3272 3762 Rege
3325 3671 3444 3744 ab·

343 3800 547 3871 sente
600 3812 805 3885 posse
860 3789 1199 3865 sustineri
1252 3788 1635 3863 exercitum
1652 3844 1671 3877 ,
1727 3787 2176 3880 disciplinam
2230 3787 2608 3861 militarem
2663 3792 2733 3861 et
2787 3788 3108 3861 ordinum
3161 3809 3442 3863 concor-

339 3916 532 3989 diam
550 3970 567 4003 ,
624 3917 697 3987 et
747 3910 983 3985 omnia
1042 3908 1366 3984 absentia
1429 3907 1649 4001 Regis
1716 3908 1791 3981 in
1844 3907 2222 3981 discrimen
2287 3926 2534 3981 casura
2597 3906 2899 3999 quilibet
2958 3908 3442 3998 portendebat.

340 4032 661 4121 Polonis,
716 4050 855 4123 quo
890 4029 1125 4105 minus
1179 4030 1475 4104 moleste
1530 4029 1791 4103 ferrent
1842 4027 2277 4102 aversionem
2333 4025 2582 4119 Regis,
2647 4025 2898 4100 literae
2962 4027 3446 4101 excusatoriae

336 4154 601 4230 blande
652 4154 1025 4241 conceptae
1060 4149 1147 4222 ab
1186 4147 1546 4241 Hungaris
1582 4147 1887 4221 directae
1916 4148 1980 4237 ⁴)
2019 4152 2209 4220 sunt.
2251 4146 2510 4219 Verum
2556 4145 3136 4237 quemadmodum
3173 4148 3447 4222 aversio

340 4272 563 4367 Regis
617 4293 659 4343 a
712 4268 1017 4343 transitu
1071 4269 1146 4341 in
1199 4268 1563 4341 Poloniam
1618 4268 1977 4362 Hungaris
2031 4269 2295 4341 multas
2351 4268 2697 4340 salutares
2765 4288 2877 4341 res
2932 4266 3270 4357 contulit,
3345 4269 3448 4343 ita

340 4392 635 4469 Polonis
688 4388 1033 4482 plurimas
1086 4388 1514 4480 perniciosas
1566 4387 1973 4481 parturivit.
2058 4388 2242 4461 Nam
2297 4387 2668 4460 Boleslaus
2734 4386 3026 4478 Opoliae
3080 4388 3275 4475 Dux,
3334 4387 3449 4460 vir

338 4519 498 4587 tum
560 4509 833 4584 haeresi
895 4507 1384 4596 Hussitarum,
1461 4510 1614 4579 tum
1676 4506 2163 4599 repudiatione
2227 4507 2572 4580 consortis
2645 4502 3004 4599 legitimae
3075 4504 3445 4580 Elisabeth

340 4634 447 4705 de'
487 4630 759 4717 Pileza,
816 4630 887 4701 et
942 4626 1237 4699 alterius
1293 4624 1717 4699 concubinae
1754 4608 2372 4716 superinductione
2427 4626 2701 4715 foedus,
2760 4626 3042 4719 cognita
3079 4624 3446 4700 aversione

340 4750 597 4844 Regis,
656 4769 862 4841 quem
920 4746 1059 4820 sibi
1113 4746 1530 4819 aestimabat
1598 4744 2142 4835 formidabilem,
2210 4744 2538 4819 audacior
2591 4746 2852 4834 factus,
2919 4746 3104 4838 quod
3158 4745 3446 4820 videbat

336 4873 554 4947 illum
608 4870 817 4943 rebus
853 4866 1189 4940 Poloniae
1240 4864 1615 4959 neglectis,
1674 4871 1823 4938 tum
1861 4864 2274 4953 domestico,
2331 4868 2482 4937 tum
2519 4866 2899 4937 Turcorum
2936 4865 3125 4938 bello
3179 4865 3444 4938 arctius

337 4992 720 5084 alligatum
750 4988 838 5078 5),
894 4985 1421 5060 multitudinem
1477 4990 1936 5058 mercatorum
1990 4983 2554 5057 cracoviensium
2609 5005 2766 5058 cum
2823 4984 3258 5076 sumptuosis
3296 5006 3440 5056 ma-

337 5112 607 5207 gnique
659 5107 874 5201 pretii
926 5105 1279 5180 variarum
1333 5104 1796 5178 maneriorum
1826 5104 1891 5194 ⁶)
1947 5104 2318 5192 mercibus,
2375 5124 2530 5176 cum
2595 5102 2940 5195 equestri,
2995 5103 3444 5196 pedestrique

562 5378 613 5464 ¹)
660 5382 887 5444 scilicet
929 5379 1057 5444 Ed.
1101 5378 1285 5463 Lips.
1334 5377 1383 5458 ²)
1428 5379 1506 5439 ad
1550 5378 1867 5439 videndam
1911 5375 2038 5439 Ed.
2070 5374 2253 5459 Lips.
2301 5374 2355 5455 ³)
2399 5378 2800 5455 properabant
2825 5373 2953 5439 Ed.
2984 5372 3162 5459 Lipe.
3209 5371 3263 5455 ⁴)
3307 5376 3445 5437 mis-

338 5506 453 5551 sae
501 5480 655 5548 Cod.
701 5483 880 5548 Koet.
946 5482 999 5563 ⁶)
1042 5484 1350 5561 alligatum
1396 5499 1529 5544 esse
1576 5475 1729 5544 Cod.
1774 5478 1953 5541 Kost.
2003 5476 2057 5559 θ)
2104 5480 2480 5541 materiarum
2525 5475 2652 5541 Ed.
2700 5476 2883 5562 Lipe.
