<?xml version="1.0" encoding="UTF-8"?>
<!DOCTYPE html PUBLIC "-//W3C//DTD XHTML 1.0 Transitional//EN"
    "http://www.w3.org/TR/xhtml1/DTD/xhtml1-transitional.dtd">
<html xmlns="http://www.w3.org/1999/xhtml" xml:lang="en" lang="en">
 <head>
  <title>
</title>
<meta http-equiv="Content-Type" content="text/html;charset=utf-8" />
  <meta name='ocr-system' content='tesseract 3.04.00' />
  <meta name='ocr-capabilities' content='ocr_page ocr_carea ocr_par ocr_line ocrx_word'/>
</head>
<body>
  <div class='ocr_page' id='page_1' title='image "./dzieawszystkie00unkngoog_0470.png"; bbox 0 0 4342 6384; ppageno 0'>
   <div class='ocr_carea' id='block_1_1' title="bbox 383 563 3475 668">
    <p class='ocr_par' dir='ltr' id='par_1_1' title="bbox 383 563 3475 668">
     <span class='ocr_line' id='line_1_1' title="bbox 383 563 3475 668; baseline 0.001 -25"><span class='ocrx_word' id='word_1_1' title='bbox 383 563 518 668; x_wconf 86' lang='grc' dir='ltr'><strong>(Α.</strong></span> <span class='ocrx_word' id='word_1_2' title='bbox 556 565 648 643; x_wconf 84' lang='lat' dir='ltr'><strong>D.</strong></span> <span class='ocrx_word' id='word_1_3' title='bbox 688 564 922 667; x_wconf 71' lang='lat'><strong>143⁸.)</strong></span> <span class='ocrx_word' id='word_1_4' title='bbox 1550 591 1777 643; x_wconf 73' lang='lat' dir='ltr'><strong>Lmnn</strong></span> <span class='ocrx_word' id='word_1_5' title='bbox 1828 590 2289 645; x_wconf 69' lang='lat' dir='ltr'><strong>uunncnms.</strong></span> <span class='ocrx_word' id='word_1_6' title='bbox 3324 570 3475 645; x_wconf 83' lang='lat'><strong>459</strong></span> 
     </span>
    </p>
   </div>
   <div class='ocr_carea' id='block_1_2' title="bbox 381 772 3477 1350">
    <p class='ocr_par' dir='ltr' id='par_1_2' title="bbox 381 772 3477 1350">
     <span class='ocr_line' id='line_1_2' title="bbox 383 772 3477 867; baseline 0 -18"><span class='ocrx_word' id='word_1_7' title='bbox 383 772 778 849; x_wconf 81' lang='lat' dir='ltr'><strong>brzinensis</strong></span> <span class='ocrx_word' id='word_1_8' title='bbox 831 780 902 849; x_wconf 89' lang='lat' dir='ltr'><strong>et</strong></span> <span class='ocrx_word' id='word_1_9' title='bbox 956 774 1410 866; x_wconf 82' lang='lat' dir='ltr'><strong>cuyaviensis</strong></span> <span class='ocrx_word' id='word_1_10' title='bbox 1463 779 1808 849; x_wconf 87' lang='lat' dir='ltr'><strong>terrarum</strong></span> <span class='ocrx_word' id='word_1_11' title='bbox 1862 776 2075 849; x_wconf 91' lang='lat' dir='ltr'><strong>altior</strong></span> <span class='ocrx_word' id='word_1_12' title='bbox 2137 776 2337 849; x_wconf 93' lang='lat' dir='ltr'><strong>dolor</strong></span> <span class='ocrx_word' id='word_1_13' title='bbox 2398 779 2471 848; x_wconf 90' lang='lat' dir='ltr'><strong>et</strong></span> <span class='ocrx_word' id='word_1_14' title='bbox 2532 776 2769 848; x_wconf 87' lang='lat' dir='ltr'><strong>luctus</strong></span> <span class='ocrx_word' id='word_1_15' title='bbox 2836 776 3251 867; x_wconf 84' lang='lat' dir='ltr'><strong>occupabat,</strong></span> <span class='ocrx_word' id='word_1_16' title='bbox 3307 776 3477 849; x_wconf 89' lang='lat' dir='ltr'><strong>dum</strong></span> 
     </span>
     <span class='ocr_line' id='line_1_3' title="bbox 388 894 3474 987; baseline 0 -19"><span class='ocrx_word' id='word_1_17' title='bbox 388 894 462 968; x_wconf 91' lang='lat' dir='ltr'><strong>in</strong></span> <span class='ocrx_word' id='word_1_18' title='bbox 515 894 864 969; x_wconf 87' lang='lat' dir='ltr'><strong>communi</strong></span> <span class='ocrx_word' id='word_1_19' title='bbox 917 895 1166 967; x_wconf 90' lang='lat' dir='ltr'><strong>damno</strong></span> <span class='ocrx_word' id='word_1_20' title='bbox 1231 899 1302 968; x_wconf 89' lang='lat' dir='ltr'><strong>et</strong></span> <span class='ocrx_word' id='word_1_21' title='bbox 1353 894 1637 969; x_wconf 89' lang='lat' dir='ltr'><strong>miseria</strong></span> <span class='ocrx_word' id='word_1_22' title='bbox 1697 894 2047 987; x_wconf 90' lang='lat' dir='ltr'><strong>privatam</strong></span> <span class='ocrx_word' id='word_1_23' title='bbox 2101 896 2454 969; x_wconf 87' lang='lat' dir='ltr'><strong>fortunam</strong></span> <span class='ocrx_word' id='word_1_24' title='bbox 2504 916 2706 967; x_wconf 87' lang='lat' dir='ltr'><strong>suam</strong></span> <span class='ocrx_word' id='word_1_25' title='bbox 2768 898 2841 968; x_wconf 90' lang='lat' dir='ltr'><strong>et</strong></span> <span class='ocrx_word' id='word_1_26' title='bbox 2892 915 3179 969; x_wconf 87' lang='lat' dir='ltr'><strong>suornm</strong></span> <span class='ocrx_word' id='word_1_27' title='bbox 3233 895 3474 969; x_wconf 83' lang='lat' dir='ltr'><strong>charo-</strong></span> 
     </span>
     <span class='ocr_line' id='line_1_4' title="bbox 381 1014 3473 1109; baseline 0.001 -23"><span class='ocrx_word' id='word_1_28' title='bbox 381 1035 567 1104; x_wconf 90' lang='lat' dir='ltr'><strong>rum,</strong></span> <span class='ocrx_word' id='word_1_29' title='bbox 623 1018 776 1087; x_wconf 90' lang='lat' dir='ltr'><strong>tum</strong></span> <span class='ocrx_word' id='word_1_30' title='bbox 828 1034 1164 1102; x_wconf 82' lang='lat' dir='ltr'><strong>uxorum,</strong></span> <span class='ocrx_word' id='word_1_31' title='bbox 1231 1020 1382 1087; x_wconf 87' lang='lat' dir='ltr'><strong>tum</strong></span> <span class='ocrx_word' id='word_1_32' title='bbox 1437 1014 1816 1089; x_wconf 88' lang='lat' dir='ltr'><strong>liberorum</strong></span> <span class='ocrx_word' id='word_1_33' title='bbox 1879 1018 1952 1087; x_wconf 89' lang='lat' dir='ltr'><strong>et</strong></span> <span class='ocrx_word' id='word_1_34' title='bbox 2004 1014 2445 1089; x_wconf 88' lang='lat' dir='ltr'><strong>subditorum</strong></span> <span class='ocrx_word' id='word_1_35' title='bbox 2510 1014 2807 1088; x_wconf 86' lang='lat' dir='ltr'><strong>iniurias</strong></span> <span class='ocrx_word' id='word_1_36' title='bbox 2862 1014 3224 1107; x_wconf 89' lang='lat' dir='ltr'><strong>deplorare</strong></span> <span class='ocrx_word' id='word_1_37' title='bbox 3275 1034 3473 1109; x_wconf 88' lang='lat' dir='ltr'><strong>coge-</strong></span> 
     </span>
     <span class='ocr_line' id='line_1_5' title="bbox 385 1133 3477 1229; baseline 0.001 -22"><span class='ocrx_word' id='word_1_38' title='bbox 385 1138 648 1208; x_wconf 90' lang='lat' dir='ltr'><strong>rentur.</strong></span> <span class='ocrx_word' id='word_1_39' title='bbox 704 1136 1000 1226; x_wconf 78' lang='lat' dir='ltr'><strong>Propter</strong></span> <span class='ocrx_word' id='word_1_40' title='bbox 1053 1135 1270 1225; x_wconf 90' lang='lat' dir='ltr'><strong>quod,</strong></span> <span class='ocrx_word' id='word_1_41' title='bbox 1327 1139 1479 1208; x_wconf 91' lang='lat' dir='ltr'><strong>tum</strong></span> <span class='ocrx_word' id='word_1_42' title='bbox 1532 1133 1706 1227; x_wconf 90' lang='lat' dir='ltr'><strong>ipsi,</strong></span> <span class='ocrx_word' id='word_1_43' title='bbox 1763 1138 1915 1209; x_wconf 91' lang='lat' dir='ltr'><strong>tum</strong></span> <span class='ocrx_word' id='word_1_44' title='bbox 1969 1155 2207 1209; x_wconf 89' lang='lat' dir='ltr'><strong>omnes</strong></span> <span class='ocrx_word' id='word_1_45' title='bbox 2244 1133 2403 1226; x_wconf 87' lang='lat' dir='ltr'><strong>alii,</strong></span> <span class='ocrx_word' id='word_1_46' title='bbox 2459 1133 2687 1211; x_wconf 84' lang='lat' dir='ltr'><strong>redire</strong></span> <span class='ocrx_word' id='word_1_47' title='bbox 2740 1134 2829 1207; x_wconf 90' lang='lat' dir='ltr'><strong>ad</strong></span> <span class='ocrx_word' id='word_1_48' title='bbox 2880 1133 3165 1229; x_wconf 88' lang='lat' dir='ltr'><strong>propria</strong></span> <span class='ocrx_word' id='word_1_49' title='bbox 3218 1139 3291 1209; x_wconf 90' lang='grc'><strong>01</strong></span> <span class='ocrx_word' id='word_1_50' title='bbox 3326 1134 3477 1209; x_wconf 86' lang='lat' dir='ltr'><strong>suis</strong></span> 
     </span>
     <span class='ocr_line' id='line_1_6' title="bbox 387 1252 1661 1350; baseline 0.003 -23"><span class='ocrx_word' id='word_1_51' title='bbox 387 1258 744 1350; x_wconf 88' lang='lat' dir='ltr'><strong>utcunque</strong></span> <span class='ocrx_word' id='word_1_52' title='bbox 795 1254 1156 1330; x_wconf 84' lang='lat' dir='ltr'><strong>consulere</strong></span> <span class='ocrx_word' id='word_1_53' title='bbox 1210 1252 1661 1331; x_wconf 76' lang='lat' dir='ltr'><strong>festinabant.</strong></span> 
     </span>
    </p>
   </div>
   <div class='ocr_carea' id='block_1_3' title="bbox 427 1616 3433 1813">
    <p class='ocr_par' dir='ltr' id='par_1_3' title="bbox 427 1616 3433 1813">
     <span class='ocr_line' id='line_1_7' title="bbox 427 1616 3433 1711; baseline 0.001 -18"><span class='ocrx_word' id='word_1_54' title='bbox 427 1618 820 1693; x_wconf 66' lang='lat' dir='ltr'><strong>Vindium</strong></span> <span class='ocrx_word' id='word_1_55' title='bbox 861 1617 1000 1693; x_wconf 71' lang='lat' dir='ltr'><strong>Rex</strong></span> <span class='ocrx_word' id='word_1_56' title='bbox 1045 1616 1130 1689; x_wconf 77' lang='lat' dir='ltr'><strong>ad</strong></span> <span class='ocrx_word' id='word_1_57' title='bbox 1173 1616 1528 1692; x_wconf 64' lang='lat' dir='ltr'><strong>cruciferos</strong></span> <span class='ocrx_word' id='word_1_58' title='bbox 1569 1618 1782 1691; x_wconf 72' lang='lat' dir='ltr'><strong>nnat</strong></span> <span class='ocrx_word' id='word_1_59' title='bbox 1798 1672 1816 1705; x_wconf 89' lang='lat'><strong>,</strong></span> <span class='ocrx_word' id='word_1_60' title='bbox 1875 1616 2277 1691; x_wconf 74' lang='lat' dir='ltr'><strong>denuntians</strong></span> <span class='ocrx_word' id='word_1_61' title='bbox 2318 1636 2393 1691; x_wconf 78' lang='grc' dir='ltr'><strong>ιο</strong></span> <span class='ocrx_word' id='word_1_62' title='bbox 2446 1636 2669 1711; x_wconf 72' lang='lat' dir='ltr'><strong>paeon</strong></span> <span class='ocrx_word' id='word_1_63' title='bbox 2726 1636 2869 1693; x_wconf 73' lang='lat' dir='ltr'><strong>oum</strong></span> <span class='ocrx_word' id='word_1_64' title='bbox 2912 1618 3433 1711; x_wconf 64' lang='lat' dir='ltr'><strong>Svltrigsollono</strong></span> 
     </span>
     <span class='ocr_line' id='line_1_8' title="bbox 1807 1738 2064 1813; baseline -0.012 0"><span class='ocrx_word' id='word_1_65' title='bbox 1807 1738 2064 1813; x_wconf 66' lang='grc'><strong>1001810.</strong></span> 
     </span>
    </p>
   </div>
   <div class='ocr_carea' id='block_1_4' title="bbox 372 1976 3479 4921">
    <p class='ocr_par' dir='ltr' id='par_1_4' title="bbox 372 1976 3479 4921">
     <span class='ocr_line' id='line_1_9' title="bbox 589 1976 3473 2071; baseline 0 -20"><span class='ocrx_word' id='word_1_66' title='bbox 589 1976 1114 2069; x_wconf 76' lang='lat' dir='ltr'><strong>Quamprimum</strong></span> <span class='ocrx_word' id='word_1_67' title='bbox 1167 1981 1403 2050; x_wconf 87' lang='lat' dir='ltr'><strong>autem</strong></span> <span class='ocrx_word' id='word_1_68' title='bbox 1441 1982 1726 2071; x_wconf 78' lang='lat' dir='ltr'><strong>treugae</strong></span> <span class='ocrx_word' id='word_1_69' title='bbox 1779 1976 1965 2051; x_wconf 90' lang='lat' dir='ltr'><strong>inter</strong></span> <span class='ocrx_word' id='word_1_70' title='bbox 2002 1976 2474 2051; x_wconf 76' lang='lat' dir='ltr'><strong>wladislaum</strong></span> <span class='ocrx_word' id='word_1_71' title='bbox 2508 1976 2847 2051; x_wconf 88' lang='lat' dir='ltr'><strong>Poloniae</strong></span> <span class='ocrx_word' id='word_1_72' title='bbox 2884 1978 3147 2071; x_wconf 89' lang='lat' dir='ltr'><strong>Regem</strong></span> <span class='ocrx_word' id='word_1_73' title='bbox 3182 1978 3269 2051; x_wconf 86' lang='lat' dir='ltr'><strong>ab</strong></span> <span class='ocrx_word' id='word_1_74' title='bbox 3306 2000 3473 2069; x_wconf 86' lang='lat' dir='ltr'><strong>una,</strong></span> 
     </span>
     <span class='ocr_line' id='line_1_10' title="bbox 387 2095 3477 2190; baseline 0.001 -20"><span class='ocrx_word' id='word_1_75' title='bbox 387 2102 456 2171; x_wconf 93' lang='lat' dir='ltr'><strong>et</strong></span> <span class='ocrx_word' id='word_1_76' title='bbox 508 2099 771 2171; x_wconf 85' lang='lat' dir='ltr'><strong>Ducem</strong></span> <span class='ocrx_word' id='word_1_77' title='bbox 809 2097 1198 2190; x_wconf 85' lang='lat' dir='ltr'><strong>Switrigal,</strong></span> <span class='ocrx_word' id='word_1_78' title='bbox 1257 2097 1816 2190; x_wconf 83' lang='lat' dir='ltr'><strong>cruciferosque,</strong></span> <span class='ocrx_word' id='word_1_79' title='bbox 1879 2099 1966 2171; x_wconf 92' lang='lat' dir='ltr'><strong>ab</strong></span> <span class='ocrx_word' id='word_1_80' title='bbox 2021 2100 2274 2187; x_wconf 87' lang='lat' dir='ltr'><strong>altera,</strong></span> <span class='ocrx_word' id='word_1_81' title='bbox 2337 2096 2657 2189; x_wconf 89' lang='lat' dir='ltr'><strong>partibus</strong></span> <span class='ocrx_word' id='word_1_82' title='bbox 2696 2098 2775 2187; x_wconf 89' lang='lat'><strong>¹),</strong></span> <span class='ocrx_word' id='word_1_83' title='bbox 2834 2101 2997 2172; x_wconf 88' lang='lat' dir='ltr'><strong>ante</strong></span> <span class='ocrx_word' id='word_1_84' title='bbox 3024 2095 3089 2187; x_wconf 73' lang='grc'><strong>2)</strong></span> <span class='ocrx_word' id='word_1_85' title='bbox 3126 2098 3477 2173; x_wconf 83' lang='lat' dir='ltr'><strong>Luczkain</strong></span> 
     </span>
     <span class='ocr_line' id='line_1_11' title="bbox 389 2216 3473 2310; baseline 0 -19"><span class='ocrx_word' id='word_1_86' title='bbox 389 2220 582 2292; x_wconf 81' lang='lat' dir='ltr'><strong>fuere</strong></span> <span class='ocrx_word' id='word_1_87' title='bbox 633 2220 980 2305; x_wconf 87' lang='lat' dir='ltr'><strong>firmatae,</strong></span> <span class='ocrx_word' id='word_1_88' title='bbox 1036 2216 1232 2290; x_wconf 90' lang='lat' dir='ltr'><strong>illico</strong></span> <span class='ocrx_word' id='word_1_89' title='bbox 1270 2216 1708 2291; x_wconf 79' lang='lat' dir='ltr'><strong>wladislaus</strong></span> <span class='ocrx_word' id='word_1_90' title='bbox 1763 2218 1918 2293; x_wconf 85' lang='lat' dir='ltr'><strong>Rex</strong></span> <span class='ocrx_word' id='word_1_91' title='bbox 1972 2218 2058 2291; x_wconf 92' lang='lat' dir='ltr'><strong>de</strong></span> <span class='ocrx_word' id='word_1_92' title='bbox 2095 2216 2491 2291; x_wconf 88' lang='lat' dir='ltr'><strong>vastatione</strong></span> <span class='ocrx_word' id='word_1_93' title='bbox 2544 2217 2774 2310; x_wconf 84' lang='lat' dir='ltr'><strong>Regni</strong></span> <span class='ocrx_word' id='word_1_94' title='bbox 2826 2217 2939 2291; x_wconf 90' lang='lat' dir='ltr'><strong>sui</strong></span> <span class='ocrx_word' id='word_1_95' title='bbox 2992 2238 3117 2310; x_wconf 92' lang='lat' dir='ltr'><strong>per</strong></span> <span class='ocrx_word' id='word_1_96' title='bbox 3170 2218 3473 2292; x_wconf 80' lang='lat' dir='ltr'><strong>crucife-</strong></span> 
     </span>
     <span class='ocr_line' id='line_1_12' title="bbox 381 2335 3479 2431; baseline -0.001 -20"><span class='ocrx_word' id='word_1_97' title='bbox 381 2360 496 2411; x_wconf 90' lang='lat' dir='ltr'><strong>ros</strong></span> <span class='ocrx_word' id='word_1_98' title='bbox 559 2337 634 2413; x_wconf 90' lang='grc'><strong>111</strong></span> <span class='ocrx_word' id='word_1_99' title='bbox 705 2337 866 2409; x_wconf 90' lang='lat' dir='ltr'><strong>dolo</strong></span> <span class='ocrx_word' id='word_1_100' title='bbox 945 2338 1130 2411; x_wconf 86' lang='lat' dir='ltr'><strong>facta</strong></span> <span class='ocrx_word' id='word_1_101' title='bbox 1209 2336 1566 2425; x_wconf 85' lang='lat' dir='ltr'><strong>solicitus,</strong></span> <span class='ocrx_word' id='word_1_102' title='bbox 1641 2336 2014 2412; x_wconf 88' lang='lat' dir='ltr'><strong>Nicolaum</strong></span> <span class='ocrx_word' id='word_1_103' title='bbox 2087 2336 2522 2411; x_wconf 78' lang='lat' dir='ltr'><strong>Zakrzewski</strong></span> <span class='ocrx_word' id='word_1_104' title='bbox 2552 2335 2615 2426; x_wconf 73' lang='grc'><strong>3)</strong></span> <span class='ocrx_word' id='word_1_105' title='bbox 2637 2392 2656 2426; x_wconf 93' lang='grc'><strong>,</strong></span> <span class='ocrx_word' id='word_1_106' title='bbox 2732 2340 2805 2411; x_wconf 89' lang='grc'><strong>01</strong></span> <span class='ocrx_word' id='word_1_107' title='bbox 2882 2336 3045 2409; x_wconf 86' lang='lat' dir='ltr'><strong>Dux</strong></span> <span class='ocrx_word' id='word_1_108' title='bbox 3118 2336 3479 2431; x_wconf 81' lang='lat' dir='ltr'><strong>Switrigal</strong></span> 
     </span>
     <span class='ocr_line' id='line_1_13' title="bbox 383 2455 3475 2550; baseline -0.001 -18"><span class='ocrx_word' id='word_1_109' title='bbox 383 2457 710 2532; x_wconf 79' lang='lat' dir='ltr'><strong>czatham</strong></span> <span class='ocrx_word' id='word_1_110' title='bbox 739 2455 804 2545; x_wconf 79' lang='grc'><strong>4)</strong></span> <span class='ocrx_word' id='word_1_111' title='bbox 857 2457 1262 2529; x_wconf 88' lang='lat' dir='ltr'><strong>Ruthenum</strong></span> <span class='ocrx_word' id='word_1_112' title='bbox 1280 2513 1297 2545; x_wconf 92' lang='lat'><strong>,</strong></span> <span class='ocrx_word' id='word_1_113' title='bbox 1362 2457 1450 2529; x_wconf 88' lang='lat' dir='ltr'><strong>ad</strong></span> <span class='ocrx_word' id='word_1_114' title='bbox 1511 2457 1899 2531; x_wconf 86' lang='lat' dir='ltr'><strong>exercitum</strong></span> <span class='ocrx_word' id='word_1_115' title='bbox 1951 2456 2462 2532; x_wconf 75' lang='lat' dir='ltr'><strong>cruciferorum</strong></span> <span class='ocrx_word' id='word_1_116' title='bbox 2509 2457 3033 2530; x_wconf 86' lang='lat' dir='ltr'><strong>transmittunt:</strong></span> <span class='ocrx_word' id='word_1_117' title='bbox 3092 2457 3215 2550; x_wconf 90' lang='lat' dir='ltr'><strong>qui</strong></span> <span class='ocrx_word' id='word_1_118' title='bbox 3266 2457 3475 2531; x_wconf 91' lang='lat' dir='ltr'><strong>illum</strong></span> 
     </span>
     <span class='ocr_line' id='line_1_14' title="bbox 379 2576 3471 2669; baseline -0 -19"><span class='ocrx_word' id='word_1_119' title='bbox 379 2578 517 2651; x_wconf 87' lang='lat' dir='ltr'><strong>iam</strong></span> <span class='ocrx_word' id='word_1_120' title='bbox 588 2576 1038 2649; x_wconf 84' lang='lat' dir='ltr'><strong>festinantem</strong></span> <span class='ocrx_word' id='word_1_121' title='bbox 1109 2577 1196 2648; x_wconf 92' lang='lat' dir='ltr'><strong>ad</strong></span> <span class='ocrx_word' id='word_1_122' title='bbox 1257 2577 1539 2669; x_wconf 88' lang='lat' dir='ltr'><strong>propria</strong></span> <span class='ocrx_word' id='word_1_123' title='bbox 1608 2596 1822 2669; x_wconf 88' lang='lat' dir='ltr'><strong>prope</strong></span> <span class='ocrx_word' id='word_1_124' title='bbox 1885 2577 2293 2651; x_wconf 85' lang='lat' dir='ltr'><strong>Raczanseh</strong></span> <span class='ocrx_word' id='word_1_125' title='bbox 2322 2576 2385 2667; x_wconf 82' lang='lat'><strong>⁵)</strong></span> <span class='ocrx_word' id='word_1_126' title='bbox 2446 2576 2909 2669; x_wconf 89' lang='lat' dir='ltr'><strong>reperientes,</strong></span> <span class='ocrx_word' id='word_1_127' title='bbox 2984 2578 3327 2651; x_wconf 85' lang='lat' dir='ltr'><strong>Marsaloo</strong></span> <span class='ocrx_word' id='word_1_128' title='bbox 3398 2581 3471 2651; x_wconf 88' lang='lat' dir='ltr'><strong>et</strong></span> 
     </span>
     <span class='ocr_line' id='line_1_15' title="bbox 382 2694 3475 2789; baseline -0.001 -19"><span class='ocrx_word' id='word_1_129' title='bbox 382 2695 1068 2770; x_wconf 84' lang='lat' dir='ltr'><strong>Commendatoribus</strong></span> <span class='ocrx_word' id='word_1_130' title='bbox 1123 2694 1501 2789; x_wconf 84' lang='lat' dir='ltr'><strong>(Magister</strong></span> <span class='ocrx_word' id='word_1_131' title='bbox 1555 2696 1740 2769; x_wconf 89' lang='grc'><strong>0111111</strong></span> <span class='ocrx_word' id='word_1_132' title='bbox 1791 2696 2138 2789; x_wconf 84' lang='lat' dir='ltr'><strong>generalis</strong></span> <span class='ocrx_word' id='word_1_133' title='bbox 2200 2696 2276 2767; x_wconf 91' lang='lat' dir='ltr'><strong>in</strong></span> <span class='ocrx_word' id='word_1_134' title='bbox 2329 2696 2529 2768; x_wconf 91' lang='lat' dir='ltr'><strong>domo</strong></span> <span class='ocrx_word' id='word_1_135' title='bbox 2588 2696 2881 2769; x_wconf 85' lang='lat' dir='ltr'><strong>relictus</strong></span> <span class='ocrx_word' id='word_1_136' title='bbox 2936 2697 3133 2786; x_wconf 86' lang='lat' dir='ltr'><strong>erat)</strong></span> <span class='ocrx_word' id='word_1_137' title='bbox 3204 2696 3475 2771; x_wconf 87' lang='lat' dir='ltr'><strong>faciunt</strong></span> 
     </span>
     <span class='ocr_line' id='line_1_16' title="bbox 382 2816 3468 2907; baseline 0 -19"><span class='ocrx_word' id='word_1_138' title='bbox 382 2817 594 2890; x_wconf 87' lang='lat' dir='ltr'><strong>verba</strong></span> <span class='ocrx_word' id='word_1_139' title='bbox 645 2821 716 2889; x_wconf 92' lang='lat' dir='ltr'><strong>et</strong></span> <span class='ocrx_word' id='word_1_140' title='bbox 766 2835 1005 2907; x_wconf 87' lang='lat' dir='ltr'><strong>pacem</strong></span> <span class='ocrx_word' id='word_1_141' title='bbox 1059 2817 1403 2889; x_wconf 88' lang='lat' dir='ltr'><strong>firmatam</strong></span> <span class='ocrx_word' id='word_1_142' title='bbox 1441 2816 1890 2902; x_wconf 87' lang='lat' dir='ltr'><strong>denuntiant,</strong></span> <span class='ocrx_word' id='word_1_143' title='bbox 1946 2816 2417 2907; x_wconf 88' lang='lat' dir='ltr'><strong>requirentes,</strong></span> <span class='ocrx_word' id='word_1_144' title='bbox 2471 2836 2561 2889; x_wconf 89' lang='lat' dir='ltr'><strong>ne</strong></span> <span class='ocrx_word' id='word_1_145' title='bbox 2595 2816 2919 2907; x_wconf 86' lang='lat' dir='ltr'><strong>Regnum</strong></span> <span class='ocrx_word' id='word_1_146' title='bbox 2953 2816 3287 2889; x_wconf 90' lang='lat' dir='ltr'><strong>Poloniae</strong></span> <span class='ocrx_word' id='word_1_147' title='bbox 3324 2836 3468 2889; x_wconf 89' lang='lat' dir='ltr'><strong>am-</strong></span> 
     </span>
     <span class='ocr_line' id='line_1_17' title="bbox 381 2934 3470 3029; baseline 0 -20"><span class='ocrx_word' id='word_1_148' title='bbox 381 2937 573 3029; x_wconf 87' lang='lat' dir='ltr'><strong>plius</strong></span> <span class='ocrx_word' id='word_1_149' title='bbox 627 2936 1017 3009; x_wconf 78' lang='lat' dir='ltr'><strong>devastent.</strong></span> <span class='ocrx_word' id='word_1_150' title='bbox 1095 2934 1264 3007; x_wconf 86' lang='lat' dir='ltr'><strong>Sera</strong></span> <span class='ocrx_word' id='word_1_151' title='bbox 1325 2939 1557 3009; x_wconf 86' lang='lat' dir='ltr'><strong>tamen</strong></span> <span class='ocrx_word' id='word_1_152' title='bbox 1623 2935 1762 3007; x_wconf 84' lang='lat' dir='ltr'><strong>fuit</strong></span> <span class='ocrx_word' id='word_1_153' title='bbox 1823 2934 2229 3010; x_wconf 86' lang='lat' dir='ltr'><strong>huiusmodi</strong></span> <span class='ocrx_word' id='word_1_154' title='bbox 2292 2934 2659 3028; x_wconf 86' lang='lat' dir='ltr'><strong>requisitio</strong></span> <span class='ocrx_word' id='word_1_155' title='bbox 2690 2936 2789 3025; x_wconf 80' lang='lat'><strong>⁶):</strong></span> <span class='ocrx_word' id='word_1_156' title='bbox 2863 2935 3029 3009; x_wconf 89' lang='lat' dir='ltr'><strong>dum</strong></span> <span class='ocrx_word' id='word_1_157' title='bbox 3091 2935 3231 3009; x_wconf 87' lang='lat' dir='ltr'><strong>iam</strong></span> <span class='ocrx_word' id='word_1_158' title='bbox 3284 2936 3470 3011; x_wconf 87' lang='lat' dir='ltr'><strong>nihil</strong></span> 
     </span>
     <span class='ocr_line' id='line_1_18' title="bbox 382 3054 3469 3148; baseline 0.001 -19"><span class='ocrx_word' id='word_1_159' title='bbox 382 3057 458 3129; x_wconf 90' lang='grc'><strong>111</strong></span> <span class='ocrx_word' id='word_1_160' title='bbox 511 3055 719 3130; x_wconf 89' lang='lat' dir='ltr'><strong>terris</strong></span> <span class='ocrx_word' id='word_1_161' title='bbox 773 3054 1195 3145; x_wconf 77' lang='lat' dir='ltr'><strong>cuyaviensi</strong></span> <span class='ocrx_word' id='word_1_162' title='bbox 1248 3058 1318 3129; x_wconf 90' lang='lat' dir='ltr'><strong>et</strong></span> <span class='ocrx_word' id='word_1_163' title='bbox 1372 3054 1830 3129; x_wconf 81' lang='lat' dir='ltr'><strong>Dobrzinensi</strong></span> <span class='ocrx_word' id='word_1_164' title='bbox 1883 3055 2210 3129; x_wconf 87' lang='lat' dir='ltr'><strong>relietum</strong></span> <span class='ocrx_word' id='word_1_165' title='bbox 2264 3059 2481 3144; x_wconf 90' lang='lat' dir='ltr'><strong>esset,</strong></span> <span class='ocrx_word' id='word_1_166' title='bbox 2538 3054 2613 3128; x_wconf 93' lang='grc'><strong>111</strong></span> <span class='ocrx_word' id='word_1_167' title='bbox 2668 3055 2855 3148; x_wconf 84' lang='lat' dir='ltr'><strong>quod</strong></span> <span class='ocrx_word' id='word_1_168' title='bbox 2906 3054 3095 3148; x_wconf 88' lang='lat' dir='ltr'><strong>ignis</strong></span> <span class='ocrx_word' id='word_1_169' title='bbox 3148 3060 3219 3127; x_wconf 90' lang='grc'><strong>01</strong></span> <span class='ocrx_word' id='word_1_170' title='bbox 3270 3076 3469 3147; x_wconf 87' lang='lat' dir='ltr'><strong>prae-</strong></span> 
     </span>
     <span class='ocr_line' id='line_1_19' title="bbox 383 3174 3471 3269; baseline 0 -20"><span class='ocrx_word' id='word_1_171' title='bbox 383 3178 640 3249; x_wconf 88' lang='lat' dir='ltr'><strong>donum</strong></span> <span class='ocrx_word' id='word_1_172' title='bbox 691 3174 922 3247; x_wconf 84' lang='lat' dir='ltr'><strong>rabies</strong></span> <span class='ocrx_word' id='word_1_173' title='bbox 977 3195 1116 3247; x_wconf 90' lang='lat' dir='ltr'><strong>non</strong></span> <span class='ocrx_word' id='word_1_174' title='bbox 1169 3174 1561 3249; x_wconf 89' lang='lat' dir='ltr'><strong>saeviisset.</strong></span> <span class='ocrx_word' id='word_1_175' title='bbox 1617 3174 1896 3269; x_wconf 85' lang='lat' dir='ltr'><strong>Viginti</strong></span> <span class='ocrx_word' id='word_1_176' title='bbox 1950 3178 2250 3267; x_wconf 87' lang='lat' dir='ltr'><strong>quatuor</strong></span> <span class='ocrx_word' id='word_1_177' title='bbox 2302 3175 2579 3268; x_wconf 87' lang='lat' dir='ltr'><strong>oppida,</strong></span> <span class='ocrx_word' id='word_1_178' title='bbox 2636 3175 2853 3249; x_wconf 89' lang='lat' dir='ltr'><strong>villae</strong></span> <span class='ocrx_word' id='word_1_179' title='bbox 2904 3174 3209 3266; x_wconf 89' lang='lat' dir='ltr'><strong>amplius</strong></span> <span class='ocrx_word' id='word_1_180' title='bbox 3263 3196 3471 3267; x_wconf 87' lang='lat' dir='ltr'><strong>quam</strong></span> 
     </span>
     <span class='ocr_line' id='line_1_20' title="bbox 381 3294 3472 3387; baseline 0.001 -18"><span class='ocrx_word' id='word_1_181' title='bbox 381 3296 612 3383; x_wconf 91' lang='lat' dir='ltr'><strong>mille,</strong></span> <span class='ocrx_word' id='word_1_182' title='bbox 667 3295 830 3387; x_wconf 85' lang='lat' dir='ltr'><strong>igne</strong></span> <span class='ocrx_word' id='word_1_183' title='bbox 884 3294 1296 3385; x_wconf 81' lang='lat' dir='ltr'><strong>absumptae</strong></span> <span class='ocrx_word' id='word_1_184' title='bbox 1325 3294 1412 3384; x_wconf 76' lang='lat'><strong>⁷);</strong></span> <span class='ocrx_word' id='word_1_185' title='bbox 1471 3294 1678 3367; x_wconf 90' lang='lat' dir='ltr'><strong>terris</strong></span> <span class='ocrx_word' id='word_1_186' title='bbox 1731 3298 1968 3367; x_wconf 89' lang='lat' dir='ltr'><strong>tamen</strong></span> <span class='ocrx_word' id='word_1_187' title='bbox 2021 3294 2376 3369; x_wconf 84' lang='lat' dir='ltr'><strong>Masoviae</strong></span> <span class='ocrx_word' id='word_1_188' title='bbox 2428 3295 2689 3386; x_wconf 90' lang='lat' dir='ltr'><strong>ubique</strong></span> <span class='ocrx_word' id='word_1_189' title='bbox 2739 3315 3048 3387; x_wconf 84' lang='lat' dir='ltr'><strong>parsum.</strong></span> <span class='ocrx_word' id='word_1_190' title='bbox 3117 3294 3307 3386; x_wconf 76' lang='lat' dir='ltr'><strong>Quae</strong></span> <span class='ocrx_word' id='word_1_191' title='bbox 3359 3316 3472 3371; x_wconf 86' lang='lat' dir='ltr'><strong>res</strong></span> 
     </span>
     <span class='ocr_line' id='line_1_21' title="bbox 382 3412 3467 3507; baseline -0.001 -17"><span class='ocrx_word' id='word_1_192' title='bbox 382 3415 710 3490; x_wconf 88' lang='lat' dir='ltr'><strong>maiorem</strong></span> <span class='ocrx_word' id='word_1_193' title='bbox 765 3412 1236 3504; x_wconf 76' lang='lat' dir='ltr'><strong>suspicionem</strong></span> <span class='ocrx_word' id='word_1_194' title='bbox 1299 3414 1374 3486; x_wconf 92' lang='lat' dir='ltr'><strong>in</strong></span> <span class='ocrx_word' id='word_1_195' title='bbox 1430 3415 1724 3507; x_wconf 89' lang='lat' dir='ltr'><strong>Regem,</strong></span> <span class='ocrx_word' id='word_1_196' title='bbox 1791 3413 1976 3505; x_wconf 83' lang='lat' dir='ltr'><strong>quod</strong></span> <span class='ocrx_word' id='word_1_197' title='bbox 2028 3413 2450 3487; x_wconf 82' lang='lat' dir='ltr'><strong>vastationis</strong></span> <span class='ocrx_word' id='word_1_198' title='bbox 2504 3414 2860 3506; x_wconf 86' lang='lat' dir='ltr'><strong>praefatae</strong></span> <span class='ocrx_word' id='word_1_199' title='bbox 2924 3415 3178 3487; x_wconf 87' lang='lat' dir='ltr'><strong>author</strong></span> <span class='ocrx_word' id='word_1_200' title='bbox 3232 3415 3467 3502; x_wconf 84' lang='lat' dir='ltr'><strong>fuerit,</strong></span> 
     </span>
     <span class='ocr_line' id='line_1_22' title="bbox 379 3531 3467 3627; baseline -0.001 -19"><span class='ocrx_word' id='word_1_201' title='bbox 379 3536 565 3627; x_wconf 89' lang='lat' dir='ltr'><strong>apud</strong></span> <span class='ocrx_word' id='word_1_202' title='bbox 619 3531 1058 3617; x_wconf 80' lang='lat' dir='ltr'><strong>consiliarios</strong></span> <span class='ocrx_word' id='word_1_203' title='bbox 1075 3588 1091 3621; x_wconf 96' lang='lat'><strong>,</strong></span> <span class='ocrx_word' id='word_1_204' title='bbox 1151 3534 1636 3608; x_wconf 87' lang='lat' dir='ltr'><strong>vehementius</strong></span> <span class='ocrx_word' id='word_1_205' title='bbox 1690 3538 1924 3607; x_wconf 88' lang='lat' dir='ltr'><strong>tamen</strong></span> <span class='ocrx_word' id='word_1_206' title='bbox 1976 3535 2162 3625; x_wconf 87' lang='lat' dir='ltr'><strong>apud</strong></span> <span class='ocrx_word' id='word_1_207' title='bbox 2201 3533 2583 3627; x_wconf 88' lang='lat' dir='ltr'><strong>Sbigneum</strong></span> <span class='ocrx_word' id='word_1_208' title='bbox 2636 3532 3163 3607; x_wconf 77' lang='lat' dir='ltr'><strong>cracoviensem</strong></span> <span class='ocrx_word' id='word_1_209' title='bbox 3202 3533 3467 3624; x_wconf 89' lang='lat' dir='ltr'><strong>episco-</strong></span> 
     </span>
     <span class='ocr_line' id='line_1_23' title="bbox 381 3638 3468 3748; baseline -0.002 -19"><span class='ocrx_word' id='word_1_210' title='bbox 381 3677 580 3748; x_wconf 89' lang='lat' dir='ltr'><strong>pum,</strong></span> <span class='ocrx_word' id='word_1_211' title='bbox 654 3654 727 3726; x_wconf 92' lang='grc'><strong>111</strong></span> <span class='ocrx_word' id='word_1_212' title='bbox 791 3652 1191 3728; x_wconf 88' lang='lat' dir='ltr'><strong>coniectura</strong></span> <span class='ocrx_word' id='word_1_213' title='bbox 1254 3653 1818 3745; x_wconf 88' lang='lat' dir='ltr'><strong>sagacissimum,</strong></span> <span class='ocrx_word' id='word_1_214' title='bbox 1893 3660 2212 3727; x_wconf 83' lang='lat' dir='ltr'><strong>auxerat.</strong></span> <span class='ocrx_word' id='word_1_215' title='bbox 2293 3652 2444 3727; x_wconf 85' lang='lat' dir='ltr'><strong>Nee</strong></span> <span class='ocrx_word' id='word_1_216' title='bbox 2517 3654 2747 3725; x_wconf 87' lang='lat' dir='ltr'><strong>Duces</strong></span> <span class='ocrx_word' id='word_1_217' title='bbox 2810 3651 3162 3725; x_wconf 85' lang='lat' dir='ltr'><strong>Masoviae</strong></span> <span class='ocrx_word' id='word_1_218' title='bbox 3232 3638 3468 3743; x_wconf 85' lang='lat' dir='ltr'><strong>notam</strong></span> 
     </span>
     <span class='ocr_line' id='line_1_24' title="bbox 381 3770 3467 3865; baseline -0.002 -17"><span class='ocrx_word' id='word_1_219' title='bbox 381 3775 692 3849; x_wconf 88' lang='lat' dir='ltr'><strong>eiusdem</strong></span> <span class='ocrx_word' id='word_1_220' title='bbox 766 3772 1188 3864; x_wconf 87' lang='lat' dir='ltr'><strong>suspicionis</strong></span> <span class='ocrx_word' id='word_1_221' title='bbox 1253 3772 1476 3846; x_wconf 88' lang='lat' dir='ltr'><strong>vitare</strong></span> <span class='ocrx_word' id='word_1_222' title='bbox 1537 3776 1892 3865; x_wconf 87' lang='lat' dir='ltr'><strong>poterant,</strong></span> <span class='ocrx_word' id='word_1_223' title='bbox 1968 3772 2229 3865; x_wconf 87' lang='lat' dir='ltr'><strong>quippe</strong></span> <span class='ocrx_word' id='word_1_224' title='bbox 2302 3776 2425 3844; x_wconf 90' lang='lat' dir='ltr'><strong>aut</strong></span> <span class='ocrx_word' id='word_1_225' title='bbox 2488 3771 2707 3864; x_wconf 89' lang='lat' dir='ltr'><strong>Regis</strong></span> <span class='ocrx_word' id='word_1_226' title='bbox 2770 3775 2894 3844; x_wconf 87' lang='lat' dir='ltr'><strong>aut</strong></span> <span class='ocrx_word' id='word_1_227' title='bbox 2963 3770 3467 3844; x_wconf 77' lang='lat' dir='ltr'><strong>cruciferorum</strong></span> 
     </span>
     <span class='ocr_line' id='line_1_25' title="bbox 377 3891 3465 3985; baseline -0.001 -20"><span class='ocrx_word' id='word_1_228' title='bbox 377 3894 847 3981; x_wconf 90' lang='lat' dir='ltr'><strong>avisamento,</strong></span> <span class='ocrx_word' id='word_1_229' title='bbox 914 3914 1000 3965; x_wconf 91' lang='lat' dir='ltr'><strong>ne</strong></span> <span class='ocrx_word' id='word_1_230' title='bbox 1053 3892 1313 3967; x_wconf 89' lang='lat' dir='ltr'><strong>hostile</strong></span> <span class='ocrx_word' id='word_1_231' title='bbox 1377 3892 1546 3985; x_wconf 90' lang='lat' dir='ltr'><strong>quid</strong></span> <span class='ocrx_word' id='word_1_232' title='bbox 1609 3895 2038 3984; x_wconf 87' lang='lat' dir='ltr'><strong>paterentur,</strong></span> <span class='ocrx_word' id='word_1_233' title='bbox 2105 3891 2245 3965; x_wconf 91' lang='lat' dir='ltr'><strong>sibi</strong></span> <span class='ocrx_word' id='word_1_234' title='bbox 2296 3912 2420 3982; x_wconf 90' lang='lat' dir='ltr'><strong>per</strong></span> <span class='ocrx_word' id='word_1_235' title='bbox 2472 3913 2689 3964; x_wconf 88' lang='lat' dir='ltr'><strong>novas</strong></span> <span class='ocrx_word' id='word_1_236' title='bbox 2744 3894 3029 3983; x_wconf 87' lang='lat' dir='ltr'><strong>treugas</strong></span> <span class='ocrx_word' id='word_1_237' title='bbox 3090 3908 3465 3982; x_wconf 84' lang='lat' dir='ltr'><strong>prospexe-</strong></span> 
     </span>
     <span class='ocr_line' id='line_1_26' title="bbox 379 4008 3467 4103; baseline -0.001 -18"><span class='ocrx_word' id='word_1_238' title='bbox 379 4016 575 4098; x_wconf 88' lang='lat' dir='ltr'><strong>rant,</strong></span> <span class='ocrx_word' id='word_1_239' title='bbox 632 4034 770 4085; x_wconf 86' lang='lat' dir='ltr'><strong>uno</strong></span> <span class='ocrx_word' id='word_1_240' title='bbox 825 4013 957 4084; x_wconf 92' lang='grc'><strong>1100</strong></span> <span class='ocrx_word' id='word_1_241' title='bbox 1010 4017 1210 4084; x_wconf 87' lang='lat' dir='ltr'><strong>reatu</strong></span> <span class='ocrx_word' id='word_1_242' title='bbox 1265 4012 1584 4101; x_wconf 87' lang='lat' dir='ltr'><strong>obnoxii,</strong></span> <span class='ocrx_word' id='word_1_243' title='bbox 1651 4011 1837 4103; x_wconf 88' lang='lat' dir='ltr'><strong>quod</strong></span> <span class='ocrx_word' id='word_1_244' title='bbox 1892 4013 2155 4084; x_wconf 88' lang='lat' dir='ltr'><strong>malum</strong></span> <span class='ocrx_word' id='word_1_245' title='bbox 2210 4010 2583 4084; x_wconf 88' lang='lat' dir='ltr'><strong>imminens</strong></span> <span class='ocrx_word' id='word_1_246' title='bbox 2644 4009 3022 4083; x_wconf 87' lang='lat' dir='ltr'><strong>baronibus</strong></span> <span class='ocrx_word' id='word_1_247' title='bbox 3076 4008 3309 4101; x_wconf 90' lang='lat' dir='ltr'><strong>Regni</strong></span> <span class='ocrx_word' id='word_1_248' title='bbox 3360 4030 3467 4083; x_wconf 88' lang='lat' dir='ltr'><strong>oe·</strong></span> 
     </span>
     <span class='ocr_line' id='line_1_27' title="bbox 375 4129 3469 4222; baseline -0 -18"><span class='ocrx_word' id='word_1_249' title='bbox 375 4133 700 4204; x_wconf 88' lang='lat' dir='ltr'><strong>laverant</strong></span> <span class='ocrx_word' id='word_1_250' title='bbox 732 4130 820 4220; x_wconf 78' lang='lat'><strong>⁸).</strong></span> <span class='ocrx_word' id='word_1_251' title='bbox 894 4130 1100 4202; x_wconf 88' lang='lat' dir='ltr'><strong>Nihil</strong></span> <span class='ocrx_word' id='word_1_252' title='bbox 1151 4131 1466 4222; x_wconf 87' lang='lat' dir='ltr'><strong>potentia</strong></span> <span class='ocrx_word' id='word_1_253' title='bbox 1529 4135 1599 4204; x_wconf 91' lang='lat' dir='ltr'><strong>et</strong></span> <span class='ocrx_word' id='word_1_254' title='bbox 1663 4130 2120 4205; x_wconf 87' lang='lat' dir='ltr'><strong>multitudine</strong></span> <span class='ocrx_word' id='word_1_255' title='bbox 2172 4129 2483 4203; x_wconf 86' lang='lat' dir='ltr'><strong>hostium</strong></span> <span class='ocrx_word' id='word_1_256' title='bbox 2537 4130 3075 4222; x_wconf 79' lang='lat' dir='ltr'><strong>Iarognyewsky</strong></span> <span class='ocrx_word' id='word_1_257' title='bbox 3128 4129 3214 4202; x_wconf 93' lang='lat' dir='ltr'><strong>de</strong></span> <span class='ocrx_word' id='word_1_258' title='bbox 3266 4129 3469 4203; x_wconf 92' lang='lat' dir='ltr'><strong>domo</strong></span> 
     </span>
     <span class='ocr_line' id='line_1_28' title="bbox 376 4248 3465 4343; baseline -0.002 -18"><span class='ocrx_word' id='word_1_259' title='bbox 376 4251 623 4343; x_wconf 81' lang='lat' dir='ltr'><strong>Orlya,</strong></span> <span class='ocrx_word' id='word_1_260' title='bbox 683 4250 1087 4323; x_wconf 86' lang='lat' dir='ltr'><strong>Bartossius</strong></span> <span class='ocrx_word' id='word_1_261' title='bbox 1124 4250 1611 4343; x_wconf 87' lang='lat' dir='ltr'><strong>Wissemburg</strong></span> <span class='ocrx_word' id='word_1_262' title='bbox 1645 4252 1730 4324; x_wconf 89' lang='lat' dir='ltr'><strong>de</strong></span> <span class='ocrx_word' id='word_1_263' title='bbox 1765 4252 1966 4325; x_wconf 89' lang='lat' dir='ltr'><strong>domo</strong></span> <span class='ocrx_word' id='word_1_264' title='bbox 2003 4250 2315 4323; x_wconf 83' lang='lat' dir='ltr'><strong>Nalancz</strong></span> <span class='ocrx_word' id='word_1_265' title='bbox 2354 4254 2425 4322; x_wconf 89' lang='lat' dir='ltr'><strong>et</strong></span> <span class='ocrx_word' id='word_1_266' title='bbox 2460 4248 2965 4340; x_wconf 88' lang='lat' dir='ltr'><strong>Dobrogostius</strong></span> <span class='ocrx_word' id='word_1_267' title='bbox 3002 4248 3355 4340; x_wconf 80' lang='lat' dir='ltr'><strong>Kolinsky</strong></span> <span class='ocrx_word' id='word_1_268' title='bbox 3376 4248 3465 4338; x_wconf 79' lang='lat'><strong>⁹),</strong></span> 
     </span>
     <span class='ocr_line' id='line_1_29' title="bbox 375 4368 3467 4461; baseline -0.001 -18"><span class='ocrx_word' id='word_1_269' title='bbox 375 4370 588 4459; x_wconf 90' lang='lat' dir='ltr'><strong>moti,</strong></span> <span class='ocrx_word' id='word_1_270' title='bbox 647 4392 734 4443; x_wconf 85' lang='lat' dir='ltr'><strong>ex</strong></span> <span class='ocrx_word' id='word_1_271' title='bbox 789 4369 1188 4460; x_wconf 86' lang='lat' dir='ltr'><strong>agrestibus</strong></span> <span class='ocrx_word' id='word_1_272' title='bbox 1243 4371 1756 4459; x_wconf 86' lang='lat' dir='ltr'><strong>tantummodo,</strong></span> <span class='ocrx_word' id='word_1_273' title='bbox 1811 4370 1949 4443; x_wconf 88' lang='lat' dir='ltr'><strong>etsi</strong></span> <span class='ocrx_word' id='word_1_274' title='bbox 2001 4392 2126 4461; x_wconf 90' lang='lat' dir='ltr'><strong>pro</strong></span> <span class='ocrx_word' id='word_1_275' title='bbox 2182 4389 2467 4443; x_wconf 87' lang='lat' dir='ltr'><strong>numero</strong></span> <span class='ocrx_word' id='word_1_276' title='bbox 2521 4368 2831 4459; x_wconf 90' lang='lat' dir='ltr'><strong>amplum</strong></span> <span class='ocrx_word' id='word_1_277' title='bbox 2886 4370 2958 4441; x_wconf 91' lang='grc'><strong>01</strong></span> <span class='ocrx_word' id='word_1_278' title='bbox 3012 4368 3467 4460; x_wconf 87' lang='lat' dir='ltr'><strong>frequentem,</strong></span> 
     </span>
     <span class='ocr_line' id='line_1_30' title="bbox 373 4487 3468 4582; baseline -0.002 -19"><span class='ocrx_word' id='word_1_279' title='bbox 373 4490 624 4563; x_wconf 88' lang='lat' dir='ltr'><strong>robore</strong></span> <span class='ocrx_word' id='word_1_280' title='bbox 677 4496 912 4562; x_wconf 90' lang='lat' dir='ltr'><strong>tamen</strong></span> <span class='ocrx_word' id='word_1_281' title='bbox 975 4494 1046 4561; x_wconf 89' lang='grc'><strong>01</strong></span> <span class='ocrx_word' id='word_1_282' title='bbox 1106 4488 1607 4563; x_wconf 86' lang='lat' dir='ltr'><strong>exercitatione</strong></span> <span class='ocrx_word' id='word_1_283' title='bbox 1661 4489 2103 4582; x_wconf 88' lang='lat' dir='ltr'><strong>languidum,</strong></span> <span class='ocrx_word' id='word_1_284' title='bbox 2180 4489 2550 4576; x_wconf 89' lang='lat' dir='ltr'><strong>inermem,</strong></span> <span class='ocrx_word' id='word_1_285' title='bbox 2616 4487 3140 4579; x_wconf 89' lang='lat' dir='ltr'><strong>imbellemque,</strong></span> <span class='ocrx_word' id='word_1_286' title='bbox 3209 4491 3468 4578; x_wconf 87' lang='lat' dir='ltr'><strong>cogunt</strong></span> 
     </span>
     <span class='ocr_line' id='line_1_31' title="bbox 375 4604 3467 4702; baseline -0.002 -19"><span class='ocrx_word' id='word_1_287' title='bbox 375 4614 452 4683; x_wconf 90' lang='lat' dir='ltr'><strong>et</strong></span> <span class='ocrx_word' id='word_1_288' title='bbox 504 4608 852 4701; x_wconf 85' lang='lat' dir='ltr'><strong>colligunt</strong></span> <span class='ocrx_word' id='word_1_289' title='bbox 905 4607 1286 4681; x_wconf 85' lang='lat' dir='ltr'><strong>exercitum</strong></span> <span class='ocrx_word' id='word_1_290' title='bbox 1307 4664 1324 4696; x_wconf 92' lang='lat'><strong>,</strong></span> <span class='ocrx_word' id='word_1_291' title='bbox 1381 4608 1671 4681; x_wconf 88' lang='lat' dir='ltr'><strong>serendo</strong></span> <span class='ocrx_word' id='word_1_292' title='bbox 1725 4630 1890 4702; x_wconf 89' lang='lat' dir='ltr'><strong>agro</strong></span> <span class='ocrx_word' id='word_1_293' title='bbox 1946 4613 2017 4681; x_wconf 93' lang='lat' dir='ltr'><strong>et</strong></span> <span class='ocrx_word' id='word_1_294' title='bbox 2069 4608 2319 4681; x_wconf 88' lang='lat' dir='ltr'><strong>alendo</strong></span> <span class='ocrx_word' id='word_1_295' title='bbox 2374 4606 2607 4699; x_wconf 86' lang='lat' dir='ltr'><strong>pecori</strong></span> <span class='ocrx_word' id='word_1_296' title='bbox 2660 4605 2917 4698; x_wconf 83' lang='lat' dir='ltr'><strong>magis,</strong></span> <span class='ocrx_word' id='word_1_297' title='bbox 2982 4626 3189 4697; x_wconf 88' lang='lat' dir='ltr'><strong>quam</strong></span> <span class='ocrx_word' id='word_1_298' title='bbox 3252 4604 3467 4680; x_wconf 86' lang='lat' dir='ltr'><strong>armis</strong></span> 
     </span>
     <span class='ocr_line' id='line_1_32' title="bbox 372 4723 3463 4820; baseline -0.002 -20"><span class='ocrx_word' id='word_1_299' title='bbox 372 4727 764 4801; x_wconf 84' lang='lat' dir='ltr'><strong>tractandis</strong></span> <span class='ocrx_word' id='word_1_300' title='bbox 827 4725 1198 4817; x_wconf 87' lang='lat' dir='ltr'><strong>aptiorem:</strong></span> <span class='ocrx_word' id='word_1_301' title='bbox 1271 4749 1612 4820; x_wconf 87' lang='lat' dir='ltr'><strong>pugnam,</strong></span> <span class='ocrx_word' id='word_1_302' title='bbox 1681 4728 1846 4801; x_wconf 88' lang='lat' dir='ltr'><strong>data</strong></span> <span class='ocrx_word' id='word_1_303' title='bbox 1902 4725 2427 4819; x_wconf 88' lang='lat' dir='ltr'><strong>opportunitate</strong></span> <span class='ocrx_word' id='word_1_304' title='bbox 2488 4724 2627 4799; x_wconf 89' lang='grc'><strong>1001</strong></span> <span class='ocrx_word' id='word_1_305' title='bbox 2689 4730 2760 4797; x_wconf 89' lang='grc'><strong>01</strong></span> <span class='ocrx_word' id='word_1_306' title='bbox 2821 4723 3189 4817; x_wconf 88' lang='lat' dir='ltr'><strong>temporis,</strong></span> <span class='ocrx_word' id='word_1_307' title='bbox 3257 4744 3463 4816; x_wconf 87' lang='lat' dir='ltr'><strong>quam</strong></span> 
     </span>
     <span class='ocr_line' id='line_1_33' title="bbox 373 4846 1108 4921; baseline 0 -2"><span class='ocrx_word' id='word_1_308' title='bbox 373 4846 646 4921; x_wconf 87' lang='lat' dir='ltr'><strong>fervide</strong></span> <span class='ocrx_word' id='word_1_309' title='bbox 697 4846 1108 4920; x_wconf 87' lang='lat' dir='ltr'><strong>conserturi.</strong></span> 
     </span>
    </p>
   </div>
   <div class='ocr_carea' id='block_1_5' title="bbox 365 5128 3467 5522">
    <p class='ocr_par' dir='ltr' id='par_1_5' title="bbox 365 5128 3467 5522">
     <span class='ocr_line' id='line_1_34' title="bbox 591 5128 3467 5215; baseline -0.002 -18"><span class='ocrx_word' id='word_1_310' title='bbox 591 5133 638 5215; x_wconf 92' lang='lat'><strong>¹)</strong></span> <span class='ocrx_word' id='word_1_311' title='bbox 683 5136 760 5197; x_wconf 87' lang='lat' dir='ltr'><strong>ab</strong></span> <span class='ocrx_word' id='word_1_312' title='bbox 805 5136 1025 5215; x_wconf 79' lang='lat' dir='ltr'><strong>altera,</strong></span> <span class='ocrx_word' id='word_1_313' title='bbox 1067 5136 1338 5213; x_wconf 83' lang='lat' dir='ltr'><strong>partibus</strong></span> <span class='ocrx_word' id='word_1_314' title='bbox 1381 5132 1610 5197; x_wconf 72' lang='lat' dir='ltr'><strong>desunt</strong></span> <span class='ocrx_word' id='word_1_315' title='bbox 1651 5133 1726 5197; x_wconf 74' lang='lat' dir='ltr'><strong>in</strong></span> <span class='ocrx_word' id='word_1_316' title='bbox 1773 5130 1924 5197; x_wconf 77' lang='lat' dir='ltr'><strong>eod.</strong></span> <span class='ocrx_word' id='word_1_317' title='bbox 1974 5128 2150 5197; x_wconf 83' lang='lat' dir='ltr'><strong>Calv.</strong></span> <span class='ocrx_word' id='word_1_318' title='bbox 2222 5132 2271 5213; x_wconf 80' lang='lat'><strong>²)</strong></span> <span class='ocrx_word' id='word_1_319' title='bbox 2315 5133 2477 5209; x_wconf 87' lang='lat' dir='ltr'><strong>apud</strong></span> <span class='ocrx_word' id='word_1_320' title='bbox 2523 5128 2675 5195; x_wconf 75' lang='lat' dir='ltr'><strong>cod.</strong></span> <span class='ocrx_word' id='word_1_321' title='bbox 2720 5130 2913 5195; x_wconf 52' lang='grc' dir='ltr'><em>Βοῦν.</em></span> <span class='ocrx_word' id='word_1_322' title='bbox 2984 5129 3043 5212; x_wconf 77' lang='lat'><strong>³)</strong></span> <span class='ocrx_word' id='word_1_323' title='bbox 3086 5130 3467 5192; x_wconf 76' lang='lat' dir='ltr'><strong>Zakrzowski</strong></span> 
     </span>
     <span class='ocr_line' id='line_1_35' title="bbox 373 5232 3465 5319; baseline -0.003 -16"><span class='ocrx_word' id='word_1_324' title='bbox 373 5235 532 5303; x_wconf 77' lang='lat' dir='ltr'><strong>cod.</strong></span> <span class='ocrx_word' id='word_1_325' title='bbox 575 5234 773 5300; x_wconf 76' lang='lat' dir='ltr'><strong>Rozr.</strong></span> <span class='ocrx_word' id='word_1_326' title='bbox 821 5235 874 5316; x_wconf 79' lang='lat'><strong>⁴)</strong></span> <span class='ocrx_word' id='word_1_327' title='bbox 921 5238 1184 5301; x_wconf 74' lang='lat' dir='ltr'><strong>caathan</strong></span> <span class='ocrx_word' id='word_1_328' title='bbox 1232 5232 1386 5301; x_wconf 78' lang='lat' dir='ltr'><strong>Cod.</strong></span> <span class='ocrx_word' id='word_1_329' title='bbox 1431 5236 1624 5301; x_wconf 79' lang='lat' dir='ltr'><strong>Rozr.</strong></span> <span class='ocrx_word' id='word_1_330' title='bbox 1674 5235 1731 5316; x_wconf 76' lang='lat'><strong>⁶)</strong></span> <span class='ocrx_word' id='word_1_331' title='bbox 1772 5236 2098 5317; x_wconf 68' lang='lat' dir='ltr'><strong>Racziqseh</strong></span> <span class='ocrx_word' id='word_1_332' title='bbox 2141 5233 2271 5299; x_wconf 74' lang='lat' dir='ltr'><strong>Ed.</strong></span> <span class='ocrx_word' id='word_1_333' title='bbox 2304 5234 2485 5319; x_wconf 73' lang='lat' dir='ltr'><strong>Lips.</strong></span> <span class='ocrx_word' id='word_1_334' title='bbox 2547 5234 2605 5315; x_wconf 79' lang='lat'><strong>⁸)</strong></span> <span class='ocrx_word' id='word_1_335' title='bbox 2647 5236 2952 5313; x_wconf 86' lang='lat' dir='ltr'><strong>requisitio</strong></span> <span class='ocrx_word' id='word_1_336' title='bbox 2967 5279 2985 5314; x_wconf 90' lang='lat'><strong>,</strong></span> <span class='ocrx_word' id='word_1_337' title='bbox 3030 5252 3185 5311; x_wconf 84' lang='lat' dir='ltr'><strong>quae</strong></span> <span class='ocrx_word' id='word_1_338' title='bbox 3226 5234 3303 5295; x_wconf 86' lang='lat' dir='ltr'><strong>de</strong></span> <span class='ocrx_word' id='word_1_339' title='bbox 3346 5252 3465 5296; x_wconf 88' lang='grc'><strong>11011</strong></span> 
     </span>
     <span class='ocr_line' id='line_1_36' title="bbox 365 5332 3465 5419; baseline -0.002 -16"><span class='ocrx_word' id='word_1_340' title='bbox 365 5342 667 5403; x_wconf 82' lang='lat' dir='ltr'><strong>vastando</strong></span> <span class='ocrx_word' id='word_1_341' title='bbox 709 5342 918 5418; x_wconf 78' lang='lat' dir='ltr'><strong>Regno</strong></span> <span class='ocrx_word' id='word_1_342' title='bbox 961 5341 1120 5403; x_wconf 84' lang='lat' dir='ltr'><strong>facta</strong></span> <span class='ocrx_word' id='word_1_343' title='bbox 1161 5341 1354 5403; x_wconf 79' lang='lat' dir='ltr'><strong>fuerat</strong></span> <span class='ocrx_word' id='word_1_344' title='bbox 1399 5336 1552 5403; x_wconf 72' lang='lat'><strong>0001.</strong></span> <span class='ocrx_word' id='word_1_345' title='bbox 1594 5338 1788 5402; x_wconf 80' lang='lat' dir='ltr'><strong>Rozr.</strong></span> <span class='ocrx_word' id='word_1_346' title='bbox 1853 5336 1904 5419; x_wconf 87' lang='lat'><strong>⁷)</strong></span> <span class='ocrx_word' id='word_1_347' title='bbox 1951 5340 2300 5417; x_wconf 80' lang='lat' dir='ltr'><strong>absumptae</strong></span> <span class='ocrx_word' id='word_1_348' title='bbox 2342 5344 2483 5399; x_wconf 88' lang='lat' dir='ltr'><strong>sunt</strong></span> <span class='ocrx_word' id='word_1_349' title='bbox 2528 5332 2679 5401; x_wconf 76' lang='lat' dir='ltr'><strong>cod.</strong></span> <span class='ocrx_word' id='word_1_350' title='bbox 2724 5334 2916 5401; x_wconf 75' lang='lat' dir='ltr'><strong>Rozr.</strong></span> <span class='ocrx_word' id='word_1_351' title='bbox 2974 5335 3026 5417; x_wconf 80' lang='lat'><strong>⁸)</strong></span> <span class='ocrx_word' id='word_1_352' title='bbox 3071 5354 3190 5397; x_wconf 89' lang='lat' dir='ltr'><strong>non</strong></span> <span class='ocrx_word' id='word_1_353' title='bbox 3232 5336 3465 5401; x_wconf 69' lang='lat' dir='ltr'><strong>intima-</strong></span> 
     </span>
     <span class='ocr_line' id='line_1_37' title="bbox 365 5436 1932 5522; baseline -0.003 -16"><span class='ocrx_word' id='word_1_354' title='bbox 365 5450 531 5506; x_wconf 87' lang='lat' dir='ltr'><strong>runt.</strong></span> <span class='ocrx_word' id='word_1_355' title='bbox 579 5438 730 5506; x_wconf 77' lang='lat' dir='ltr'><strong>Cod.</strong></span> <span class='ocrx_word' id='word_1_356' title='bbox 777 5440 969 5506; x_wconf 74' lang='lat' dir='ltr'><strong>Rozr.</strong></span> <span class='ocrx_word' id='word_1_357' title='bbox 1019 5440 1073 5522; x_wconf 77' lang='lat'><strong>⁹)</strong></span> <span class='ocrx_word' id='word_1_358' title='bbox 1117 5442 1506 5519; x_wconf 82' lang='lat' dir='ltr'><strong>Kolenschky</strong></span> <span class='ocrx_word' id='word_1_359' title='bbox 1553 5437 1704 5504; x_wconf 76' lang='lat' dir='ltr'><strong>cod.</strong></span> <span class='ocrx_word' id='word_1_360' title='bbox 1755 5436 1932 5504; x_wconf 84' lang='lat' dir='ltr'><strong>Calv.</strong></span> 
     </span>
    </p>
   </div>
  </div>
 </body>
</html>
