4342 6384
890 636 1037 709 718
2040 658 2269 711 unna
2319 656 2833 712 nuonncnms.
3419 631 3554 733 (A.
3595 633 3690 709 D.
3729 632 3990 731 1444.)

886 845 1166 915 nostrae
1220 862 1297 915 se
1346 862 1458 915 res
1510 841 1851 929 habeant,
1906 845 1979 915 et
2032 842 2290 935 quibus
2345 843 2613 917 utimur
2664 841 3007 930 moribus;
3062 861 3286 933 neque
3341 841 3524 915 enim
3575 845 3814 932 potest
3859 840 3990 915 hoc

885 982 1109 1053 genus
1163 960 1525 1035 hominum
1580 962 1729 1034 ulla
1782 960 2051 1035 ratione
2106 962 2194 1035 ab
2249 983 2376 1035 sna
2429 961 2946 1036 inhumanitate
2981 962 3036 1051 ¹)
3090 960 3373 1048 divelli,
3431 964 3804 1052 metuoque
3867 981 3984 1033 ve·

886 1082 1278 1169 hementer,
1352 1102 1440 1154 ne
1502 1081 1727 1153 iratus
1758 1082 1979 1173 ‚Deus
2052 1081 2638 1156 inhumanitatem
2711 1086 3022 1153 nostram
3093 1082 3460 1154 abhorreat
3531 1084 3602 1153 et
3671 1084 3988 1152 nostram

889 1200 1359 1275 temeritatem
1410 1200 1749 1293 reprimat
1802 1198 2206 1299 aliquando·
2261 1201 2398 1273 Pro
2450 1201 2711 1274 honore
2763 1200 2985 1293 igitur
3036 1204 3109 1273 et
3159 1198 3572 1291 purgatione
3627 1199 3984 1272 conscien-

888 1320 1031 1394 tiae
1084 1324 1365 1393 nostrae
1419 1318 1814 1393 Maiestatis
1844 1318 1931 1408 ²),
1998 1320 2406 1392 mandamus
2467 1319 2699 1394 literis
2754 1318 3018 1392 nostris
3079 1318 3156 1391 in
3227 1320 3445 1391 forma
3507 1317 3987 1409 subsequenti,

890 1443 973 1512 ut
1028 1438 1243 1513 etiam
1296 1441 1535 1514 hostes
1588 1438 1816 1513 nostri
1866 1438 2176 1531 possint,
2233 1439 2297 1512 si
2350 1438 2612 1529 velint,
2667 1438 2752 1513 de
2807 1460 2936 1511 sua
2987 1440 3216 1511 salute
3269 1437 3598 1530 negitare.

1106 1559 1299 1648 „Nos
1352 1558 1793 1632 wladislaus
1846 1557 1981 1631 Dei
2032 1558 2264 1651 gratia
2318 1558 2752 1651 Hungariae,
2811 1558 3145 1632 Poloniae
3183 1562 3316 1631 etc.
3372 1558 3560 1645 Reiz,
3618 1556 3822 1630 vobis
3861 1556 3984 1648 qui

902 1679 1239 1769 „castella
1291 1679 1377 1751 de
1434 1678 1783 1752 Schumen
1813 1676 1901 1767 3),
1967 1677 2051 1751 de
2105 1678 2504 1766 Mahoracz‚
2571 1678 2655 1751 de
2709 1679 3037 1752 Petrzecz
3065 1678 3154 1767 ⁴),
3220 1678 3306 1751 de
3358 1677 3656 1765 Warna,
3724 1676 3812 1749 de
3867 1676 3986 1749 Ca·

902 1818 1189 1887 „verua,
1247 1798 1333 1871 de
1389 1797 1721 1884 Galatha,
1782 1817 1863 1870 ac
1915 1797 2058 1870 alia
2110 1797 2187 1869 in
2239 1796 2602 1889 provincia
2655 1798 2988 1871 Thraciae
3044 1797 3338 1870 castella
3391 1796 3466 1868 in
3511 1800 3990 1887 contemptum

902 1915 1371 2006 „christianae
1422 1916 1789 2009 religionis
1844 1916 2234 2009 occupatis,
2292 1920 2363 1989 et
2415 1916 2838 1990 christianos
2891 1916 3208 1989 homines
3264 1916 3566 1990 Graecos
3622 1920 3692 1989 et
3719 1916 3984 2007 Bulga-

903 2057 1091 2126 „ros,
1149 2036 1272 2126 qui
1310 2041 1391 2108 ut
1427 2036 1501 2108 in
1537 2038 1693 2129 lege
1728 2034 2011 2107 Domini
2064 2035 2458 2123 ambulent,
2517 2036 2604 2109 ab
2642 2035 3007 2109 orientalis
3061 2034 3420 2109 Ecclesiae
3465 2033 3610 2107 ritu
3663 2034 3754 2106 ad
3789 2032 3986 2105 unio·

904 2176 1105 2245 „nem
1170 2154 1621 2229 occidentalis
1684 2154 2044 2229 Ecclesiae
2114 2156 2246 2227 sub
2309 2154 2588 2227 domino
2652 2154 2967 2247 Eugenio
3030 2155 3223 2247 Papa
3286 2158 3536 2247 quarto
3606 2152 3987 2225 novissime

905 2278 1323 2363 fleuerunt,
1382 2275 1511 2348 sub
1550 2273 1713 2366 iugo
1752 2279 1822 2346 et
1858 2272 2203 2347 servitute
2240 2278 2479 2347 vestra
2533 2274 2824 2365 tenetiS,
2879 2274 3380 2367 persuademus
3433 2280 3506 2347 et
3541 2274 3758 2347 etiam
3793 2293 3984 2345 man-

904 2394 1233 2483 „damu8,
1285 2398 1367 2467 ut
1419 2393 1869 2493 Christianos
1908 2393 2134 2485 ipsos,
2191 2414 2316 2485 pro
2371 2414 2666 2485 quorum
2719 2393 3050 2467 libertate
3105 2415 3191 2467 ex
3245 2393 3508 2466 nostris
3562 2392 3828 2485 Regnis
3853 2392 3986 2464 Po·

905 2510 1177 2603 „Ioniae
1248 2516 1319 2586 et
1384 2513 1787 2606 Hungariae
1857 2513 2222 2604 hucusque
2292 2512 2772 2605 pervenimuS,
2857 2517 2927 2587 et
2997 2513 3143 2586 Deo
3214 2514 3390 2587 duce
3467 2512 3988 2605 progrediemur

906 2632 1283 2722 „ulterius,
1338 2632 1623 2725 propria
1666 2652 1903 2706 eorum
1955 2632 2284 2707 libertate
2319 2631 2622 2722 donetis,
2682 2634 2826 2705 Deo
2863 2636 2934 2707 et
2971 2634 3324 2707 Romanae
3359 2630 3714 2706 Ecclesiae
3769 2631 3984 2705 servi-

908 2756 1183 2842 „turos3
1261 2754 1553 2845 locaque
1613 2751 1973 2846 praedicta
2043 2756 2283 2825 nostro
2345 2757 2416 2827 et
2479 2752 2820 2826 catholico
2876 2752 3182 2845 Imperio
3254 2773 3492 2826 eorum
3553 2750 3984 2839 adiicientes,

910 2870 1028 2962 „in
1080 2871 1401 2946 manibus
1456 2875 1851 2947 nostrorum
1906 2872 2214 2945 militum
2257 2872 2664 2965 resignetiS,
2724 2875 2794 2946 et
2847 2873 2935 2945 ad
2986 2874 3229 2946 urbem
3284 2872 3735 2964 Galliopolim
3766 2871 3855 2961 5),
3911 2893 3990 2945 ac

911 2990 1029 3081 „in
1080 2990 1327 3065 Asiam
1380 2992 1471 3065 ad
1522 2992 1885 3085 antiquam
1939 2992 2171 3067 sedem
2225 2996 2531 3067 vestram
2585 2992 2914 3067 Natoliae
2959 3014 3086 3065 vos
3137 2992 3604 3066 transferatis.
3660 2992 3856 3083 Quod
3911 2996 3990 3065 ut

912 3112 1179 3199 „facere
1234 3115 1388 3184 tuto
1442 3111 1765 3203 possitis,
1824 3116 2063 3186 tenore
2114 3112 2601 3204 praesentium
2637 3113 2836 3186 vobis
2891 3112 3212 3185 omnibus
3268 3116 3336 3186 et
3374 3111 3678 3204 singulis
3729 3132 3984 3185 memo-

910 3228 1127 3321 „ratis
1182 3232 1458 3303 salvum
1512 3236 1587 3303 et
1638 3247 1960 3305 securum
2015 3232 2434 3306 conductum
2469 3232 2784 3306 validum
2839 3252 2998 3305 cum
3033 3232 3285 3305 effectu
3333 3231 3534 3324 regia
3564 3230 3990 3305 liberalitato

908 3354 1191 3440 „nostra
1244 3349 1709 3425 concedimus.
1768 3350 2031 3443 Quodsi
2063 3351 2554 3444 praesentibus
2590 3352 2822 3427 literis
2859 3352 3156 3445 pergitis
3193 3372 3346 3425 esse
3396 3351 3718 3439 rebelleS,
3775 3372 3900 3423 nos
3923 3352 3986 3440 ⁸)

907 3469 1336 3558 „exercitum
1388 3474 1707 3546 nostrum
1779 3475 2022 3544 contra
2086 3493 2214 3543 vos
2287 3472 2683 3546 successive
2745 3473 3111 3561 ducentes,
3185 3470 3536 3544 militibus
3597 3470 3859 3544 nostris
3909 3472 3984 3543 in

905 3591 1275 3681 „praedam
1327 3612 1455 3663 vos
1509 3590 1829 3664 dabimus
1884 3597 1955 3664 et
2009 3590 2400 3664 interitum.
2456 3591 2608 3665 Nos
2647 3592 2832 3665 euim
2887 3590 3334 3665 iureiurando
3386 3596 3628 3663 nostro
3665 3592 3982 3663 vovimus

908 3709 1421 3801 „omnipotenti
1491 3711 1637 3783 Deo
1709 3730 1789 3783 ac
1853 3710 2238 3803 Unigenito
2301 3710 2490 3784 Filio
2566 3711 2716 3785 eius
2781 3712 3076 3784 Domino
3140 3717 3380 3784 nostro
3450 3712 3620 3783 Iesu
3683 3710 3977 3798 Christo,

906 3850 1075 3918 „vos
1128 3835 1199 3903 et
1252 3828 1659 3921 Principum
1714 3834 2026 3903 vestrum
2080 3832 2551 3904 Amarathum
2583 3830 2666 3920 ⁷),
2724 3853 2930 3922 quem
2983 3831 3360 3904 nominatis
3397 3832 3789 3919 Gaesarem,
3849 3832 3978 3903 Do·

907 3948 1135 4037 „miuo
1190 3948 1615 4037 auxiliante,
1671 3948 2031 4038 invadere,
2090 3954 2157 4023 et
2215 3954 2552 4043 quantum
2605 3949 2682 4023 in
2734 3950 2937 4023 nobis
2992 3952 3308 4023 futurum
3363 3950 3606 4038 fuerit,
3665 3950 3982 4043 persequi

908 4072 1021 4156 „et
1072 4068 1452 4158 debellare,
1510 4074 1845 4160 tanquam
1900 4072 2177 4142 nostros
2233 4073 2302 4143 et
2337 4068 2708 4143 universae
2759 4069 2860 4143 rei
2897 4070 3220 4161 publicae
3275 4069 3705 4143 christianae
3755 4069 3976 4141 iuimi-

905 4205 1063 4275 „cos
1117 4186 1507 4277 publicos.“

1104 4306 1255 4378 Has
1308 4306 1547 4398 itaque
1600 4308 2033 4398 conscriptas
2086 4307 2332 4381 literas
2386 4308 2460 4379 iu
2499 4309 2714 4380 fortes
2767 4313 2837 4381 et
2873 4306 3287 4381 victoriosas
3343 4328 3594 4379 manus
3635 4330 3792 4381 suas
3827 4308 3975 4379 Rex

895 4426 1197 4517 accepit,
1272 4430 1343 4500 et
1394 4426 1623 4501 tribus
1678 4426 1763 4499 de
1816 4428 2238 4500 Teucrorum
2301 4432 2540 4519 gente,
2609 4448 2782 4519 quos
2835 4427 3128 4519 proinde
3198 4426 3514 4518 captivos
3568 4428 3864 4501 habebat
3885 4424 3973 4513 ⁸),

896 4544 1049 4616 vita
1117 4544 1427 4632 donatis,
1500 4566 1627 4637 per
1694 4545 2127 4637 provinciam
2199 4546 2626 4638 praedictam
2699 4546 3103 4620 deferendas
3175 4546 3599 4638 obsignavit.
3686 4548 3972 4638 Quarum

894 4662 1261 4737 literarum
1316 4663 1497 4738 serie
1552 4668 1665 4757 (nt
1718 4666 2079 4740 redeamus
2133 4666 2316 4740 unde
2369 4666 2857 4756 discessimus)
2911 4666 3306 4757 complures
3360 4664 3612 4739 Teucri
3670 4665 3968 4750 castella,

892 4782 969 4854 in
1024 4781 1281 4874 quibus
1336 4784 1807 4873 morabantur,
1881 4789 2074 4857 metu
2137 4784 2694 4877 dereliquerunt,
2772 4785 3056 4878 quidam
3110 4806 3274 4858 vero
3340 4786 3653 4858 locorum
3709 4786 3843 4857 situ
3893 4803 3970 4855 ac

896 4901 1117 4990 vallo,
1176 4923 1513 4995 muroque
1568 4904 1844 4993 confisi,
1902 4924 2057 4977 sese
2091 4905 2462 4979 absentare
2514 4906 2923 4996 noluerunt,
2981 4910 3052 4979 et
3086 4904 3498 4997 praesertim
3551 4906 3662 4994 hi,
3718 4903 3832 4996 qui
3863 4923 3966 4975 ca-

1110 5189 1155 5270 ¹)
1200 5191 1563 5253 immanitate
1618 5190 1746 5255 Ed.
1786 5190 1969 5275 Lips.
2032 5189 2087 5277 ²)
2132 5192 2464 5256 Maiestatis
2507 5199 2748 5257 nostrae
2803 5192 2931 5257 Ed.
2981 5192 3161 5277 Lips.
3241 5193 3294 5273 ³)
3341 5196 3558 5255 Sumen
3617 5192 3743 5256 Ed.
3801 5189 3965 5273 Lipe.

897 5288 949 5368 ⁴)
993 5295 1237 5355 Petrecz
1283 5290 1411 5358 Ed.
1444 5290 1624 5376 Lips.
1674 5292 1729 5374 ⁸)
1776 5296 2114 5373 Gallipolim
2163 5290 2315 5357 0001.
2367 5290 2542 5358 Calv.
2609 5295 2662 5374 ⁸)
2705 5298 2966 5361 nondum
3011 5294 3136 5359 Ed.
3179 5294 3366 5386 Lips.
3414 5294 3465 5377 ⁷)
3511 5294 3968 5377 Ommthbekga

900 5388 1055 5459 C'od.
1112 5394 1289 5469 Calo.
1338 5394 1391 5477 ⁸)
1436 5402 1641 5479 captos
1684 5398 1926 5460 tenebat
1978 5394 2105 5459 Ed.
2152 5394 2337 5487 Lips.
