<?xml version="1.0" encoding="UTF-8"?>
<!DOCTYPE html PUBLIC "-//W3C//DTD XHTML 1.0 Transitional//EN"
    "http://www.w3.org/TR/xhtml1/DTD/xhtml1-transitional.dtd">
<html xmlns="http://www.w3.org/1999/xhtml" xml:lang="en" lang="en">
 <head>
  <title>
</title>
<meta http-equiv="Content-Type" content="text/html;charset=utf-8" />
  <meta name='ocr-system' content='tesseract 3.04.00' />
  <meta name='ocr-capabilities' content='ocr_page ocr_carea ocr_par ocr_line ocrx_word'/>
</head>
<body>
  <div class='ocr_page' id='page_1' title='image "./dzieawszystkie00unkngoog_0705.png"; bbox 0 0 4342 6384; ppageno 0'>
   <div class='ocr_carea' id='block_1_1' title="bbox 914 574 4010 675">
    <p class='ocr_par' dir='ltr' id='par_1_1' title="bbox 914 574 4010 675">
     <span class='ocr_line' id='line_1_1' title="bbox 914 574 4010 675; baseline 0.002 -28"><span class='ocrx_word' id='word_1_1' title='bbox 914 574 1061 647; x_wconf 81' lang='lat'>694</span> <span class='ocrx_word' id='word_1_2' title='bbox 2084 596 2312 651; x_wconf 73' lang='lat' dir='ltr'>Lmnn</span> <span class='ocrx_word' id='word_1_3' title='bbox 2359 595 2872 651; x_wconf 77' lang='lat' dir='ltr'>nuonncmus.</span> <span class='ocrx_word' id='word_1_4' title='bbox 3439 574 3575 675; x_wconf 89' lang='grc' dir='ltr'>(Α.</span> <span class='ocrx_word' id='word_1_5' title='bbox 3615 574 3709 651; x_wconf 86' lang='lat' dir='ltr'>D.</span> <span class='ocrx_word' id='word_1_6' title='bbox 3747 575 4010 675; x_wconf 89' lang='grc'>1444.)</span> 
     </span>
    </p>
   </div>
   <div class='ocr_carea' id='block_1_2' title="bbox 920 780 4233 4815">
    <p class='ocr_par' dir='ltr' id='par_1_2' title="bbox 920 780 4233 4815">
     <span class='ocr_line' id='line_1_2' title="bbox 1126 780 4010 883; baseline -0.002 -27"><span class='ocrx_word' id='word_1_7' title='bbox 1126 782 1627 872; x_wconf 87' lang='lat' dir='ltr'>„Serenissime</span> <span class='ocrx_word' id='word_1_8' title='bbox 1680 781 2019 875; x_wconf 78' lang='lat' dir='ltr'><strong>Princeps</strong></span> <span class='ocrx_word' id='word_1_9' title='bbox 2074 786 2146 856; x_wconf 91' lang='lat' dir='ltr'>et</span> <span class='ocrx_word' id='word_1_10' title='bbox 2181 780 2774 855; x_wconf 84' lang='lat' dir='ltr'>excellentissime</span> <span class='ocrx_word' id='word_1_11' title='bbox 2810 781 3104 883; x_wconf 86' lang='lat' dir='ltr'>Domine</span> <span class='ocrx_word' id='word_1_12' title='bbox 3119 836 3138 870; x_wconf 91' lang='lat'>‚</span> <span class='ocrx_word' id='word_1_13' title='bbox 3191 781 3722 875; x_wconf 83' lang='lat' dir='ltr'>Consanguinec</span> <span class='ocrx_word' id='word_1_14' title='bbox 3765 784 4010 855; x_wconf 86' lang='lat' dir='ltr'>noster</span> 
     </span>
     <span class='ocr_line' id='line_1_3' title="bbox 922 900 4008 995; baseline 0 -21"><span class='ocrx_word' id='word_1_15' title='bbox 922 900 1565 991; x_wconf 84' lang='lat' dir='ltr'>„honorandissime</span> <span class='ocrx_word' id='word_1_16' title='bbox 1602 902 1688 991; x_wconf 83' lang='lat'>¹)!</span> <span class='ocrx_word' id='word_1_17' title='bbox 1772 902 1875 973; x_wconf 88' lang='lat' dir='ltr'>Ea</span> <span class='ocrx_word' id='word_1_18' title='bbox 1928 906 2037 975; x_wconf 90' lang='lat' dir='ltr'>est</span> <span class='ocrx_word' id='word_1_19' title='bbox 2089 900 2496 994; x_wconf 80' lang='lat' dir='ltr'>magnitudo</span> <span class='ocrx_word' id='word_1_20' title='bbox 2549 921 2780 974; x_wconf 89' lang='lat' dir='ltr'>rerum</span> <span class='ocrx_word' id='word_1_21' title='bbox 2842 905 2914 973; x_wconf 92' lang='lat' dir='ltr'>et</span> <span class='ocrx_word' id='word_1_22' title='bbox 2967 902 3288 989; x_wconf 79' lang='lat' dir='ltr'>claritaS‚</span> <span class='ocrx_word' id='word_1_23' title='bbox 3355 922 3530 993; x_wconf 89' lang='lat' dir='ltr'>quas</span> <span class='ocrx_word' id='word_1_24' title='bbox 3583 923 3812 995; x_wconf 90' lang='lat' dir='ltr'>nuper</span> <span class='ocrx_word' id='word_1_25' title='bbox 3865 903 4008 975; x_wconf 89' lang='lat' dir='ltr'>Deo</span> 
     </span>
     <span class='ocr_line' id='line_1_4' title="bbox 920 1018 4008 1114; baseline -0 -21"><span class='ocrx_word' id='word_1_26' title='bbox 920 1019 1425 1114; x_wconf 85' lang='lat' dir='ltr'>„gubernante,</span> <span class='ocrx_word' id='word_1_27' title='bbox 1494 1020 1569 1093; x_wconf 92' lang='lat' dir='ltr'>in</span> <span class='ocrx_word' id='word_1_28' title='bbox 1632 1042 1759 1093; x_wconf 87' lang='lat' dir='ltr'>suo</span> <span class='ocrx_word' id='word_1_29' title='bbox 1814 1020 2105 1095; x_wconf 79' lang='lat' dir='ltr'>virtutis</span> <span class='ocrx_word' id='word_1_30' title='bbox 2166 1024 2238 1094; x_wconf 94' lang='lat' dir='ltr'>et</span> <span class='ocrx_word' id='word_1_31' title='bbox 2298 1018 2566 1113; x_wconf 89' lang='lat' dir='ltr'>gloriae</span> <span class='ocrx_word' id='word_1_32' title='bbox 2637 1041 2849 1093; x_wconf 90' lang='lat' dir='ltr'>cursu</span> <span class='ocrx_word' id='word_1_33' title='bbox 2909 1040 3362 1111; x_wconf 78' lang='lat' dir='ltr'>perseverans</span> <span class='ocrx_word' id='word_1_34' title='bbox 3423 1020 3679 1114; x_wconf 87' lang='lat' dir='ltr'>gessit,</span> <span class='ocrx_word' id='word_1_35' title='bbox 3747 1026 3834 1093; x_wconf 86' lang='lat' dir='ltr'>ut</span> <span class='ocrx_word' id='word_1_36' title='bbox 3895 1022 4008 1093; x_wconf 76' lang='lat' dir='ltr'>vel</span> 
     </span>
     <span class='ocr_line' id='line_1_5' title="bbox 923 1139 4233 1233; baseline -0 -21"><span class='ocrx_word' id='word_1_37' title='bbox 923 1143 1119 1232; x_wconf 90' lang='lat' dir='ltr'>„sola</span> <span class='ocrx_word' id='word_1_38' title='bbox 1171 1162 1409 1213; x_wconf 89' lang='lat' dir='ltr'>eorum</span> <span class='ocrx_word' id='word_1_39' title='bbox 1463 1162 1589 1233; x_wconf 92' lang='lat' dir='ltr'>per</span> <span class='ocrx_word' id='word_1_40' title='bbox 1640 1162 1715 1215; x_wconf 90' lang='lat' dir='ltr'>se</span> <span class='ocrx_word' id='word_1_41' title='bbox 1766 1140 2075 1215; x_wconf 90' lang='lat' dir='ltr'>illustris</span> <span class='ocrx_word' id='word_1_42' title='bbox 2130 1142 2314 1213; x_wconf 87' lang='lat' dir='ltr'>fama</span> <span class='ocrx_word' id='word_1_43' title='bbox 2351 1139 2758 1214; x_wconf 88' lang='lat' dir='ltr'>universum</span> <span class='ocrx_word' id='word_1_44' title='bbox 2811 1161 3214 1232; x_wconf 88' lang='lat' dir='ltr'>percurrere</span> <span class='ocrx_word' id='word_1_45' title='bbox 3249 1140 3532 1229; x_wconf 88' lang='lat' dir='ltr'>Orbem,</span> <span class='ocrx_word' id='word_1_46' title='bbox 3589 1140 4008 1232; x_wconf 86' lang='lat' dir='ltr'>cunctisque</span> <span class='ocrx_word' id='word_1_47' title='bbox 4231 1168 4233 1231; x_wconf 84' lang='lat'>;</span> 
     </span>
     <span class='ocr_line' id='line_1_6' title="bbox 923 1240 4233 1352; baseline -0.001 -19"><span class='ocrx_word' id='word_1_48' title='bbox 923 1260 1342 1351; x_wconf 81' lang='lat' dir='ltr'>„silentibus</span> <span class='ocrx_word' id='word_1_49' title='bbox 1396 1282 1537 1333; x_wconf 90' lang='lat' dir='ltr'>non</span> <span class='ocrx_word' id='word_1_50' title='bbox 1587 1259 1753 1333; x_wconf 91' lang='lat' dir='ltr'>illas</span> <span class='ocrx_word' id='word_1_51' title='bbox 1808 1259 2095 1335; x_wconf 90' lang='lat' dir='ltr'>auribus</span> <span class='ocrx_word' id='word_1_52' title='bbox 2133 1265 2408 1332; x_wconf 90' lang='lat' dir='ltr'>tantum</span> <span class='ocrx_word' id='word_1_53' title='bbox 2447 1260 2882 1332; x_wconf 88' lang='lat' dir='ltr'>honorandas</span> <span class='ocrx_word' id='word_1_54' title='bbox 2912 1258 2975 1348; x_wconf 76' lang='grc'>2)</span> <span class='ocrx_word' id='word_1_55' title='bbox 3029 1261 3342 1352; x_wconf 82' lang='lat' dir='ltr'>vulgare,</span> <span class='ocrx_word' id='word_1_56' title='bbox 3401 1260 3520 1333; x_wconf 87' lang='lat' dir='ltr'>sed</span> <span class='ocrx_word' id='word_1_57' title='bbox 3575 1260 3758 1352; x_wconf 88' lang='lat' dir='ltr'>ipsis</span> <span class='ocrx_word' id='word_1_58' title='bbox 3792 1260 4008 1334; x_wconf 84' lang='lat' dir='ltr'>etiam</span> <span class='ocrx_word' id='word_1_59' title='bbox 4231 1240 4233 1315; x_wconf 76' lang='grc' dir='ltr'>ἶ</span> 
     </span>
     <span class='ocr_line' id='line_1_7' title="bbox 922 1378 4004 1471; baseline -0.001 -18"><span class='ocrx_word' id='word_1_60' title='bbox 922 1380 1189 1471; x_wconf 87' lang='lat' dir='ltr'>„oculis</span> <span class='ocrx_word' id='word_1_61' title='bbox 1242 1380 1654 1471; x_wconf 86' lang='lat' dir='ltr'>spectandas</span> <span class='ocrx_word' id='word_1_62' title='bbox 1710 1379 2051 1455; x_wconf 91' lang='lat' dir='ltr'>subiicere</span> <span class='ocrx_word' id='word_1_63' title='bbox 2103 1380 2360 1454; x_wconf 79' lang='lat' dir='ltr'>valeat.</span> <span class='ocrx_word' id='word_1_64' title='bbox 2415 1379 2754 1452; x_wconf 82' lang='lat' dir='ltr'>Pluribus</span> <span class='ocrx_word' id='word_1_65' title='bbox 2791 1380 2976 1453; x_wconf 90' lang='lat' dir='ltr'>enim</span> <span class='ocrx_word' id='word_1_66' title='bbox 3031 1384 3192 1453; x_wconf 89' lang='lat' dir='ltr'>ante</span> <span class='ocrx_word' id='word_1_67' title='bbox 3226 1378 3474 1452; x_wconf 90' lang='lat' dir='ltr'>diebus</span> <span class='ocrx_word' id='word_1_68' title='bbox 3491 1436 3508 1469; x_wconf 88' lang='lat'>‚</span> <span class='ocrx_word' id='word_1_69' title='bbox 3561 1401 3779 1471; x_wconf 87' lang='lat' dir='ltr'>quam</span> <span class='ocrx_word' id='word_1_70' title='bbox 3833 1379 4004 1451; x_wconf 84' lang='lat' dir='ltr'>illae</span> 
     </span>
     <span class='ocr_line' id='line_1_8' title="bbox 922 1497 4006 1592; baseline -0.001 -19"><span class='ocrx_word' id='word_1_71' title='bbox 922 1500 1051 1590; x_wconf 90' lang='lat' dir='ltr'>„ad</span> <span class='ocrx_word' id='word_1_72' title='bbox 1120 1521 1249 1572; x_wconf 92' lang='lat' dir='ltr'>nos</span> <span class='ocrx_word' id='word_1_73' title='bbox 1320 1499 1405 1573; x_wconf 95' lang='lat' dir='ltr'>de</span> <span class='ocrx_word' id='word_1_74' title='bbox 1466 1500 1971 1592; x_wconf 75' lang='lat' dir='ltr'>posterioribus</span> <span class='ocrx_word' id='word_1_75' title='bbox 2044 1498 2362 1573; x_wconf 78' lang='lat' dir='ltr'>victoriis</span> <span class='ocrx_word' id='word_1_76' title='bbox 2435 1497 2692 1572; x_wconf 84' lang='lat' dir='ltr'>vestris</span> <span class='ocrx_word' id='word_1_77' title='bbox 2762 1497 3010 1573; x_wconf 88' lang='lat' dir='ltr'>literae</span> <span class='ocrx_word' id='word_1_78' title='bbox 3039 1497 3100 1588; x_wconf 79' lang='lat'>³)</span> <span class='ocrx_word' id='word_1_79' title='bbox 3165 1499 3684 1591; x_wconf 78' lang='lat' dir='ltr'>pervenissent,</span> <span class='ocrx_word' id='word_1_80' title='bbox 3765 1500 4006 1571; x_wconf 84' lang='lat' dir='ltr'>eodem</span> 
     </span>
     <span class='ocr_line' id='line_1_9' title="bbox 925 1616 4008 1713; baseline -0.001 -21"><span class='ocrx_word' id='word_1_81' title='bbox 925 1620 1137 1709; x_wconf 87' lang='lat' dir='ltr'>„illae</span> <span class='ocrx_word' id='word_1_82' title='bbox 1164 1620 1227 1709; x_wconf 81' lang='lat'>4)</span> <span class='ocrx_word' id='word_1_83' title='bbox 1282 1618 1452 1692; x_wconf 91' lang='lat' dir='ltr'>adeo</span> <span class='ocrx_word' id='word_1_84' title='bbox 1506 1620 1869 1711; x_wconf 87' lang='lat' dir='ltr'>explorate</span> <span class='ocrx_word' id='word_1_85' title='bbox 1933 1641 1976 1692; x_wconf 95' lang='lat' dir='ltr'>a</span> <span class='ocrx_word' id='word_1_86' title='bbox 2026 1618 2312 1713; x_wconf 90' lang='lat' dir='ltr'>populis</span> <span class='ocrx_word' id='word_1_87' title='bbox 2366 1618 2628 1691; x_wconf 91' lang='lat' dir='ltr'>nostris</span> <span class='ocrx_word' id='word_1_88' title='bbox 2647 1674 2664 1707; x_wconf 99' lang='lat'>,</span> <span class='ocrx_word' id='word_1_89' title='bbox 2730 1618 2901 1692; x_wconf 89' lang='lat' dir='ltr'>adeo</span> <span class='ocrx_word' id='word_1_90' title='bbox 2923 1694 2932 1705; x_wconf 75' lang='grc'><strong>,</strong></span> <span class='ocrx_word' id='word_1_91' title='bbox 2956 1620 3144 1692; x_wconf 89' lang='lat' dir='ltr'>clare</span> <span class='ocrx_word' id='word_1_92' title='bbox 3195 1618 3636 1706; x_wconf 87' lang='lat' dir='ltr'>tenebantur,</span> <span class='ocrx_word' id='word_1_93' title='bbox 3689 1622 3776 1689; x_wconf 92' lang='lat' dir='ltr'>ut</span> <span class='ocrx_word' id='word_1_94' title='bbox 3827 1616 4008 1690; x_wconf 84' lang='lat' dir='ltr'>nihil</span> 
     </span>
     <span class='ocr_line' id='line_1_10' title="bbox 922 1737 4009 1831; baseline -0.001 -18"><span class='ocrx_word' id='word_1_95' title='bbox 922 1738 1259 1829; x_wconf 90' lang='lat' dir='ltr'>„certius,</span> <span class='ocrx_word' id='word_1_96' title='bbox 1316 1738 1500 1811; x_wconf 85' lang='lat' dir='ltr'>nihil</span> <span class='ocrx_word' id='word_1_97' title='bbox 1553 1738 1867 1831; x_wconf 81' lang='lat' dir='ltr'>apertius</span> <span class='ocrx_word' id='word_1_98' title='bbox 1932 1739 2018 1812; x_wconf 89' lang='lat' dir='ltr'>ab</span> <span class='ocrx_word' id='word_1_99' title='bbox 2072 1738 2202 1813; x_wconf 91' lang='lat' dir='ltr'>illo</span> <span class='ocrx_word' id='word_1_100' title='bbox 2254 1738 2499 1812; x_wconf 87' lang='lat' dir='ltr'>haberi</span> <span class='ocrx_word' id='word_1_101' title='bbox 2559 1738 2876 1829; x_wconf 87' lang='lat' dir='ltr'>potuisse</span> <span class='ocrx_word' id='word_1_102' title='bbox 2930 1738 3354 1825; x_wconf 78' lang='lat' dir='ltr'>viderentur,</span> <span class='ocrx_word' id='word_1_103' title='bbox 3422 1737 3545 1829; x_wconf 88' lang='lat' dir='ltr'>qui</span> <span class='ocrx_word' id='word_1_104' title='bbox 3597 1758 3673 1811; x_wconf 91' lang='lat' dir='ltr'>se</span> <span class='ocrx_word' id='word_1_105' title='bbox 3727 1737 3805 1811; x_wconf 91' lang='lat' dir='ltr'>in</span> <span class='ocrx_word' id='word_1_106' title='bbox 3861 1738 4009 1811; x_wconf 82' lang='lat' dir='ltr'>acie</span> 
     </span>
     <span class='ocr_line' id='line_1_11' title="bbox 921 1856 4230 1950; baseline -0 -20"><span class='ocrx_word' id='word_1_107' title='bbox 921 1858 1216 1947; x_wconf 84' lang='lat' dir='ltr'>„fuisse,</span> <span class='ocrx_word' id='word_1_108' title='bbox 1273 1880 1399 1932; x_wconf 90' lang='lat' dir='ltr'>nec</span> <span class='ocrx_word' id='word_1_109' title='bbox 1451 1858 1671 1933; x_wconf 84' lang='lat' dir='ltr'>fuisse</span> <span class='ocrx_word' id='word_1_110' title='bbox 1726 1860 1985 1947; x_wconf 88' lang='lat' dir='ltr'>solum,</span> <span class='ocrx_word' id='word_1_111' title='bbox 2044 1858 2166 1933; x_wconf 90' lang='lat' dir='ltr'>sed</span> <span class='ocrx_word' id='word_1_112' title='bbox 2202 1858 2415 1932; x_wconf 87' lang='lat' dir='ltr'>etiam</span> <span class='ocrx_word' id='word_1_113' title='bbox 2468 1858 2856 1950; x_wconf 82' lang='lat' dir='ltr'>praefuisse</span> <span class='ocrx_word' id='word_1_114' title='bbox 2889 1857 3172 1931; x_wconf 90' lang='lat' dir='ltr'>diceret.</span> <span class='ocrx_word' id='word_1_115' title='bbox 3231 1857 3639 1948; x_wconf 78' lang='lat' dir='ltr'>Quanquam</span> <span class='ocrx_word' id='word_1_116' title='bbox 3674 1856 4006 1949; x_wconf 84' lang='lat' dir='ltr'>religiose</span> <span class='ocrx_word' id='word_1_117' title='bbox 4228 1860 4230 1872; x_wconf 91' lang='lat'>&#39;</span> 
     </span>
     <span class='ocr_line' id='line_1_12' title="bbox 921 1975 4233 2070; baseline -0.001 -19"><span class='ocrx_word' id='word_1_118' title='bbox 921 1978 1241 2067; x_wconf 86' lang='lat' dir='ltr'>„credere</span> <span class='ocrx_word' id='word_1_119' title='bbox 1295 1979 1400 2049; x_wconf 86' lang='lat' dir='ltr'>fas</span> <span class='ocrx_word' id='word_1_120' title='bbox 1455 1982 1595 2066; x_wconf 91' lang='lat' dir='ltr'>est,</span> <span class='ocrx_word' id='word_1_121' title='bbox 1650 1982 1733 2050; x_wconf 91' lang='lat' dir='ltr'>ut</span> <span class='ocrx_word' id='word_1_122' title='bbox 1786 1979 2014 2051; x_wconf 90' lang='lat' dir='ltr'>coelos</span> <span class='ocrx_word' id='word_1_123' title='bbox 2068 1998 2220 2054; x_wconf 89' lang='lat' dir='ltr'>eam</span> <span class='ocrx_word' id='word_1_124' title='bbox 2276 1998 2640 2051; x_wconf 82' lang='lat' dir='ltr'>enarrasse</span> <span class='ocrx_word' id='word_1_125' title='bbox 2672 1977 3001 2070; x_wconf 84' lang='lat' dir='ltr'>gloriam,</span> <span class='ocrx_word' id='word_1_126' title='bbox 3058 1998 3197 2069; x_wconf 85' lang='lat' dir='ltr'>qua</span> <span class='ocrx_word' id='word_1_127' title='bbox 3231 1976 3376 2049; x_wconf 91' lang='lat' dir='ltr'>Deo</span> <span class='ocrx_word' id='word_1_128' title='bbox 3431 1975 3894 2049; x_wconf 74' lang='lat' dir='ltr'>sanctissimo</span> <span class='ocrx_word' id='word_1_129' title='bbox 3939 1982 4008 2048; x_wconf 89' lang='lat' dir='ltr'>et</span> <span class='ocrx_word' id='word_1_130' title='bbox 4231 2044 4233 2057; x_wconf 17' lang='grc' dir='ltr'>ζ</span> 
     </span>
     <span class='ocr_line' id='line_1_13' title="bbox 921 2095 4008 2190; baseline -0.001 -20"><span class='ocrx_word' id='word_1_131' title='bbox 921 2118 1079 2187; x_wconf 88' lang='lat' dir='ltr'>„ore</span> <span class='ocrx_word' id='word_1_132' title='bbox 1132 2101 1204 2171; x_wconf 91' lang='lat' dir='ltr'>et</span> <span class='ocrx_word' id='word_1_133' title='bbox 1258 2096 1540 2189; x_wconf 91' lang='lat' dir='ltr'>scriptis</span> <span class='ocrx_word' id='word_1_134' title='bbox 1596 2096 1852 2171; x_wconf 85' lang='lat' dir='ltr'>vestris</span> <span class='ocrx_word' id='word_1_135' title='bbox 1868 2154 1885 2187; x_wconf 99' lang='lat'>,</span> <span class='ocrx_word' id='word_1_136' title='bbox 1942 2101 2014 2171; x_wconf 91' lang='lat' dir='ltr'>et</span> <span class='ocrx_word' id='word_1_137' title='bbox 2067 2098 2270 2171; x_wconf 86' lang='lat' dir='ltr'>corde</span> <span class='ocrx_word' id='word_1_138' title='bbox 2333 2102 2544 2190; x_wconf 90' lang='lat' dir='ltr'>atque</span> <span class='ocrx_word' id='word_1_139' title='bbox 2597 2096 2826 2169; x_wconf 91' lang='lat' dir='ltr'>animo</span> <span class='ocrx_word' id='word_1_140' title='bbox 2879 2100 3233 2187; x_wconf 76' lang='lat' dir='ltr'>acceptam</span> <span class='ocrx_word' id='word_1_141' title='bbox 3289 2096 3520 2183; x_wconf 89' lang='lat' dir='ltr'>fertis,</span> <span class='ocrx_word' id='word_1_142' title='bbox 3577 2100 3648 2169; x_wconf 91' lang='lat' dir='ltr'>et</span> <span class='ocrx_word' id='word_1_143' title='bbox 3699 2116 3740 2169; x_wconf 90' lang='lat' dir='ltr'>e</span> <span class='ocrx_word' id='word_1_144' title='bbox 3793 2095 4008 2167; x_wconf 86' lang='lat' dir='ltr'>coelis</span> 
     </span>
     <span class='ocr_line' id='line_1_14' title="bbox 922 2215 4002 2311; baseline -0.001 -22"><span class='ocrx_word' id='word_1_145' title='bbox 922 2217 1039 2306; x_wconf 90' lang='lat' dir='ltr'>„in</span> <span class='ocrx_word' id='word_1_146' title='bbox 1094 2222 1361 2291; x_wconf 88' lang='lat' dir='ltr'>mentes</span> <span class='ocrx_word' id='word_1_147' title='bbox 1416 2217 1778 2289; x_wconf 89' lang='lat' dir='ltr'>hominum</span> <span class='ocrx_word' id='word_1_148' title='bbox 1832 2217 2085 2291; x_wconf 89' lang='lat' dir='ltr'>tacitas</span> <span class='ocrx_word' id='word_1_149' title='bbox 2148 2218 2486 2311; x_wconf 88' lang='lat' dir='ltr'>quasdam</span> <span class='ocrx_word' id='word_1_150' title='bbox 2549 2238 2639 2289; x_wconf 82' lang='lat' dir='ltr'>ex</span> <span class='ocrx_word' id='word_1_151' title='bbox 2693 2237 2773 2291; x_wconf 93' lang='lat' dir='ltr'>eo</span> <span class='ocrx_word' id='word_1_152' title='bbox 2825 2236 3076 2307; x_wconf 86' lang='lat' dir='ltr'>genere</span> <span class='ocrx_word' id='word_1_153' title='bbox 3141 2215 3480 2288; x_wconf 87' lang='lat' dir='ltr'>demissas</span> <span class='ocrx_word' id='word_1_154' title='bbox 3535 2235 3742 2288; x_wconf 78' lang='lat' dir='ltr'>voces</span> <span class='ocrx_word' id='word_1_155' title='bbox 3798 2236 4002 2305; x_wconf 90' lang='lat' dir='ltr'>pene-</span> 
     </span>
     <span class='ocr_line' id='line_1_15' title="bbox 923 2333 4004 2429; baseline -0.001 -22"><span class='ocrx_word' id='word_1_156' title='bbox 923 2340 1225 2425; x_wconf 90' lang='lat' dir='ltr'>„trasse,</span> <span class='ocrx_word' id='word_1_157' title='bbox 1300 2357 1504 2429; x_wconf 88' lang='lat' dir='ltr'>quem</span> <span class='ocrx_word' id='word_1_158' title='bbox 1536 2336 1598 2425; x_wconf 78' lang='lat'>5)</span> <span class='ocrx_word' id='word_1_159' title='bbox 1662 2340 1744 2408; x_wconf 94' lang='lat' dir='ltr'>ut</span> <span class='ocrx_word' id='word_1_160' title='bbox 1808 2336 2029 2409; x_wconf 85' lang='lat' dir='ltr'>futuri</span> <span class='ocrx_word' id='word_1_161' title='bbox 2089 2356 2464 2429; x_wconf 84' lang='lat' dir='ltr'>praesagos</span> <span class='ocrx_word' id='word_1_162' title='bbox 2528 2356 3026 2427; x_wconf 90' lang='lat' dir='ltr'>nonnunquam</span> <span class='ocrx_word' id='word_1_163' title='bbox 3087 2333 3390 2423; x_wconf 89' lang='lat' dir='ltr'>reducit,</span> <span class='ocrx_word' id='word_1_164' title='bbox 3463 2334 3586 2407; x_wconf 88' lang='lat' dir='ltr'>sed</span> <span class='ocrx_word' id='word_1_165' title='bbox 3615 2334 3682 2423; x_wconf 71' lang='grc' dir='ltr'>θ)</span> <span class='ocrx_word' id='word_1_166' title='bbox 3747 2356 4004 2421; x_wconf 86' lang='lat' dir='ltr'>eorum,</span> 
     </span>
     <span class='ocr_line' id='line_1_16' title="bbox 922 2454 4006 2549; baseline -0 -23"><span class='ocrx_word' id='word_1_167' title='bbox 922 2476 1143 2547; x_wconf 87' lang='lat' dir='ltr'>„quae</span> <span class='ocrx_word' id='word_1_168' title='bbox 1205 2455 1283 2528; x_wconf 92' lang='lat' dir='ltr'>in</span> <span class='ocrx_word' id='word_1_169' title='bbox 1336 2454 1655 2529; x_wconf 87' lang='lat' dir='ltr'>absentia</span> <span class='ocrx_word' id='word_1_170' title='bbox 1716 2454 2023 2546; x_wconf 90' lang='lat' dir='ltr'>partium</span> <span class='ocrx_word' id='word_1_171' title='bbox 2086 2459 2393 2549; x_wconf 79' lang='lat' dir='ltr'>aguntur</span> <span class='ocrx_word' id='word_1_172' title='bbox 2451 2476 2739 2548; x_wconf 84' lang='lat' dir='ltr'>gnaros,</span> <span class='ocrx_word' id='word_1_173' title='bbox 2814 2455 2944 2527; x_wconf 89' lang='lat' dir='ltr'>illa</span> <span class='ocrx_word' id='word_1_174' title='bbox 3005 2454 3216 2527; x_wconf 89' lang='lat' dir='ltr'>etiam</span> <span class='ocrx_word' id='word_1_175' title='bbox 3269 2454 3458 2546; x_wconf 88' lang='lat' dir='ltr'>ipsa,</span> <span class='ocrx_word' id='word_1_176' title='bbox 3517 2474 3658 2545; x_wconf 87' lang='lat' dir='ltr'>qua</span> <span class='ocrx_word' id='word_1_177' title='bbox 3709 2459 4006 2545; x_wconf 83' lang='lat' dir='ltr'>agantur</span> 
     </span>
     <span class='ocr_line' id='line_1_17' title="bbox 922 2573 4008 2669; baseline -0 -23"><span class='ocrx_word' id='word_1_178' title='bbox 922 2575 1134 2663; x_wconf 86' lang='lat' dir='ltr'>„hora</span> <span class='ocrx_word' id='word_1_179' title='bbox 1188 2575 1533 2663; x_wconf 87' lang='lat' dir='ltr'>efficiunt,</span> <span class='ocrx_word' id='word_1_180' title='bbox 1590 2574 1774 2667; x_wconf 89' lang='lat' dir='ltr'>quod</span> <span class='ocrx_word' id='word_1_181' title='bbox 1812 2574 2305 2669; x_wconf 88' lang='lat' dir='ltr'>superstitiose</span> <span class='ocrx_word' id='word_1_182' title='bbox 2341 2574 2582 2647; x_wconf 85' lang='lat' dir='ltr'>divina</span> <span class='ocrx_word' id='word_1_183' title='bbox 2619 2573 2844 2646; x_wconf 82' lang='lat' dir='ltr'>videri</span> <span class='ocrx_word' id='word_1_184' title='bbox 2897 2595 3102 2665; x_wconf 90' lang='lat' dir='ltr'>posse</span> <span class='ocrx_word' id='word_1_185' title='bbox 3153 2592 3494 2661; x_wconf 78' lang='lat' dir='ltr'>veremur,</span> <span class='ocrx_word' id='word_1_186' title='bbox 3549 2573 3694 2645; x_wconf 89' lang='lat' dir='ltr'>nisi</span> <span class='ocrx_word' id='word_1_187' title='bbox 3747 2573 4008 2645; x_wconf 86' lang='lat' dir='ltr'>similia</span> 
     </span>
     <span class='ocr_line' id='line_1_18' title="bbox 923 2693 4002 2786; baseline -0.001 -20"><span class='ocrx_word' id='word_1_188' title='bbox 923 2695 1378 2786; x_wconf 86' lang='lat' dir='ltr'>„quandoque</span> <span class='ocrx_word' id='word_1_189' title='bbox 1442 2694 1657 2767; x_wconf 87' lang='lat' dir='ltr'>etiam</span> <span class='ocrx_word' id='word_1_190' title='bbox 1713 2694 1844 2769; x_wconf 91' lang='lat' dir='ltr'>sub</span> <span class='ocrx_word' id='word_1_191' title='bbox 1900 2695 2125 2767; x_wconf 83' lang='lat' dir='ltr'>stulta</span> <span class='ocrx_word' id='word_1_192' title='bbox 2177 2693 2522 2767; x_wconf 89' lang='lat' dir='ltr'>idolorum</span> <span class='ocrx_word' id='word_1_193' title='bbox 2579 2693 2923 2766; x_wconf 88' lang='lat' dir='ltr'>servitute</span> <span class='ocrx_word' id='word_1_194' title='bbox 2984 2693 3539 2766; x_wconf 86' lang='lat' dir='ltr'>Christianorum</span> <span class='ocrx_word' id='word_1_195' title='bbox 3609 2697 4002 2784; x_wconf 89' lang='lat' dir='ltr'>temporum</span> 
     </span>
     <span class='ocr_line' id='line_1_19' title="bbox 924 2811 4004 2905; baseline -0.001 -18"><span class='ocrx_word' id='word_1_196' title='bbox 924 2815 1291 2905; x_wconf 82' lang='lat' dir='ltr'>„exempla</span> <span class='ocrx_word' id='word_1_197' title='bbox 1326 2814 1829 2887; x_wconf 75' lang='lat' dir='ltr'>committimus</span> <span class='ocrx_word' id='word_1_198' title='bbox 1861 2814 1947 2903; x_wconf 60' lang='grc' dir='ltr'>Ιῖ),</span> <span class='ocrx_word' id='word_1_199' title='bbox 1987 2834 2165 2905; x_wconf 86' lang='lat' dir='ltr'>quae</span> <span class='ocrx_word' id='word_1_200' title='bbox 2203 2812 2556 2886; x_wconf 78' lang='lat' dir='ltr'>devotioni</span> <span class='ocrx_word' id='word_1_201' title='bbox 2612 2818 2886 2886; x_wconf 83' lang='lat' dir='ltr'>vestrae</span> <span class='ocrx_word' id='word_1_202' title='bbox 2921 2817 3090 2885; x_wconf 92' lang='lat' dir='ltr'>nota</span> <span class='ocrx_word' id='word_1_203' title='bbox 3143 2832 3296 2885; x_wconf 90' lang='lat' dir='ltr'>esse</span> <span class='ocrx_word' id='word_1_204' title='bbox 3331 2811 3779 2901; x_wconf 86' lang='lat' dir='ltr'>confidimus,</span> <span class='ocrx_word' id='word_1_205' title='bbox 3840 2812 4004 2884; x_wconf 80' lang='lat' dir='ltr'>olim</span> 
     </span>
     <span class='ocr_line' id='line_1_20' title="bbox 926 2930 4008 3025; baseline -0.001 -18"><span class='ocrx_word' id='word_1_206' title='bbox 926 2931 1309 3022; x_wconf 89' lang='lat' dir='ltr'>„accidisse</span> <span class='ocrx_word' id='word_1_207' title='bbox 1362 2932 1549 3025; x_wconf 90' lang='lat' dir='ltr'>apud</span> <span class='ocrx_word' id='word_1_208' title='bbox 1585 2934 1961 3006; x_wconf 89' lang='lat' dir='ltr'>nonnullos</span> <span class='ocrx_word' id='word_1_209' title='bbox 1999 2932 2182 3023; x_wconf 85' lang='lat' dir='ltr'>veri,</span> <span class='ocrx_word' id='word_1_210' title='bbox 2239 2936 2321 3006; x_wconf 88' lang='lat' dir='ltr'>ut</span> <span class='ocrx_word' id='word_1_211' title='bbox 2339 2932 2404 3023; x_wconf 78' lang='lat'>⁸)</span> <span class='ocrx_word' id='word_1_212' title='bbox 2444 2932 2775 3022; x_wconf 90' lang='lat' dir='ltr'>creditur,</span> <span class='ocrx_word' id='word_1_213' title='bbox 2834 2932 3212 3025; x_wconf 87' lang='lat' dir='ltr'>scriptores</span> <span class='ocrx_word' id='word_1_214' title='bbox 3245 2933 3601 3025; x_wconf 80' lang='lat' dir='ltr'>leguntur,</span> <span class='ocrx_word' id='word_1_215' title='bbox 3657 2930 3788 3023; x_wconf 88' lang='lat' dir='ltr'>qui</span> <span class='ocrx_word' id='word_1_216' title='bbox 3813 2932 4008 3004; x_wconf 83' lang='lat' dir='ltr'>valdc</span> 
     </span>
     <span class='ocr_line' id='line_1_21' title="bbox 924 3050 4006 3144; baseline -0.001 -20"><span class='ocrx_word' id='word_1_217' title='bbox 924 3052 1052 3143; x_wconf 87' lang='lat' dir='ltr'>„de</span> <span class='ocrx_word' id='word_1_218' title='bbox 1104 3051 1423 3126; x_wconf 84' lang='lat' dir='ltr'>Cornelio</span> <span class='ocrx_word' id='word_1_219' title='bbox 1478 3052 1853 3126; x_wconf 82' lang='lat' dir='ltr'>Sacerdote</span> <span class='ocrx_word' id='word_1_220' title='bbox 1912 3052 2041 3125; x_wconf 92' lang='lat' dir='ltr'>illo</span> <span class='ocrx_word' id='word_1_221' title='bbox 2104 3055 2675 3140; x_wconf 90' lang='lat' dir='ltr'>commemorant,</span> <span class='ocrx_word' id='word_1_222' title='bbox 2741 3052 2867 3144; x_wconf 91' lang='lat' dir='ltr'>qui</span> <span class='ocrx_word' id='word_1_223' title='bbox 2927 3051 3121 3124; x_wconf 81' lang='lat' dir='ltr'>vitae</span> <span class='ocrx_word' id='word_1_224' title='bbox 3183 3050 3518 3125; x_wconf 87' lang='lat' dir='ltr'>castitate</span> <span class='ocrx_word' id='word_1_225' title='bbox 3569 3050 4006 3125; x_wconf 78' lang='lat' dir='ltr'>venerandus</span> 
     </span>
     <span class='ocr_line' id='line_1_22' title="bbox 925 3170 4007 3263; baseline -0 -20"><span class='ocrx_word' id='word_1_226' title='bbox 925 3170 1281 3261; x_wconf 76' lang='lat' dir='ltr'>„Patavii‚</span> <span class='ocrx_word' id='word_1_227' title='bbox 1338 3192 1475 3263; x_wconf 89' lang='lat' dir='ltr'>quo</span> <span class='ocrx_word' id='word_1_228' title='bbox 1531 3172 1644 3246; x_wconf 90' lang='lat' dir='ltr'>die</span> <span class='ocrx_word' id='word_1_229' title='bbox 1698 3170 1775 3244; x_wconf 92' lang='lat' dir='ltr'>in</span> <span class='ocrx_word' id='word_1_230' title='bbox 1826 3172 1975 3245; x_wconf 84' lang='lat' dir='ltr'>acie</span> <span class='ocrx_word' id='word_1_231' title='bbox 2026 3170 2438 3245; x_wconf 83' lang='lat' dir='ltr'>Pharsalica</span> <span class='ocrx_word' id='word_1_232' title='bbox 2489 3172 2690 3244; x_wconf 88' lang='lat' dir='ltr'>fusus</span> <span class='ocrx_word' id='word_1_233' title='bbox 2743 3192 2786 3243; x_wconf 91' lang='lat' dir='ltr'>a</span> <span class='ocrx_word' id='word_1_234' title='bbox 2837 3171 3128 3245; x_wconf 87' lang='lat' dir='ltr'>Caesare</span> <span class='ocrx_word' id='word_1_235' title='bbox 3165 3170 3542 3263; x_wconf 86' lang='lat' dir='ltr'>Pompeius</span> <span class='ocrx_word' id='word_1_236' title='bbox 3599 3172 3766 3263; x_wconf 81' lang='lat' dir='ltr'>fuga</span> <span class='ocrx_word' id='word_1_237' title='bbox 3821 3170 4007 3261; x_wconf 80' lang='lat' dir='ltr'>turpi</span> 
     </span>
     <span class='ocr_line' id='line_1_23' title="bbox 924 3289 4008 3383; baseline -0.001 -18"><span class='ocrx_word' id='word_1_238' title='bbox 924 3294 1038 3380; x_wconf 89' lang='lat' dir='ltr'>„et</span> <span class='ocrx_word' id='word_1_239' title='bbox 1096 3296 1303 3363; x_wconf 89' lang='lat' dir='ltr'>antea</span> <span class='ocrx_word' id='word_1_240' title='bbox 1364 3294 1592 3364; x_wconf 91' lang='lat' dir='ltr'>certae</span> <span class='ocrx_word' id='word_1_241' title='bbox 1620 3290 1684 3381; x_wconf 78' lang='grc'>9)</span> <span class='ocrx_word' id='word_1_242' title='bbox 1758 3292 2079 3365; x_wconf 86' lang='lat' dir='ltr'>fortunae</span> <span class='ocrx_word' id='word_1_243' title='bbox 2134 3311 2302 3365; x_wconf 87' lang='lat' dir='ltr'>suae</span> <span class='ocrx_word' id='word_1_244' title='bbox 2371 3291 2609 3364; x_wconf 88' lang='lat' dir='ltr'>lumen</span> <span class='ocrx_word' id='word_1_245' title='bbox 2681 3290 3040 3381; x_wconf 84' lang='lat' dir='ltr'>extinxit,</span> <span class='ocrx_word' id='word_1_246' title='bbox 3097 3296 3170 3363; x_wconf 92' lang='lat' dir='ltr'>et</span> <span class='ocrx_word' id='word_1_247' title='bbox 3233 3289 3746 3383; x_wconf 85' lang='lat' dir='ltr'>magnitudinis</span> <span class='ocrx_word' id='word_1_248' title='bbox 3801 3290 4008 3362; x_wconf 89' lang='lat' dir='ltr'>robur</span> 
     </span>
     <span class='ocr_line' id='line_1_24' title="bbox 921 3408 4007 3503; baseline -0.001 -20"><span class='ocrx_word' id='word_1_249' title='bbox 921 3411 1358 3499; x_wconf 78' lang='lat' dir='ltr'>„enervavit,</span> <span class='ocrx_word' id='word_1_250' title='bbox 1436 3410 1719 3503; x_wconf 82' lang='lat' dir='ltr'>singula</span> <span class='ocrx_word' id='word_1_251' title='bbox 1782 3410 1946 3483; x_wconf 90' lang='lat' dir='ltr'>dum</span> <span class='ocrx_word' id='word_1_252' title='bbox 2012 3409 2344 3484; x_wconf 88' lang='lat' dir='ltr'>acerrime</span> <span class='ocrx_word' id='word_1_253' title='bbox 2407 3410 2879 3498; x_wconf 82' lang='lat' dir='ltr'>dimicaretur,</span> <span class='ocrx_word' id='word_1_254' title='bbox 2955 3409 3160 3502; x_wconf 90' lang='lat' dir='ltr'>quasi</span> <span class='ocrx_word' id='word_1_255' title='bbox 3223 3430 3260 3482; x_wconf 93' lang='lat' dir='ltr'>e</span> <span class='ocrx_word' id='word_1_256' title='bbox 3323 3410 3612 3501; x_wconf 86' lang='lat' dir='ltr'>specula</span> <span class='ocrx_word' id='word_1_257' title='bbox 3673 3408 4007 3483; x_wconf 85' lang='lat' dir='ltr'>eminenti</span> 
     </span>
     <span class='ocr_line' id='line_1_25' title="bbox 922 3528 4004 3623; baseline -0.001 -20"><span class='ocrx_word' id='word_1_258' title='bbox 922 3530 1544 3623; x_wconf 86' lang='lat' dir='ltr'>„quemadmodum</span> <span class='ocrx_word' id='word_1_259' title='bbox 1580 3532 1987 3623; x_wconf 87' lang='lat' dir='ltr'>agebantur,</span> <span class='ocrx_word' id='word_1_260' title='bbox 2044 3531 2399 3604; x_wconf 87' lang='lat' dir='ltr'>interdum</span> <span class='ocrx_word' id='word_1_261' title='bbox 2454 3530 2880 3603; x_wconf 89' lang='lat' dir='ltr'>intermissis</span> <span class='ocrx_word' id='word_1_262' title='bbox 2916 3530 3102 3622; x_wconf 89' lang='lat' dir='ltr'>ipse,</span> <span class='ocrx_word' id='word_1_263' title='bbox 3159 3528 3512 3602; x_wconf 89' lang='lat' dir='ltr'>interdum</span> <span class='ocrx_word' id='word_1_264' title='bbox 3563 3550 3848 3601; x_wconf 88' lang='lat' dir='ltr'>rursum</span> <span class='ocrx_word' id='word_1_265' title='bbox 3885 3548 4004 3601; x_wconf 86' lang='lat' dir='ltr'>ex-</span> 
     </span>
     <span class='ocr_line' id='line_1_26' title="bbox 923 3648 4006 3742; baseline -0.002 -18"><span class='ocrx_word' id='word_1_266' title='bbox 923 3650 1205 3739; x_wconf 87' lang='lat' dir='ltr'>„citatis</span> <span class='ocrx_word' id='word_1_267' title='bbox 1259 3650 1550 3723; x_wconf 79' lang='lat' dir='ltr'>vocibus</span> <span class='ocrx_word' id='word_1_268' title='bbox 1614 3651 2028 3742; x_wconf 85' lang='lat' dir='ltr'>exponebat.</span> <span class='ocrx_word' id='word_1_269' title='bbox 2110 3650 2250 3724; x_wconf 89' lang='lat' dir='ltr'>Sed</span> <span class='ocrx_word' id='word_1_270' title='bbox 2313 3655 2692 3742; x_wconf 88' lang='lat' dir='ltr'>utrumque</span> <span class='ocrx_word' id='word_1_271' title='bbox 2753 3648 3136 3723; x_wconf 85' lang='lat' dir='ltr'>novissimo</span> <span class='ocrx_word' id='word_1_272' title='bbox 3203 3654 3516 3741; x_wconf 89' lang='lat' dir='ltr'>tempore</span> <span class='ocrx_word' id='word_1_273' title='bbox 3575 3650 3819 3720; x_wconf 87' lang='lat' dir='ltr'>nostro</span> <span class='ocrx_word' id='word_1_274' title='bbox 3879 3648 4006 3719; x_wconf 82' lang='lat' dir='ltr'>hoc</span> 
     </span>
     <span class='ocr_line' id='line_1_27' title="bbox 925 3766 4004 3861; baseline -0.001 -21"><span class='ocrx_word' id='word_1_275' title='bbox 925 3769 1138 3857; x_wconf 85' lang='lat' dir='ltr'>„fuit‚</span> <span class='ocrx_word' id='word_1_276' title='bbox 1197 3768 1347 3841; x_wconf 85' lang='lat' dir='ltr'>sive</span> <span class='ocrx_word' id='word_1_277' title='bbox 1401 3770 1591 3843; x_wconf 88' lang='lat' dir='ltr'>Deus</span> <span class='ocrx_word' id='word_1_278' title='bbox 1630 3770 2067 3861; x_wconf 88' lang='lat' dir='ltr'>omnipotens</span> <span class='ocrx_word' id='word_1_279' title='bbox 2120 3771 2294 3843; x_wconf 89' lang='lat' dir='ltr'>haec</span> <span class='ocrx_word' id='word_1_280' title='bbox 2345 3774 2582 3843; x_wconf 82' lang='lat' dir='ltr'>vestra</span> <span class='ocrx_word' id='word_1_281' title='bbox 2632 3768 2876 3843; x_wconf 89' lang='lat' dir='ltr'>resciri</span> <span class='ocrx_word' id='word_1_282' title='bbox 2927 3768 3336 3861; x_wconf 89' lang='lat' dir='ltr'>priusquam</span> <span class='ocrx_word' id='word_1_283' title='bbox 3389 3772 3514 3840; x_wconf 88' lang='lat' dir='ltr'>aut</span> <span class='ocrx_word' id='word_1_284' title='bbox 3563 3766 3798 3843; x_wconf 86' lang='lat' dir='ltr'>audiri</span> <span class='ocrx_word' id='word_1_285' title='bbox 3859 3768 4004 3838; x_wconf 90' lang='lat' dir='ltr'>ullo</span> 
     </span>
     <span class='ocr_line' id='line_1_28' title="bbox 924 3886 4000 3983; baseline -0 -23"><span class='ocrx_word' id='word_1_286' title='bbox 924 3888 1337 3978; x_wconf 88' lang='lat' dir='ltr'>„nuntiante</span> <span class='ocrx_word' id='word_1_287' title='bbox 1389 3894 1513 3961; x_wconf 88' lang='lat' dir='ltr'>aut</span> <span class='ocrx_word' id='word_1_288' title='bbox 1548 3888 1896 3963; x_wconf 90' lang='lat' dir='ltr'>scribente</span> <span class='ocrx_word' id='word_1_289' title='bbox 1948 3889 2093 3983; x_wconf 88' lang='lat' dir='ltr'>legi</span> <span class='ocrx_word' id='word_1_290' title='bbox 2129 3888 2358 3963; x_wconf 82' lang='lat' dir='ltr'>voluit</span> <span class='ocrx_word' id='word_1_291' title='bbox 2395 3889 2510 3978; x_wconf 87' lang='lat'>¹⁰),</span> <span class='ocrx_word' id='word_1_292' title='bbox 2549 3887 2894 3981; x_wconf 86' lang='lat' dir='ltr'>gratulari</span> <span class='ocrx_word' id='word_1_293' title='bbox 2931 3888 3262 3962; x_wconf 88' lang='lat' dir='ltr'>debemus</span> <span class='ocrx_word' id='word_1_294' title='bbox 3300 3886 3533 3975; x_wconf 78' lang='lat' dir='ltr'>vobi8‚</span> <span class='ocrx_word' id='word_1_295' title='bbox 3591 3908 3798 3977; x_wconf 89' lang='lat' dir='ltr'>quem</span> <span class='ocrx_word' id='word_1_296' title='bbox 3836 3888 4000 3959; x_wconf 88' lang='lat' dir='ltr'>adeo</span> 
     </span>
     <span class='ocr_line' id='line_1_29' title="bbox 924 4005 4002 4100; baseline -0.001 -20"><span class='ocrx_word' id='word_1_297' title='bbox 924 4008 1390 4098; x_wconf 87' lang='lat' dir='ltr'>„peculiarem</span> <span class='ocrx_word' id='word_1_298' title='bbox 1446 4008 1583 4081; x_wconf 92' lang='lat' dir='ltr'>sibi</span> <span class='ocrx_word' id='word_1_299' title='bbox 1638 4008 1851 4100; x_wconf 89' lang='lat' dir='ltr'>elegit</span> <span class='ocrx_word' id='word_1_300' title='bbox 1888 4009 2111 4095; x_wconf 90' lang='lat' dir='ltr'>Deus,</span> <span class='ocrx_word' id='word_1_301' title='bbox 2177 4013 2260 4080; x_wconf 92' lang='lat' dir='ltr'>ut</span> <span class='ocrx_word' id='word_1_302' title='bbox 2315 4028 2390 4081; x_wconf 90' lang='lat' dir='ltr'>se</span> <span class='ocrx_word' id='word_1_303' title='bbox 2443 4029 2580 4080; x_wconf 92' lang='lat' dir='ltr'>non</span> <span class='ocrx_word' id='word_1_304' title='bbox 2637 4008 2864 4079; x_wconf 91' lang='lat' dir='ltr'>solum</span> <span class='ocrx_word' id='word_1_305' title='bbox 2918 4012 3195 4079; x_wconf 79' lang='lat' dir='ltr'>vestrae</span> <span class='ocrx_word' id='word_1_306' title='bbox 3234 4006 3325 4095; x_wconf 84' lang='lat'>¹¹)</span> <span class='ocrx_word' id='word_1_307' title='bbox 3381 4005 3746 4078; x_wconf 88' lang='lat' dir='ltr'>felicitatis</span> <span class='ocrx_word' id='word_1_308' title='bbox 3807 4012 4002 4077; x_wconf 88' lang='lat' dir='ltr'>auto-</span> 
     </span>
     <span class='ocr_line' id='line_1_30' title="bbox 925 4125 4000 4219; baseline -0.001 -21"><span class='ocrx_word' id='word_1_309' title='bbox 925 4146 1109 4215; x_wconf 91' lang='lat' dir='ltr'>„rem</span> <span class='ocrx_word' id='word_1_310' title='bbox 1128 4181 1144 4213; x_wconf 96' lang='lat'>,</span> <span class='ocrx_word' id='word_1_311' title='bbox 1204 4126 1325 4199; x_wconf 92' lang='lat' dir='ltr'>sed</span> <span class='ocrx_word' id='word_1_312' title='bbox 1378 4131 1450 4199; x_wconf 90' lang='lat' dir='ltr'>et</span> <span class='ocrx_word' id='word_1_313' title='bbox 1500 4127 1765 4217; x_wconf 85' lang='lat' dir='ltr'>gloriae</span> <span class='ocrx_word' id='word_1_314' title='bbox 1816 4127 2364 4218; x_wconf 89' lang='lat' dir='ltr'>praedicatorem</span> <span class='ocrx_word' id='word_1_315' title='bbox 2417 4127 2572 4219; x_wconf 89' lang='lat' dir='ltr'>ipse</span> <span class='ocrx_word' id='word_1_316' title='bbox 2625 4128 2988 4219; x_wconf 85' lang='lat' dir='ltr'>praebeat;</span> <span class='ocrx_word' id='word_1_317' title='bbox 3063 4126 3213 4199; x_wconf 83' lang='lat' dir='ltr'>sive</span> <span class='ocrx_word' id='word_1_318' title='bbox 3267 4127 3627 4198; x_wconf 83' lang='lat' dir='ltr'>hominum</span> <span class='ocrx_word' id='word_1_319' title='bbox 3681 4125 4000 4217; x_wconf 89' lang='lat' dir='ltr'>antiquo-</span> 
     </span>
     <span class='ocr_line' id='line_1_31' title="bbox 925 4244 4002 4338; baseline -0 -21"><span class='ocrx_word' id='word_1_320' title='bbox 925 4266 1121 4335; x_wconf 91' lang='lat' dir='ltr'>„rum</span> <span class='ocrx_word' id='word_1_321' title='bbox 1178 4244 1409 4317; x_wconf 88' lang='lat' dir='ltr'>studio</span> <span class='ocrx_word' id='word_1_322' title='bbox 1462 4247 1846 4338; x_wconf 85' lang='lat' dir='ltr'>perfectum</span> <span class='ocrx_word' id='word_1_323' title='bbox 1902 4250 2041 4336; x_wconf 90' lang='lat' dir='ltr'>est,</span> <span class='ocrx_word' id='word_1_324' title='bbox 2108 4250 2192 4319; x_wconf 87' lang='lat' dir='ltr'>ut</span> <span class='ocrx_word' id='word_1_325' title='bbox 2245 4252 2595 4320; x_wconf 82' lang='lat' dir='ltr'>extremas</span> <span class='ocrx_word' id='word_1_326' title='bbox 2649 4247 2862 4320; x_wconf 89' lang='lat' dir='ltr'>etiam</span> <span class='ocrx_word' id='word_1_327' title='bbox 2917 4267 3075 4319; x_wconf 89' lang='lat' dir='ltr'>oras</span> <span class='ocrx_word' id='word_1_328' title='bbox 3142 4266 3222 4319; x_wconf 88' lang='lat' dir='ltr'>ea</span> <span class='ocrx_word' id='word_1_329' title='bbox 3275 4248 3488 4333; x_wconf 89' lang='lat' dir='ltr'>fama,</span> <span class='ocrx_word' id='word_1_330' title='bbox 3548 4266 3758 4336; x_wconf 84' lang='lat' dir='ltr'>quam</span> <span class='ocrx_word' id='word_1_331' title='bbox 3811 4244 4002 4317; x_wconf 79' lang='lat' dir='ltr'>brevi</span> 
     </span>
     <span class='ocr_line' id='line_1_32' title="bbox 923 4362 3998 4458; baseline -0.001 -21"><span class='ocrx_word' id='word_1_332' title='bbox 923 4362 1398 4456; x_wconf 77' lang='lat' dir='ltr'>„pernicibu8‚</span> <span class='ocrx_word' id='word_1_333' title='bbox 1454 4368 1535 4437; x_wconf 94' lang='lat' dir='ltr'>ut</span> <span class='ocrx_word' id='word_1_334' title='bbox 1588 4365 1817 4453; x_wconf 91' lang='lat' dir='ltr'>aiunt,</span> <span class='ocrx_word' id='word_1_335' title='bbox 1876 4366 2013 4438; x_wconf 90' lang='lat' dir='ltr'>alis</span> <span class='ocrx_word' id='word_1_336' title='bbox 2066 4368 2558 4439; x_wconf 88' lang='lat' dir='ltr'>transvolaret.</span> <span class='ocrx_word' id='word_1_337' title='bbox 2617 4366 2722 4439; x_wconf 84' lang='lat' dir='ltr'>Ea</span> <span class='ocrx_word' id='word_1_338' title='bbox 2775 4386 3052 4458; x_wconf 88' lang='lat' dir='ltr'>quoque</span> <span class='ocrx_word' id='word_1_339' title='bbox 3104 4387 3202 4454; x_wconf 91' lang='lat' dir='ltr'>re,</span> <span class='ocrx_word' id='word_1_340' title='bbox 3261 4386 3399 4457; x_wconf 90' lang='lat' dir='ltr'>qua</span> <span class='ocrx_word' id='word_1_341' title='bbox 3449 4364 3676 4437; x_wconf 91' lang='lat' dir='ltr'>solide</span> <span class='ocrx_word' id='word_1_342' title='bbox 3731 4364 3998 4437; x_wconf 89' lang='lat' dir='ltr'>Sereni-</span> 
     </span>
     <span class='ocr_line' id='line_1_33' title="bbox 923 4484 3998 4577; baseline -0.001 -20"><span class='ocrx_word' id='word_1_343' title='bbox 923 4487 1181 4572; x_wconf 90' lang='lat' dir='ltr'>„tatem</span> <span class='ocrx_word' id='word_1_344' title='bbox 1248 4489 1555 4556; x_wconf 87' lang='lat' dir='ltr'>vestram</span> <span class='ocrx_word' id='word_1_345' title='bbox 1619 4504 1965 4573; x_wconf 87' lang='lat' dir='ltr'>amamus,</span> <span class='ocrx_word' id='word_1_346' title='bbox 2040 4506 2121 4558; x_wconf 88' lang='lat' dir='ltr'>ac</span> <span class='ocrx_word' id='word_1_347' title='bbox 2184 4486 2441 4559; x_wconf 85' lang='lat' dir='ltr'>vestris</span> <span class='ocrx_word' id='word_1_348' title='bbox 2504 4484 2833 4558; x_wconf 88' lang='lat' dir='ltr'>laudibus</span> <span class='ocrx_word' id='word_1_349' title='bbox 2895 4484 3103 4557; x_wconf 87' lang='lat' dir='ltr'>annis</span> <span class='ocrx_word' id='word_1_350' title='bbox 3175 4486 3380 4577; x_wconf 86' lang='lat' dir='ltr'>longe</span> <span class='ocrx_word' id='word_1_351' title='bbox 3433 4484 3998 4557; x_wconf 87' lang='lat' dir='ltr'>antecedentibus</span> 
     </span>
     <span class='ocr_line' id='line_1_34' title="bbox 925 4601 3998 4697; baseline 0 -23"><span class='ocrx_word' id='word_1_352' title='bbox 925 4602 1506 4691; x_wconf 87' lang='lat' dir='ltr'>„delectabamur,</span> <span class='ocrx_word' id='word_1_353' title='bbox 1565 4601 1706 4676; x_wconf 82' lang='lat' dir='ltr'>iam</span> <span class='ocrx_word' id='word_1_354' title='bbox 1758 4609 1971 4695; x_wconf 90' lang='lat' dir='ltr'>atque</span> <span class='ocrx_word' id='word_1_355' title='bbox 2024 4604 2234 4677; x_wconf 86' lang='lat' dir='ltr'>etiam</span> <span class='ocrx_word' id='word_1_356' title='bbox 2287 4604 2708 4697; x_wconf 86' lang='lat' dir='ltr'>gaudemus,</span> <span class='ocrx_word' id='word_1_357' title='bbox 2764 4603 3303 4695; x_wconf 83' lang='lat' dir='ltr'>incredibilique</span> <span class='ocrx_word' id='word_1_358' title='bbox 3367 4603 3583 4675; x_wconf 90' lang='lat' dir='ltr'>animi</span> <span class='ocrx_word' id='word_1_359' title='bbox 3641 4604 3998 4694; x_wconf 77' lang='lat' dir='ltr'>voluptate</span> 
     </span>
     <span class='ocr_line' id='line_1_35' title="bbox 925 4720 3996 4815; baseline 0 -21"><span class='ocrx_word' id='word_1_360' title='bbox 925 4721 1334 4811; x_wconf 86' lang='lat' dir='ltr'>„afficimur.</span> <span class='ocrx_word' id='word_1_361' title='bbox 1392 4722 1833 4795; x_wconf 79' lang='lat' dir='ltr'>Suavissima</span> <span class='ocrx_word' id='word_1_362' title='bbox 1870 4727 1979 4796; x_wconf 90' lang='lat' dir='ltr'>est</span> <span class='ocrx_word' id='word_1_363' title='bbox 2014 4743 2178 4796; x_wconf 85' lang='lat' dir='ltr'>vero</span> <span class='ocrx_word' id='word_1_364' title='bbox 2232 4722 2360 4795; x_wconf 89' lang='lat' dir='ltr'>illa</span> <span class='ocrx_word' id='word_1_365' title='bbox 2397 4722 2482 4795; x_wconf 88' lang='lat' dir='ltr'>de</span> <span class='ocrx_word' id='word_1_366' title='bbox 2517 4722 2718 4796; x_wconf 82' lang='lat' dir='ltr'>vobis</span> <span class='ocrx_word' id='word_1_367' title='bbox 2755 4722 3116 4810; x_wconf 88' lang='lat' dir='ltr'>memoria,</span> <span class='ocrx_word' id='word_1_368' title='bbox 3158 4744 3335 4815; x_wconf 88' lang='lat' dir='ltr'>quae</span> <span class='ocrx_word' id='word_1_369' title='bbox 3373 4722 3604 4795; x_wconf 89' lang='lat' dir='ltr'>animo</span> <span class='ocrx_word' id='word_1_370' title='bbox 3642 4728 3880 4795; x_wconf 88' lang='lat' dir='ltr'>nostro</span> <span class='ocrx_word' id='word_1_371' title='bbox 3918 4720 3996 4809; x_wconf 84' lang='lat'>¹²)</span> 
     </span>
    </p>
   </div>
   <div class='ocr_carea' id='block_1_3' title="bbox 911 5040 3996 5537">
    <p class='ocr_par' dir='ltr' id='par_1_3' title="bbox 911 5040 3996 5537">
     <span class='ocr_line' id='line_1_36' title="bbox 1128 5040 3996 5128; baseline 0.001 -23"><span class='ocrx_word' id='word_1_372' title='bbox 1128 5042 1173 5123; x_wconf 92' lang='lat'>¹)</span> <span class='ocrx_word' id='word_1_373' title='bbox 1218 5044 1361 5105; x_wconf 86' lang='lat' dir='ltr'>mihi</span> <span class='ocrx_word' id='word_1_374' title='bbox 1430 5046 1773 5106; x_wconf 84' lang='lat' dir='ltr'>honorande</span> <span class='ocrx_word' id='word_1_375' title='bbox 1834 5040 1988 5108; x_wconf 73' lang='lat' dir='ltr'>cod.</span> <span class='ocrx_word' id='word_1_376' title='bbox 2033 5042 2251 5108; x_wconf 78' lang='lat' dir='ltr'>Przez.</span> <span class='ocrx_word' id='word_1_377' title='bbox 2323 5041 2379 5127; x_wconf 76' lang='lat'>⁹)</span> <span class='ocrx_word' id='word_1_378' title='bbox 2426 5046 2756 5107; x_wconf 86' lang='lat' dir='ltr'>onerandas</span> <span class='ocrx_word' id='word_1_379' title='bbox 2813 5042 2941 5109; x_wconf 80' lang='lat' dir='ltr'>Ed.</span> <span class='ocrx_word' id='word_1_380' title='bbox 2989 5042 3172 5128; x_wconf 64' lang='grc' dir='ltr'><em>Εὗρε.</em></span> <span class='ocrx_word' id='word_1_381' title='bbox 3242 5043 3297 5123; x_wconf 82' lang='lat'>³)</span> <span class='ocrx_word' id='word_1_382' title='bbox 3341 5046 3550 5105; x_wconf 84' lang='lat' dir='ltr'>literae</span> <span class='ocrx_word' id='word_1_383' title='bbox 3591 5050 3826 5107; x_wconf 85' lang='lat' dir='ltr'>vestrae</span> <span class='ocrx_word' id='word_1_384' title='bbox 3881 5040 3996 5109; x_wconf 78' lang='lat' dir='ltr'>Ed.</span> 
     </span>
     <span class='ocr_line' id='line_1_37' title="bbox 911 5142 3994 5230; baseline -0.001 -23"><span class='ocrx_word' id='word_1_385' title='bbox 911 5143 1094 5229; x_wconf 65' lang='grc' dir='ltr'><em>Εὗρε.</em></span> <span class='ocrx_word' id='word_1_386' title='bbox 1170 5143 1223 5223; x_wconf 79' lang='lat'>⁴¹)</span> <span class='ocrx_word' id='word_1_387' title='bbox 1273 5147 1515 5207; x_wconf 86' lang='lat' dir='ltr'>eaedem</span> <span class='ocrx_word' id='word_1_388' title='bbox 1558 5148 1663 5207; x_wconf 91' lang='lat' dir='ltr'>illa</span> <span class='ocrx_word' id='word_1_389' title='bbox 1704 5144 1831 5209; x_wconf 81' lang='lat' dir='ltr'>Ed.</span> <span class='ocrx_word' id='word_1_390' title='bbox 1878 5144 2059 5230; x_wconf 66' lang='grc' dir='ltr'><em>Εὗρε.</em></span> <span class='ocrx_word' id='word_1_391' title='bbox 2137 5146 2193 5225; x_wconf 74' lang='lat'>⁶)</span> <span class='ocrx_word' id='word_1_392' title='bbox 2237 5166 2391 5223; x_wconf 87' lang='lat' dir='ltr'>quae</span> <span class='ocrx_word' id='word_1_393' title='bbox 2447 5144 2599 5209; x_wconf 76' lang='lat' dir='ltr'>Ood.</span> <span class='ocrx_word' id='word_1_394' title='bbox 2650 5144 2784 5209; x_wconf 75' lang='lat' dir='ltr'>Lis.</span> <span class='ocrx_word' id='word_1_395' title='bbox 2853 5145 2907 5225; x_wconf 71' lang='grc' dir='ltr'>ο)</span> <span class='ocrx_word' id='word_1_396' title='bbox 2952 5166 3372 5223; x_wconf 85' lang='lat' dir='ltr'>nonnunquam</span> <span class='ocrx_word' id='word_1_397' title='bbox 3415 5148 3708 5225; x_wconf 85' lang='lat' dir='ltr'>reddunt,</span> <span class='ocrx_word' id='word_1_398' title='bbox 3755 5148 3839 5208; x_wconf 89' lang='lat' dir='ltr'>sic</span> <span class='ocrx_word' id='word_1_399' title='bbox 3879 5142 3994 5207; x_wconf 77' lang='lat' dir='ltr'>Ed.</span> 
     </span>
     <span class='ocr_line' id='line_1_38' title="bbox 915 5244 3992 5332; baseline 0 -25"><span class='ocrx_word' id='word_1_400' title='bbox 915 5244 1095 5329; x_wconf 61' lang='grc' dir='ltr'><em>Εὗρε.</em></span> <span class='ocrx_word' id='word_1_401' title='bbox 1174 5245 1225 5326; x_wconf 78' lang='lat'>⁷)</span> <span class='ocrx_word' id='word_1_402' title='bbox 1274 5266 1697 5325; x_wconf 81' lang='lat' dir='ltr'>cognoscamus</span> <span class='ocrx_word' id='word_1_403' title='bbox 1756 5244 1911 5311; x_wconf 76' lang='lat'><strong><em>0001.</em></strong></span> <span class='ocrx_word' id='word_1_404' title='bbox 1968 5246 2104 5313; x_wconf 76' lang='lat' dir='ltr'>Lis.</span> <span class='ocrx_word' id='word_1_405' title='bbox 2164 5251 2488 5326; x_wconf 85' lang='lat' dir='ltr'>cogitemus</span> <span class='ocrx_word' id='word_1_406' title='bbox 2531 5247 2659 5310; x_wconf 73' lang='lat' dir='ltr'>Ed.</span> <span class='ocrx_word' id='word_1_407' title='bbox 2714 5247 2897 5332; x_wconf 63' lang='grc' dir='ltr'><em>Εὗρε.</em></span> <span class='ocrx_word' id='word_1_408' title='bbox 2975 5245 3032 5331; x_wconf 76' lang='lat'>⁸)</span> <span class='ocrx_word' id='word_1_409' title='bbox 3077 5252 3180 5311; x_wconf 86' lang='lat' dir='ltr'>ubi</span> <span class='ocrx_word' id='word_1_410' title='bbox 3224 5246 3350 5311; x_wconf 72' lang='lat' dir='ltr'>Ed.</span> <span class='ocrx_word' id='word_1_411' title='bbox 3389 5246 3575 5331; x_wconf 71' lang='grc' dir='ltr'><em>Εὗρε.</em></span> <span class='ocrx_word' id='word_1_412' title='bbox 3655 5248 3708 5329; x_wconf 80' lang='lat'>⁹)</span> <span class='ocrx_word' id='word_1_413' title='bbox 3753 5251 3992 5310; x_wconf 76' lang='lat' dir='ltr'>incertae</span> 
     </span>
     <span class='ocr_line' id='line_1_39' title="bbox 915 5344 3987 5432; baseline 0 -22"><span class='ocrx_word' id='word_1_414' title='bbox 915 5347 1042 5411; x_wconf 78' lang='lat' dir='ltr'>Ed.</span> <span class='ocrx_word' id='word_1_415' title='bbox 1077 5346 1255 5432; x_wconf 64' lang='grc' dir='ltr'><em>Εὗρε.</em></span> <span class='ocrx_word' id='word_1_416' title='bbox 1333 5348 1413 5429; x_wconf 90' lang='lat'>¹⁰)</span> <span class='ocrx_word' id='word_1_417' title='bbox 1459 5352 1623 5412; x_wconf 89' lang='lat' dir='ltr'>Deus</span> <span class='ocrx_word' id='word_1_418' title='bbox 1669 5353 2036 5429; x_wconf 86' lang='lat' dir='ltr'>omnipotens</span> <span class='ocrx_word' id='word_1_419' title='bbox 2080 5352 2193 5413; x_wconf 85' lang='lat' dir='ltr'>hac</span> <span class='ocrx_word' id='word_1_420' title='bbox 2236 5358 2437 5413; x_wconf 85' lang='lat' dir='ltr'>vestra</span> <span class='ocrx_word' id='word_1_421' title='bbox 2481 5352 2732 5413; x_wconf 83' lang='lat' dir='ltr'>audacia</span> <span class='ocrx_word' id='word_1_422' title='bbox 2775 5353 2970 5413; x_wconf 83' lang='lat' dir='ltr'>effecit</span> <span class='ocrx_word' id='word_1_423' title='bbox 3013 5348 3170 5415; x_wconf 74' lang='lat' dir='ltr'>cod.</span> <span class='ocrx_word' id='word_1_424' title='bbox 3216 5349 3432 5415; x_wconf 77' lang='lat' dir='ltr'>Przez.</span> <span class='ocrx_word' id='word_1_425' title='bbox 3513 5350 3591 5429; x_wconf 90' lang='lat'>¹¹)</span> <span class='ocrx_word' id='word_1_426' title='bbox 3637 5358 3840 5429; x_wconf 81' lang='lat' dir='ltr'>gestae</span> <span class='ocrx_word' id='word_1_427' title='bbox 3879 5344 3987 5411; x_wconf 74' lang='lat' dir='ltr'>Ed.</span> 
     </span>
     <span class='ocr_line' id='line_1_40' title="bbox 915 5447 2107 5537; baseline 0 -24"><span class='ocrx_word' id='word_1_428' title='bbox 915 5448 1098 5536; x_wconf 65' lang='grc' dir='ltr'><em>Εὗρε.</em></span> <span class='ocrx_word' id='word_1_429' title='bbox 1154 5447 1233 5535; x_wconf 83' lang='lat'>¹²)</span> <span class='ocrx_word' id='word_1_430' title='bbox 1279 5453 1473 5513; x_wconf 89' lang='lat' dir='ltr'>animo</span> <span class='ocrx_word' id='word_1_431' title='bbox 1517 5458 1716 5514; x_wconf 86' lang='lat' dir='ltr'>vestro</span> <span class='ocrx_word' id='word_1_432' title='bbox 1760 5452 1887 5516; x_wconf 78' lang='lat' dir='ltr'>Ed.</span> <span class='ocrx_word' id='word_1_433' title='bbox 1929 5451 2107 5537; x_wconf 72' lang='grc' dir='ltr'><em>Εὗρε.</em></span> 
     </span>
    </p>
   </div>
  </div>
 </body>
</html>
