4342 6384
389 556 530 669 (Ᾰὴ
563 566 652 643 Β.
694 554 924 668 mid.)
1599 574 1830 644 meme
1879 574 2339 644 nuntiemus.
3382 556 3474 645 3‘1

379 778 581 867 haec,
641 798 816 869 quae
871 778 1262 867 nuntiatur,
1325 778 1674 852 exercitus
1730 778 1906 871 regii
1961 778 2150 851 lavet
2206 776 2338 851 tibi
2377 782 2621 871 caput,
2678 782 2749 851 et
2805 798 2941 851 non
2979 777 3177 869 prius
3224 800 3265 850 a
3302 798 3483 852 vana

381 898 734 989 opinione,
803 920 942 989 qua
1003 899 1296 991 gaudes,
1364 899 1702 972 desistere
1765 897 2094 990 incipias,
2171 899 2385 971 donec
2456 898 2851 991 intelligaS,
2918 898 3300 971 exercitum
3373 922 3479 971 re-

378 1018 570 1110 gium
626 1018 954 1091 civitates
1011 1022 1170 1091 tuas
1226 1018 1586 1111 irrupisse.
1662 1019 1930 1110 Quibus
1986 1018 2221 1091 verbis
2284 1018 2639 1110 Magister,
2685 1018 2855 1091 adeo
2917 1022 3148 1091 motus
3206 1024 3345 1109 est,
3402 1024 3485 1091 ut

380 1140 732 1231 extemplo
789 1160 926 1210 non
982 1138 1064 1211 de
1119 1139 1595 1231 persequendo
1651 1138 1874 1231 Rege,
1933 1136 2054 1210 sed
2109 1137 2197 1210 de
2250 1138 2701 1211 defendendis
2756 1137 3049 1211 urbibus
3107 1140 3481 1232 cogitaret:

380 1258 904 1350 exercitumque
961 1278 1164 1330 suum
1219 1280 1536 1347 movenS,
1595 1263 1664 1333 et
1719 1260 1806 1331 ad
1861 1261 2166 1331 castrum
2228 1259 2569 1331 Brathian
2623 1257 3070 1349 pervenienS,
3128 1256 3281 1331 illic
3341 1263 3482 1331 sta·

385 1378 534 1451 tiva
597 1378 830 1470 ponit,
897 1385 967 1452 et
1029 1379 1218 1451 intra
1281 1398 1514 1451 muros
1579 1378 1791 1451 castri
1866 1400 2023 1451 cum
2063 1378 2483 1472 ‘Hungariae
2536 1376 2915 1451 baronibus
2981 1396 3057 1450 se
3117 1378 3484 1470 recipienS,

379 1498 755 1571 duodecem
825 1504 1074 1590 pontes
1141 1520 1350 1591 super
1413 1500 1669 1572 flumen
1733 1500 2138 1587 Drwancza‚
2218 1498 2472 1590 quibus
2548 1498 2897 1572 exercitus
2972 1517 3141 1571 suus
3214 1498 3487 1571 traduci

377 1622 654 1709 posset,
711 1619 860 1691 fieri
918 1620 1216 1691 ordinat.
1291 1620 1382 1691 Et
1447 1619 1704 1692 exhinc
1767 1618 2076 1691 assiduis
2150 1618 2467 1707 stativiS,
2546 1618 2831 1691 secretis
2889 1622 3154 1708 tamen,
3220 1618 3307 1690 ad
3361 1620 3482 1689 ho-

379 1738 597 1809 stium
654 1742 884 1810 castra
947 1739 1048 1810 ire
1111 1738 1374 1831 pergit,
1441 1739 1852 1811 fiduciarum
1914 1740 2166 1830 plenus
2235 1745 2305 1812 et
2368 1739 2809 1811 adulatorum
2874 1738 3105 1811 rerbis
3171 1738 3483 1827 inflatus,

379 1857 846 1931 asserentium
903 1858 1038 1930 sibi
1097 1858 1404 1931 futuram
1461 1859 1980 1931 dimicationem
2035 1878 2159 1949 pro
2216 1862 2379 1930 voto
2436 1878 2812 1931 cessuram.

382 2221 774 2293 wladislaus
818 2222 957 2293 Rex
1017 2236 1159 2294 eum
1216 2222 1516 2294 Friezone
1577 2222 1938 2312 legatorum
1980 2221 2341 2312 ilungariae
2403 2222 2656 2310 nuntio,
2719 2226 2975 2295 secreto
3040 2224 3495 2313 expostulans,

383 2341 619 2430 Regem
665 2342 1138 2431 Sigimndum
1183 2342 1633 2415 bencflcwrum
1665 2352 1924 2413 suorum
1967 2342 2394 2414 immemorem
2438 2342 2753 2431 coarguit,
2802 2346 2871 2415 et
2919 2340 3275 2414 exercitum
3306 2360 3492 2414 suum

1235 2462 1652 2534 sacramente
1707 2460 2000 2553 (torporis
2043 2461 2349 2534 Dominici
2398 2464 2645 2553 expiat.

593 2702 722 2774 Die
779 2701 1144 2773 Dominico
1211 2702 1509 2774 Sanctae
1573 2702 2084 2795 Margarethae,
2151 2701 2527 2775 tredecima
2592 2699 2800 2790 Iulii,
2858 2700 3299 2774 wladislaus
3354 2703 3484 2774 Po-

385 2822 616 2894 loniao
671 2824 826 2895 Rex
881 2822 1251 2893 missarum
1309 2822 1646 2895 solenniis
1702 2822 1775 2893 in
1814 2822 1964 2895 loco
2021 2823 2405 2894 stationum
2455 2842 2736 2893 suarum
2792 2842 3005 2913 prope
3043 2821 3401 2893 Dzialdow
3432 2822 3487 2910 ¹)

389 2942 458 3014 in
497 2942 674 3014 villa
713 2942 1044 3015 Wissoka
1097 2942 1399 3029 exactis,
1457 2942 1704 3013 nuntio
1753 2941 2156 3035 Hungariae
2208 2942 2545 3015 baronum
2602 2940 2937 3014 Friczone
2992 2940 3083 3013 ad·
3117 2940 3487 3013 consilium

389 3068 730 3137 secretum
797 3062 1166 3150 accersito,
1239 3061 1313 3133 in
1379 3078 1528 3135 eam
1605 3060 2022 3135 sententiam
2094 3062 2485 3154 respondit:
2563 3060 2939 3153 Nunquam
3014 3060 3486 3150 credebamuS,

389 3185 671 3255 fratrem
727 3189 1042 3254 nostrum
1099 3181 1627 3274 Sigismundum
1682 3170 2085 3275 Hungariae
2140 3183 2403 3275 Regem
2477 3180 2561 3254 ad
2601 3199 2751 3255 eam
2807 3179 3272 3255 hostilitatem
3328 3201 3485 3255 con-

390 3309 500 3377 tra
555 3323 681 3376 nos
733 3324 1180 3395 prorumpere
1234 3303 1591 3390 debuisse,
1647 3308 1729 3375 ut
1782 3302 2062 3377 deberet
2091 3302 2153 3392 2)
2210 3324 2369 3391 neS,
2438 3302 2559 3395 qui
2614 3301 2726 3374 illi
2790 3323 2929 3373 non
2985 3301 3325 3394 sanguine
3380 3323 3487 3374 so-

388 3426 538 3496 lum
593 3427 664 3497 et
717 3423 1090 3511 affinitate,
1150 3422 1270 3495 sed
1325 3428 1396 3497 et
1451 3424 1720 3497 foedere
1775 3422 2000 3495 iuncti
2055 3444 2332 3513 sumus,
2400 3444 2524 3514 pro
2582 3422 2952 3496 cruciferis
3015 3422 3363 3512 diffidare,
3422 3428 3491 3495 et

391 3565 656 3616 sacram
712 3543 864 3615 auri
928 3543 1211 3631 famem,
1279 3544 1596 3635 neg-lecto
1660 3544 1836 3631 Dee,
1907 3544 2225 3636 neglecta
2290 3542 2599 3631 iustitia,
2676 3542 2815 3635 ipsi
2881 3542 3091 3614 etiam
3160 3542 3488 3636 sanguini

387 3684 830 3755 praeponere.
899 3663 1115 3735 Aliud
1155 3662 1500 3755 siquidem
1555 3663 1789 3751 nobiS,
1847 3662 2120 3735 nuntiis
2176 3667 2247 3735 et
2286 3662 2513 3735 literis
2550 3662 3113 3754 repromittebat,
3172 3682 3489 3735 asserens

391 3802 466 3855 sc
521 3783 708 3855 omni
765 3782 997 3853 studio
1053 3788 1123 3856 et
1177 3788 1462 3871 conatu,
1521 3788 1592 3857 et
1644 3783 2108 3874 personaliter
2161 3789 2233 3855 et
2286 3802 2411 3874 per
2455 3783 2774 3871 nuutioS‚
2831 3802 3067 3873 pacem
3124 3782 3311 3855 inter
3362 3803 3491 3853 nos

391 3910 462 3977 et
526 3903 913 3975 cruciferos
979 3903 1546 3993 practicaturum.
1621 3903 1768 3975 Nos
1836 3903 2182 3995 siquidem
2255 3904 2339 3975 de
2402 3902 2635 3975 verbis
2700 3903 2849 3975 suis
2914 3902 3128 3994 regiis
3204 3901 3488 3989 confisi,

389 4024 658 4115 legatos
725 4032 888 4093 suos
953 4021 1322 4095 Nicolaum
1396 4029 1466 4095 et
1521 4024 1906 4097 Stiborium
1971 4024 2044 4095 iu
2099 4025 2421 4116 Regnum
2476 4027 2795 4096 nostrum
2862 4023 3311 4096 advenientes
3368 4023 3485 4095 be-

388 4144 600 4235 nigne
653 4141 1063 4231 habuimuS‚
1122 4148 1192 4214 et
1247 4142 1318 4214 in
1375 4143 1732 4215 Prussiam
1789 4148 2266 4233 transeunteS,
2336 4145 2533 4216 velut
2587 4142 2781 4234 pacis
2838 4146 3284 4231 tractatoreS‚
3346 4142 3487 4213 sin-

389 4264 580 4355 gulis
635 4262 1048 4335 necessariis
1103 4262 1663 4353 procuravimus:
1740 4264 1997 4354 quibus
2053 4264 2376 4337 omnibus
2443 4273 2580 4335 non
2636 4282 2851 4354 aeque
2910 4262 3209 4351 sineere,
3268 4282 3491 4354 noque

389 4385 690 4455 humane
743 4383 1060 4455 videmus
1115 4382 1317 4455 nobis
1371 4402 1805 4475 responsum.
1881 4383 2328 4475 Experimur,
2388 4383 2570 4475 quod
2628 4384 2842 4455 frater
2908 4387 3147 4455 noster
3200 4384 3488 4475 Hunga·

389 4503 534 4575 riae
589 4503 743 4576 Rex
807 4502 1068 4594 reperit
1130 4507 1406 4594 tempus
1471 4508 1542 4575 et
1606 4502 2235 4595 opportunitatem,
2312 4503 2569 4595 quibus
2632 4506 2995 4595 grassetur
3058 4508 3299 4575 contra
3364 4522 3491 4575 uos

391 4628 462 4697 et
517 4624 835 4715 Regnum
890 4626 1230 4711 nostrum,
1287 4628 1498 4715 atque
1535 4624 1844 4696 dominia
1897 4624 2034 4697 sibi
2069 4630 2367 4715 usurpet
2396 4622 2493 4713 3);
2549 4624 2755 4717 longe
2796 4622 3063 4715 dispari
3118 4644 3244 4695 nos
3283 4622 3489 4694 illum

391 4744 466 4815 in
522 4764 646 4815 suo
701 4741 1054 4835 geminato
1109 4762 1275 4814 casu
1328 4744 1918 4836 prosequebamur
1971 4744 2338 4816 affectione
2394 4751 2464 4817 et
2518 4742 2892 4816 charitate:
2966 4742 3268 4834 primum
3326 4742 3489 4813 dum

393 4863 760 4934 conflictus
791 4864 854 4951 ⁴)
908 4882 1032 4953 per
1085 4863 1346 4935 Tui-cos
1401 4868 1618 4951 esset,
1687 4868 1758 4935 et
1811 4863 2153 4935 incertum
2212 4863 2580 4951 existeret,
2650 4866 2986 4953 captusne
3044 4863 3252 4949 foret,
3311 4879 3490 4933 mor-

393 4988 594 5071 tuuS,
652 4984 766 5055 vel
803 4982 1036 5054 vivus,
1093 4984 1274 5055 Item
1330 4982 1495 5053 dum
1533 4982 1734 5055 illum
1793 4983 2085 5055 barones
2126 4982 2238 5054 sui
2294 4982 2697 5075 Hungariae
2752 4984 3032 5073 captum
3087 4981 3163 5053 in
3200 4987 3491 5054 mortem

390 5104 898 5191 destinassent,
956 5123 1222 5194 nosque
1275 5102 1362 5173 ad
1415 5102 1724 5194 regimen
1779 5102 2010 5194 Regni
2067 5101 2475 5194 Hungariae
2530 5101 2978 5175 conformiter
3040 5101 3492 5194 delegissent,

613 5375 658 5449 ¹)
705 5376 946 5435 Zoldow
993 5370 1142 5437 Coa.
1181 5370 1355 5436 Cale.
1406 5373 1462 5455 ⁸)
1505 5382 1570 5435 ut
1614 5374 1826 5435 debeat
1875 5370 2025 5438 Cod.
2072 5372 2264 5438 Rozr.
2314 5374 2367 5455 ³)
2413 5380 2723 5452 usurparet
2772 5370 2922 5438 Cocl.
2956 5372 3147 5437 Rozr.
3198 5372 3251 5454 4)
3300 5376 3494 5451 profli-

393 5486 575 5557 gatus
623 5473 776 5539 Cocl.
822 5475 1013 5541 Rozr.
