4342 6384
894 592 1045 670 218
2080 613 2308 671 mum
2359 613 2814 670 nnn-somus.
3448 589 3580 693 (Α.
3621 592 3714 667 D.
3753 587 3987 691 1418.)

892 804 1363 878 Romanorum
1416 806 1487 876 et
1538 801 1945 896 Hungariae
1998 801 2294 895 Regem,
2351 802 2738 893 potentiam
2793 804 2866 873 et
2918 799 3358 892 tyrannidem
3405 800 3794 873 Alexandri
3833 799 3985 874 Wi-

890 923 1153 995 thawdi
1215 922 1744 1014 pertimescenS,
1809 921 2107 1014 benigne
2146 923 2200 1011 ¹)
2255 943 2298 995 a
2353 921 2801 1015 Sigismundo
2867 921 3058 1013 Rege
3124 923 3490 1012 exceptae,
3556 920 3844 993 habitus
3922 923 3990 992 et

892 1046 1237 1115 tractatus
1267 1040 1354 1131 ²),
1410 1041 1716 1135 diffugit.
2006 1053 2011 1056 ’

1248 1393 1577 1466 seditione
1622 1393 1829 1483 plebis
1872 1393 2436 1466 wratislaviensis
2479 1411 2602 1464 sex
2644 1392 2950 1466 contulo:
2992 1393 3211 1482 capito
3253 1392 3648 1482 plectuntur.

1101 1640 1387 1714 Decima
1449 1661 1631 1712 nona
1692 1639 1900 1729 Iulii,
1968 1640 2430 1714 communitas
2494 1640 2755 1715 civium
2810 1637 3509 1713 Wratislaviensium
3554 1638 3692 1711 iam
3730 1637 3992 1710 dudum

895 1760 972 1833 in
1024 1760 1351 1833 consules
1416 1759 1618 1853 gravi
1681 1759 2061 1833 offensione
2122 1759 2336 1849 irata,
2402 1760 2477 1832 in
2532 1759 2988 1852 praetorium,
3055 1757 3360 1831 effractis
3433 1757 3673 1845 ostiiS,
3736 1757 3990 1830 irrum-

897 1901 1103 1972 pens,
1170 1901 1295 1953 sex
1359 1880 1717 1968 consuleS,
1792 1878 2125 1952 videlicet
2187 1880 2569 1952 Iohannem
2635 1880 2811 1968 Sax,
2885 1878 3270 1951 Henricum
3335 1878 3701 1965 Schmeth‚
3776 1878 3994 1968 Frey·

896 1999 1062 2072 belk
1092 1997 1179 2089 ³),
1236 1998 1637 2072 Nicolaum·
1664 1999 2115 2091 Feystenlirk
2144 1999 2233 2088 ⁴),
2291 1999 2671 2072 Iohannem
2730 1998 2940 2071 Stille
2995 2001 3066 2071 et
3102 1997 3474 2070 Nicolaum
3529 1997 3994 2083 Neumarkth,

899 2119 1101 2191 nulla
1135 2117 1504 2192 iudiciaria
1540 2117 1999 2209 inquisitione
2032 2117 2422 2209 praemissa
2455 2117 2842 2210 decapitat,
2883 2121 2954 2189 et
2991 2117 3375 2190 Iohannem
3410 2115 3752 2209 Megerlin
3777 2137 3998 2188 unum

901 2259 990 2310 ex
1046 2237 1574 2324 communitate,
1631 2239 1817 2329 quod
1870 2237 2075 2310 illum
2130 2258 2288 2309 cum
2344 2236 2755 2309 consulibus
2787 2237 2848 2325 5)
2905 2235 3208 2309 sensisse
3274 2241 3594 2321 noverat,
3664 2256 3751 2308 ex
3818 2233 4000 2306 turri

901 2357 1235 2450 praetorii
1287 2357 1735 2449 praecipitat3
1792 2379 1872 2430 ca
1925 2355 2138 2429 etiam
2176 2356 2542 2448 tyrannide
2587 2357 2660 2429 in
2699 2355 3021 2428 consules
3074 2361 3234 2443 usa,
3289 2360 3370 2427 ut
3409 2355 3748 2446 spoliatos
3797 2353 3994 2440 illos,

902 2476 1229 2568 omnique
1284 2476 1543 2549 amictu
1598 2477 1855 2563 nudoS,
1914 2474 2262 2567 colloquio
2302 2475 2514 2549 etiam
2550 2497 2849 2548 uxorum
2886 2481 2954 2548 et
2991 2475 3570 2562 necessariorum,
3629 2475 3814 2566 quod
3871 2473 3995 2545 fla-

899 2594 1255 2688 gitabant,
1312 2595 1715 2684 interdicto,
1772 2596 1859 2666 ad
1916 2594 2344 2686 supplicium
2396 2595 2556 2668 duci
2585 2596 2648 2684 6)
2703 2594 2777 2667 in
2813 2593 3040 2666 maius
3072 2595 3132 2682 ⁷)
3189 2614 3424 2666 eorum
3480 2592 3780 2666 dedecus
3831 2613 3990 2665 cen-

903 2718 1170 2788 suerat:
1230 2716 1315 2787 ob
1367 2717 1497 2788 hoc
1524 2714 1613 2804 ⁸),
1668 2718 1753 2787 ut
1805 2713 2174 2802 asseritur,
2232 2713 2306 2786 in
2359 2714 2680 2788 consules
2730 2715 3060 2800 fremens,
3120 2714 3303 2804 quod
3343 2713 3827 2804 frequentibus
3867 2711 4000 2783 tri-

902 2835 1096 2907 butis
1152 2839 1223 2907 et
1276 2833 1790 2922 exactionibus,
1847 2835 1933 2906 de
1988 2833 2244 2924 quibus
2279 2833 2625 2906 rationem
2661 2854 2800 2905 non
2837 2833 3246 2920 reddebant,
3305 2851 3455 2904 eam
3503 2830 4006 2923 multipliciter

905 2957 1391 3046 gravaverant.

826 3251 837 3260 ι
908 3302 1300 3375 wladislaus
1342 3302 1483 3374 Rex
1526 3319 1566 3374 a
1609 3302 1882 3375 lartino
1925 3302 2095 3392 Papa
2140 3303 2314 3391 petit
2356 3302 2704 3374 Iohannem
2746 3301 3159 3391 Falkomborg
3201 3318 3343 3373 cnm
3373 3317 3491 3372 sno
3520 3301 3745 3373 iuraui
3775 3303 4004 3375 libello

908 3422 1189 3495 comburi
1200 3441 1218 3509 ;
1265 3425 1337 3494 ot
1376 3423 1643 3495 tratrem
1687 3440 1871 3495 :nm
1916 3422 2245 3512 svitrigal
2275 3422 2642 3494 Withavdo
2683 3422 3171 3494 reconciliatum
3197 3423 3266 3493 in
3297 3421 3700 3494 Lithuaniam
3729 3421 4013 3494 reducit.

1117 3667 1480 3741 Dominico
1536 3669 1679 3757 die,
1738 3668 1811 3740 in
1866 3667 2117 3762 vigilia
2169 3667 2414 3741 Sancti
2465 3666 2706 3740 Iacobi
2759 3667 3116 3758 Apostoli,
3175 3666 3611 3740 wladislaus
3665 3667 4016 3740 Poloniae

912 3788 1068 3861 Rex
1123 3786 1521 3859 Lanciciam
1584 3787 1997 3879 perveniens
2062 3793 2133 3860 et
2187 3808 2344 3859 cum
2406 3786 2754 3860 Praelatis
2811 3789 2882 3858 et
2933 3786 3312 3859 baronibus
3374 3785 3603 3880 Regni
3669 3786 3784 3858 sui
3842 3807 4012 3859 con-

914 3910 1201 3980 ventum
1270 3926 1515 3998 agene,
1591 3927 1798 3999 super
1868 3907 2113 3980 libello
2183 3906 2522 3978 Iohannis
2587 3905 3080 3998 Falkemberg,
3155 3909 3464 3997 satyram
3519 3909 3590 3976 et
3644 3903 4018 3978 infamiam

916 4047 1114 4098 suam
1170 4030 1240 4097 et
1293 4025 1519 4117 Regni
1574 4026 1687 4098 sui
1740 4026 2242 4114 continentem,
2301 4030 2371 4098 et
2425 4026 2714 4098 authore
2768 4025 2953 4112 eius,
3011 4025 3180 4117 quid
3235 4023 3538 4116 amplius
3593 4025 3787 4096 factu
3829 4045 4018 4116 opus

918 4144 1044 4232 sit,
1102 4142 1465 4216 deliberat.
1534 4145 1625 4216 Et
1676 4150 1837 4236 post
1891 4146 2123 4218 varias
2180 4144 2716 4217 deliberationes
2771 4144 3074 4217 Martino
3127 4145 3359 4236 Papae
3416 4143 3693 4232 scribit,
3749 4163 4021 4236 rogans

918 4269 989 4335 et
1024 4261 1385 4353 requirens
1422 4262 1659 4354 illum,
1716 4268 2060 4354 quatenus
2097 4265 2482 4336 Iohannem
2519 4263 2984 4356 Falkemberg
3036 4262 3460 4337 universalis
3518 4263 3786 4354 Synodi
3833 4263 4021 4336 Con-

921 4381 1335 4455 stantiensis
1384 4382 1731 4455 sententia
1776 4383 2213 4472 damnatum,
2280 4382 2621 4455 saeculari
2681 4382 3086 4474 relinquens
3139 4381 3506 4473 potestati,
3564 4381 4027 4454 cremandum

920 4501 1126 4574 illum
1180 4520 1337 4572 cum
1393 4522 1519 4572 sua
1572 4505 1807 4593 satyra
1870 4502 2153 4594 ignibus
2218 4503 2640 4574 decerneret.
2715 4503 2910 4593 Papa
2963 4507 3195 4574 autem
3251 4499 3598 4573 Martinus
3661 4522 3800 4572 non
3859 4502 4028 4595 igni

920 4619 1200 4712 quidem
1252 4619 1601 4692 hominem
1657 4622 2064 4709 scelestum,
2122 4621 2242 4693 sed
2297 4619 2618 4712 squalido
2674 4620 2966 4708 carceri,
3023 4619 3184 4712 igne
3241 4619 3681 4708 terribiliori,
3740 4619 3816 4690 in
3877 4643 4030 4712 quo

921 4739 1252 4811 diuturno
1279 4739 1628 4812 cruciatus
1655 4742 1981 4832 pertulit,
2022 4740 2321 4813 addixit.
2361 4738 2589 4811 Mittit
2624 4738 2911 4831 insuper
2949 4759 3036 4812 ex
3072 4738 3512 4812 Lanciciensi
3549 4738 3782 4812 diaeta
3809 4739 4030 4812 Wla-

922 4858 1191 4932 dislaus
1247 4859 1403 4931 Rex
1457 4858 1797 4932 Mathiam
1850 4861 1931 4933 de
1979 4859 2359 4932 Labischin
2412 4858 2804 4951 palatinum
2860 4860 3377 4947 Brzestensem,
3433 4859 3725 4930 Petrum
3763 4858 4034 4932 Schaf-

1140 5145 1187 5228 ¹)
1230 5150 1331 5210 ubi
1374 5145 1631 5226 benigne
1678 5144 1828 5211 God.
1872 5145 2063 5209 Rozr.
2127 5145 2180 5226 ⁹)
2227 5153 2510 5209 tractatus
2555 5154 2646 5208 est
2693 5143 2843 5209 cod.
2890 5143 3082 5209 Rozr.
3147 5145 3200 5225 ³)
3243 5146 3557 5230 Freibelclr
3619 5141 3770 5207 0001.
3831 5144 4040 5211 Koet.

928 5247 1282 5329 (Freiberg).
1330 5249 1387 5331 ⁴)
1430 5251 1821 5328 Feysteylerk
1876 5245 2025 5316 God.
2071 5247 2250 5310 Kost.
2295 5249 2672 5328 (Feustling).
2722 5247 2773 5327 ⁵)
2805 5267 2938 5310 cnm
2969 5249 3381 5310 communitate
3409 5243 3535 5310 Ed.
3569 5245 3748 5329 Lipe.
3782 5245 3844 5328 ⁸)
3875 5251 4046 5315 dare

933 5346 1082 5413 Cod.
1134 5345 1308 5413 Calv-
1359 5349 1409 5428 ⁷)
1456 5352 1517 5412 in
1561 5370 1837 5429 magnum
1893 5348 2045 5414 eod.
2092 5348 2285 5414 Rozr.
2335 5350 2390 5432 8)
2433 5354 2509 5413 ob
2553 5352 2666 5414 hoc
2710 5353 2900 5430 ipsum
2957 5349 3108 5413 cod.
3156 5347 3348 5412 Rozr.
