<?xml version="1.0" encoding="UTF-8"?>
<!DOCTYPE html PUBLIC "-//W3C//DTD XHTML 1.0 Transitional//EN"
    "http://www.w3.org/TR/xhtml1/DTD/xhtml1-transitional.dtd">
<html xmlns="http://www.w3.org/1999/xhtml" xml:lang="en" lang="en">
 <head>
  <title>
</title>
<meta http-equiv="Content-Type" content="text/html;charset=utf-8" />
  <meta name='ocr-system' content='tesseract 3.04.00' />
  <meta name='ocr-capabilities' content='ocr_page ocr_carea ocr_par ocr_line ocrx_word'/>
</head>
<body>
  <div class='ocr_page' id='page_1' title='image "./dzieawszystkie00unkngoog_0313.png"; bbox 0 0 4342 6384; ppageno 0'>
   <div class='ocr_carea' id='block_1_1' title="bbox 839 548 3935 653">
    <p class='ocr_par' dir='ltr' id='par_1_1' title="bbox 839 548 3935 653">
     <span class='ocr_line' id='line_1_1' title="bbox 839 548 3935 653; baseline 0.002 -30"><span class='ocrx_word' id='word_1_1' title='bbox 839 548 992 623; x_wconf 82' lang='lat'><strong>302</strong></span> <span class='ocrx_word' id='word_1_2' title='bbox 2046 571 2274 627; x_wconf 70' lang='lat' dir='ltr'><strong>menn</strong></span> <span class='ocrx_word' id='word_1_3' title='bbox 2324 572 2788 626; x_wconf 67' lang='lat' dir='ltr'><strong>monemus.</strong></span> <span class='ocrx_word' id='word_1_4' title='bbox 3371 552 3504 653; x_wconf 90' lang='grc' dir='ltr'><strong>(Α.</strong></span> <span class='ocrx_word' id='word_1_5' title='bbox 3544 552 3637 627; x_wconf 90' lang='lat' dir='ltr'><strong>D.</strong></span> <span class='ocrx_word' id='word_1_6' title='bbox 3678 552 3935 653; x_wconf 75' lang='lat'><strong>1⁴22.)</strong></span> 
     </span>
    </p>
   </div>
   <div class='ocr_carea' id='block_1_2' title="bbox 836 754 3939 2521">
    <p class='ocr_par' dir='ltr' id='par_1_2' title="bbox 836 754 3939 2521">
     <span class='ocr_line' id='line_1_2' title="bbox 837 754 3931 852; baseline 0.002 -27"><span class='ocrx_word' id='word_1_7' title='bbox 837 757 1036 844; x_wconf 89' lang='lat' dir='ltr'><strong>tunc,</strong></span> <span class='ocrx_word' id='word_1_8' title='bbox 1093 757 1466 846; x_wconf 76' lang='lat' dir='ltr'><strong>postquam</strong></span> <span class='ocrx_word' id='word_1_9' title='bbox 1527 754 1710 828; x_wconf 87' lang='lat' dir='ltr'>nihil</span> <span class='ocrx_word' id='word_1_10' title='bbox 1773 761 2205 848; x_wconf 79' lang='lat' dir='ltr'><strong>superesset,</strong></span> <span class='ocrx_word' id='word_1_11' title='bbox 2272 778 2463 832; x_wconf 86' lang='lat' dir='ltr'><strong>arma</strong></span> <span class='ocrx_word' id='word_1_12' title='bbox 2526 757 2851 847; x_wconf 89' lang='lat' dir='ltr'><strong>formido,</strong></span> <span class='ocrx_word' id='word_1_13' title='bbox 2926 762 2998 831; x_wconf 89' lang='lat' dir='ltr'><strong>et</strong></span> <span class='ocrx_word' id='word_1_14' title='bbox 3059 779 3305 832; x_wconf 91' lang='lat' dir='ltr'><strong>nemus</strong></span> <span class='ocrx_word' id='word_1_15' title='bbox 3370 758 3772 852; x_wconf 88' lang='lat' dir='ltr'><strong>proximum</strong></span> <span class='ocrx_word' id='word_1_16' title='bbox 3823 760 3931 832; x_wconf 90' lang='lat' dir='ltr'><strong>in-</strong></span> 
     </span>
     <span class='ocr_line' id='line_1_3' title="bbox 836 872 3935 970; baseline 0.002 -23"><span class='ocrx_word' id='word_1_17' title='bbox 836 872 1096 967; x_wconf 87' lang='lat' dir='ltr'><strong>gressi,</strong></span> <span class='ocrx_word' id='word_1_18' title='bbox 1155 873 1363 966; x_wconf 83' lang='lat' dir='ltr'><strong>equis</strong></span> <span class='ocrx_word' id='word_1_19' title='bbox 1408 874 1778 965; x_wconf 81' lang='lat' dir='ltr'><strong>desiliunt,</strong></span> <span class='ocrx_word' id='word_1_20' title='bbox 1835 875 2154 964; x_wconf 81' lang='lat' dir='ltr'><strong>faciliuS,</strong></span> <span class='ocrx_word' id='word_1_21' title='bbox 2212 880 2296 953; x_wconf 86' lang='lat' dir='ltr'><strong>ut</strong></span> <span class='ocrx_word' id='word_1_22' title='bbox 2350 881 2459 949; x_wconf 88' lang='lat' dir='ltr'><strong>est</strong></span> <span class='ocrx_word' id='word_1_23' title='bbox 2509 881 2764 949; x_wconf 89' lang='lat' dir='ltr'><strong>natura</strong></span> <span class='ocrx_word' id='word_1_24' title='bbox 2818 882 2887 949; x_wconf 93' lang='lat' dir='ltr'><strong>et</strong></span> <span class='ocrx_word' id='word_1_25' title='bbox 2940 898 3089 950; x_wconf 89' lang='lat' dir='ltr'><strong>mos</strong></span> <span class='ocrx_word' id='word_1_26' title='bbox 3143 878 3407 970; x_wconf 89' lang='lat' dir='ltr'><strong>gentis,</strong></span> <span class='ocrx_word' id='word_1_27' title='bbox 3466 878 3638 951; x_wconf 88' lang='lat' dir='ltr'><strong>tecti</strong></span> <span class='ocrx_word' id='word_1_28' title='bbox 3694 880 3935 952; x_wconf 82' lang='lat' dir='ltr'><strong>fronde</strong></span> 
     </span>
     <span class='ocr_line' id='line_1_4' title="bbox 837 993 3935 1086; baseline 0.001 -21"><span class='ocrx_word' id='word_1_29' title='bbox 837 998 908 1065; x_wconf 91' lang='lat' dir='ltr'><strong>et</strong></span> <span class='ocrx_word' id='word_1_30' title='bbox 962 993 1186 1086; x_wconf 86' lang='lat' dir='ltr'><strong>ligne,</strong></span> <span class='ocrx_word' id='word_1_31' title='bbox 1243 995 1602 1085; x_wconf 80' lang='lat' dir='ltr'><strong>pedestres</strong></span> <span class='ocrx_word' id='word_1_32' title='bbox 1657 996 2016 1068; x_wconf 79' lang='lat' dir='ltr'><strong>certaturi.</strong></span> <span class='ocrx_word' id='word_1_33' title='bbox 2075 994 2409 1069; x_wconf 80' lang='lat' dir='ltr'><strong>Cruciferi</strong></span> <span class='ocrx_word' id='word_1_34' title='bbox 2462 996 2602 1068; x_wconf 88' lang='lat' dir='ltr'><strong>rati</strong></span> <span class='ocrx_word' id='word_1_35' title='bbox 2637 996 2985 1070; x_wconf 87' lang='lat' dir='ltr'><strong>Valachos</strong></span> <span class='ocrx_word' id='word_1_36' title='bbox 3042 1002 3300 1071; x_wconf 84' lang='lat' dir='ltr'><strong>certam</strong></span> <span class='ocrx_word' id='word_1_37' title='bbox 3353 1018 3491 1069; x_wconf 91' lang='lat' dir='ltr'><strong>non</strong></span> <span class='ocrx_word' id='word_1_38' title='bbox 3529 998 3935 1069; x_wconf 81' lang='lat' dir='ltr'><strong>simulatam</strong></span> 
     </span>
     <span class='ocr_line' id='line_1_5' title="bbox 837 1113 3937 1207; baseline 0.001 -23"><span class='ocrx_word' id='word_1_39' title='bbox 837 1114 1074 1206; x_wconf 83' lang='lat' dir='ltr'><strong>fugam</strong></span> <span class='ocrx_word' id='word_1_40' title='bbox 1156 1113 1542 1205; x_wconf 80' lang='lat' dir='ltr'><strong>capessisse</strong></span> <span class='ocrx_word' id='word_1_41' title='bbox 1614 1118 1683 1187; x_wconf 91' lang='lat' dir='ltr'><strong>et</strong></span> <span class='ocrx_word' id='word_1_42' title='bbox 1742 1114 2106 1187; x_wconf 89' lang='lat' dir='ltr'><strong>latitatum</strong></span> <span class='ocrx_word' id='word_1_43' title='bbox 2186 1114 2405 1189; x_wconf 86' lang='lat' dir='ltr'><strong>silvas</strong></span> <span class='ocrx_word' id='word_1_44' title='bbox 2470 1114 2761 1203; x_wconf 88' lang='lat' dir='ltr'><strong>abiisse,</strong></span> <span class='ocrx_word' id='word_1_45' title='bbox 2827 1116 3172 1205; x_wconf 79' lang='lat' dir='ltr'><strong>velociuS,</strong></span> <span class='ocrx_word' id='word_1_46' title='bbox 3249 1136 3385 1207; x_wconf 90' lang='lat' dir='ltr'><strong>quo</strong></span> <span class='ocrx_word' id='word_1_47' title='bbox 3450 1120 3785 1207; x_wconf 88' lang='lat' dir='ltr'><strong>possunt,</strong></span> <span class='ocrx_word' id='word_1_48' title='bbox 3850 1117 3937 1188; x_wconf 85' lang='lat' dir='ltr'><strong>ad</strong></span> 
     </span>
     <span class='ocr_line' id='line_1_6' title="bbox 838 1232 3939 1328; baseline 0.001 -25"><span class='ocrx_word' id='word_1_49' title='bbox 838 1252 1084 1304; x_wconf 90' lang='lat' dir='ltr'><strong>nemus</strong></span> <span class='ocrx_word' id='word_1_50' title='bbox 1147 1232 1609 1321; x_wconf 88' lang='lat' dir='ltr'><strong>contendunt,</strong></span> <span class='ocrx_word' id='word_1_51' title='bbox 1667 1236 1738 1305; x_wconf 91' lang='lat' dir='ltr'><strong>et</strong></span> <span class='ocrx_word' id='word_1_52' title='bbox 1792 1233 1865 1305; x_wconf 92' lang='lat' dir='ltr'><strong>in</strong></span> <span class='ocrx_word' id='word_1_53' title='bbox 1920 1234 2421 1322; x_wconf 86' lang='lat' dir='ltr'><strong>Valachorum,</strong></span> <span class='ocrx_word' id='word_1_54' title='bbox 2481 1234 2969 1307; x_wconf 78' lang='lat' dir='ltr'><strong>existimantes</strong></span> <span class='ocrx_word' id='word_1_55' title='bbox 3008 1236 3063 1324; x_wconf 81' lang='grc'><strong>1)</strong></span> <span class='ocrx_word' id='word_1_56' title='bbox 3116 1256 3264 1307; x_wconf 90' lang='lat' dir='ltr'><strong>rem</strong></span> <span class='ocrx_word' id='word_1_57' title='bbox 3325 1235 3596 1307; x_wconf 90' lang='lat' dir='ltr'><strong>nullius</strong></span> <span class='ocrx_word' id='word_1_58' title='bbox 3670 1236 3939 1328; x_wconf 89' lang='lat' dir='ltr'><strong>negotii</strong></span> 
     </span>
     <span class='ocr_line' id='line_1_7' title="bbox 837 1350 3935 1445; baseline 0.001 -22"><span class='ocrx_word' id='word_1_59' title='bbox 837 1350 1014 1440; x_wconf 83' lang='lat' dir='ltr'><strong>fore,</strong></span> <span class='ocrx_word' id='word_1_60' title='bbox 1083 1355 1473 1440; x_wconf 80' lang='lat' dir='ltr'><strong>armantur,</strong></span> <span class='ocrx_word' id='word_1_61' title='bbox 1541 1372 1699 1425; x_wconf 89' lang='lat' dir='ltr'><strong>cum</strong></span> <span class='ocrx_word' id='word_1_62' title='bbox 1763 1358 1833 1425; x_wconf 92' lang='lat' dir='ltr'><strong>et</strong></span> <span class='ocrx_word' id='word_1_63' title='bbox 1895 1353 2134 1443; x_wconf 89' lang='lat' dir='ltr'><strong>plures</strong></span> <span class='ocrx_word' id='word_1_64' title='bbox 2164 1350 2228 1442; x_wconf 75' lang='lat'><strong>²)</strong></span> <span class='ocrx_word' id='word_1_65' title='bbox 2294 1372 2533 1429; x_wconf 90' lang='lat' dir='ltr'><strong>eorum</strong></span> <span class='ocrx_word' id='word_1_66' title='bbox 2598 1373 2687 1426; x_wconf 89' lang='lat' dir='ltr'><strong>ex</strong></span> <span class='ocrx_word' id='word_1_67' title='bbox 2752 1352 2950 1442; x_wconf 89' lang='lat' dir='ltr'><strong>equis</strong></span> <span class='ocrx_word' id='word_1_68' title='bbox 3015 1352 3479 1443; x_wconf 85' lang='lat' dir='ltr'><strong>desiliissent,</strong></span> <span class='ocrx_word' id='word_1_69' title='bbox 3546 1358 3935 1445; x_wconf 86' lang='lat' dir='ltr'><strong>capturam.</strong></span> 
     </span>
     <span class='ocr_line' id='line_1_8' title="bbox 841 1471 3935 1565; baseline 0 -22"><span class='ocrx_word' id='word_1_70' title='bbox 841 1472 1103 1544; x_wconf 91' lang='lat' dir='ltr'><strong>Verum</strong></span> <span class='ocrx_word' id='word_1_71' title='bbox 1154 1471 1451 1543; x_wconf 86' lang='lat' dir='ltr'><strong>Valachi</strong></span> <span class='ocrx_word' id='word_1_72' title='bbox 1506 1471 1842 1544; x_wconf 88' lang='lat' dir='ltr'><strong>vibrando</strong></span> <span class='ocrx_word' id='word_1_73' title='bbox 1899 1472 1972 1544; x_wconf 92' lang='lat' dir='ltr'><strong>in</strong></span> <span class='ocrx_word' id='word_1_74' title='bbox 2026 1472 2268 1544; x_wconf 89' lang='lat' dir='ltr'><strong>hostes</strong></span> <span class='ocrx_word' id='word_1_75' title='bbox 2324 1473 2500 1560; x_wconf 90' lang='lat' dir='ltr'><strong>tela,</strong></span> <span class='ocrx_word' id='word_1_76' title='bbox 2558 1472 2701 1543; x_wconf 91' lang='lat' dir='ltr'><strong>tnti</strong></span> <span class='ocrx_word' id='word_1_77' title='bbox 2754 1471 2894 1564; x_wconf 90' lang='lat' dir='ltr'><strong>ipsi</strong></span> <span class='ocrx_word' id='word_1_78' title='bbox 2950 1492 2991 1543; x_wconf 88' lang='lat' dir='ltr'><strong>a</strong></span> <span class='ocrx_word' id='word_1_79' title='bbox 3027 1471 3224 1561; x_wconf 89' lang='lat' dir='ltr'><strong>telis,</strong></span> <span class='ocrx_word' id='word_1_80' title='bbox 3281 1494 3420 1544; x_wconf 92' lang='lat' dir='ltr'><strong>non</strong></span> <span class='ocrx_word' id='word_1_81' title='bbox 3469 1493 3669 1545; x_wconf 89' lang='lat' dir='ltr'><strong>secus</strong></span> <span class='ocrx_word' id='word_1_82' title='bbox 3728 1494 3935 1565; x_wconf 86' lang='lat' dir='ltr'><strong>quam</strong></span> 
     </span>
     <span class='ocr_line' id='line_1_9' title="bbox 839 1588 3933 1684; baseline 0.001 -22"><span class='ocrx_word' id='word_1_83' title='bbox 839 1588 1131 1663; x_wconf 87' lang='lat' dir='ltr'><strong>imbrem</strong></span> <span class='ocrx_word' id='word_1_84' title='bbox 1185 1590 1509 1679; x_wconf 88' lang='lat' dir='ltr'><strong>mittunt,</strong></span> <span class='ocrx_word' id='word_1_85' title='bbox 1568 1595 1640 1665; x_wconf 91' lang='lat' dir='ltr'><strong>et</strong></span> <span class='ocrx_word' id='word_1_86' title='bbox 1691 1595 1836 1663; x_wconf 89' lang='lat' dir='ltr'><strong>tam</strong></span> <span class='ocrx_word' id='word_1_87' title='bbox 1874 1591 2275 1664; x_wconf 89' lang='lat' dir='ltr'><strong>hominibus</strong></span> <span class='ocrx_word' id='word_1_88' title='bbox 2332 1612 2540 1684; x_wconf 89' lang='lat' dir='ltr'><strong>qnam</strong></span> <span class='ocrx_word' id='word_1_89' title='bbox 2578 1590 2811 1681; x_wconf 89' lang='lat' dir='ltr'><strong>equis,</strong></span> <span class='ocrx_word' id='word_1_90' title='bbox 2869 1591 3220 1682; x_wconf 81' lang='lat' dir='ltr'><strong>frequenti</strong></span> <span class='ocrx_word' id='word_1_91' title='bbox 3272 1592 3701 1683; x_wconf 85' lang='lat' dir='ltr'><strong>proiectione</strong></span> <span class='ocrx_word' id='word_1_92' title='bbox 3758 1592 3933 1665; x_wconf 90' lang='lat' dir='ltr'><strong>telo-</strong></span> 
     </span>
     <span class='ocr_line' id='line_1_10' title="bbox 838 1709 3936 1803; baseline -0.001 -20"><span class='ocrx_word' id='word_1_93' title='bbox 838 1732 995 1795; x_wconf 82' lang='lat' dir='ltr'><strong>rum</strong></span> <span class='ocrx_word' id='word_1_94' title='bbox 1049 1710 1474 1800; x_wconf 81' lang='lat' dir='ltr'><strong>vulneratis,</strong></span> <span class='ocrx_word' id='word_1_95' title='bbox 1531 1711 1772 1803; x_wconf 87' lang='lat' dir='ltr'><strong>plures</strong></span> <span class='ocrx_word' id='word_1_96' title='bbox 1828 1709 2039 1783; x_wconf 89' lang='lat' dir='ltr'><strong>etiam</strong></span> <span class='ocrx_word' id='word_1_97' title='bbox 2095 1732 2183 1783; x_wconf 89' lang='lat' dir='ltr'><strong>ex</strong></span> <span class='ocrx_word' id='word_1_98' title='bbox 2238 1710 2389 1784; x_wconf 93' lang='lat' dir='ltr'><strong>illis</strong></span> <span class='ocrx_word' id='word_1_99' title='bbox 2444 1710 2854 1799; x_wconf 85' lang='lat' dir='ltr'><strong>conficiunt,</strong></span> <span class='ocrx_word' id='word_1_100' title='bbox 2912 1711 3220 1803; x_wconf 82' lang='lat' dir='ltr'><strong>adeoque</strong></span> <span class='ocrx_word' id='word_1_101' title='bbox 3272 1712 3349 1782; x_wconf 90' lang='lat' dir='ltr'><strong>in</strong></span> <span class='ocrx_word' id='word_1_102' title='bbox 3387 1710 3779 1784; x_wconf 85' lang='lat' dir='ltr'><strong>Cruciferos</strong></span> <span class='ocrx_word' id='word_1_103' title='bbox 3830 1710 3936 1783; x_wconf 92' lang='lat' dir='ltr'><strong>in-</strong></span> 
     </span>
     <span class='ocr_line' id='line_1_11' title="bbox 840 1829 3937 1922; baseline 0 -21"><span class='ocrx_word' id='word_1_104' title='bbox 840 1829 1218 1917; x_wconf 78' lang='lat' dir='ltr'><strong>vehuntur,</strong></span> <span class='ocrx_word' id='word_1_105' title='bbox 1293 1834 1376 1901; x_wconf 90' lang='lat' dir='ltr'><strong>ut</strong></span> <span class='ocrx_word' id='word_1_106' title='bbox 1435 1830 1683 1922; x_wconf 87' lang='lat' dir='ltr'><strong>primis</strong></span> <span class='ocrx_word' id='word_1_107' title='bbox 1751 1850 1988 1903; x_wconf 90' lang='lat' dir='ltr'><strong>eorum</strong></span> <span class='ocrx_word' id='word_1_108' title='bbox 2053 1829 2414 1903; x_wconf 86' lang='lat' dir='ltr'><strong>ordinibus</strong></span> <span class='ocrx_word' id='word_1_109' title='bbox 2478 1835 2603 1902; x_wconf 90' lang='lat' dir='ltr'><strong>aut</strong></span> <span class='ocrx_word' id='word_1_110' title='bbox 2668 1830 2918 1902; x_wconf 90' lang='lat' dir='ltr'><strong>occisis</strong></span> <span class='ocrx_word' id='word_1_111' title='bbox 2982 1834 3107 1902; x_wconf 89' lang='lat' dir='ltr'><strong>aut</strong></span> <span class='ocrx_word' id='word_1_112' title='bbox 3168 1829 3427 1922; x_wconf 88' lang='lat' dir='ltr'><strong>captis,</strong></span> <span class='ocrx_word' id='word_1_113' title='bbox 3494 1830 3808 1921; x_wconf 90' lang='lat' dir='ltr'><strong>reliquos</strong></span> <span class='ocrx_word' id='word_1_114' title='bbox 3862 1832 3937 1901; x_wconf 91' lang='lat' dir='ltr'><strong>in</strong></span> 
     </span>
     <span class='ocr_line' id='line_1_12' title="bbox 840 1948 3937 2042; baseline 0 -22"><span class='ocrx_word' id='word_1_115' title='bbox 840 1950 1078 2042; x_wconf 83' lang='lat' dir='ltr'><strong>fugam</strong></span> <span class='ocrx_word' id='word_1_116' title='bbox 1131 1953 1504 2023; x_wconf 81' lang='lat' dir='ltr'><strong>verterent.</strong></span> <span class='ocrx_word' id='word_1_117' title='bbox 1592 1949 1848 2040; x_wconf 90' lang='lat' dir='ltr'><strong>Sicque</strong></span> <span class='ocrx_word' id='word_1_118' title='bbox 1910 1948 2085 2021; x_wconf 91' lang='lat' dir='ltr'><strong>miro</strong></span> <span class='ocrx_word' id='word_1_119' title='bbox 2149 1950 2349 2022; x_wconf 90' lang='lat' dir='ltr'><strong>modo</strong></span> <span class='ocrx_word' id='word_1_120' title='bbox 2412 1949 2711 2023; x_wconf 87' lang='lat' dir='ltr'><strong>Valachi</strong></span> <span class='ocrx_word' id='word_1_121' title='bbox 2775 1970 2931 2021; x_wconf 88' lang='lat' dir='ltr'><strong>cum</strong></span> <span class='ocrx_word' id='word_1_122' title='bbox 2995 1969 3211 2042; x_wconf 83' lang='lat' dir='ltr'><strong>parva</strong></span> <span class='ocrx_word' id='word_1_123' title='bbox 3274 1949 3593 2041; x_wconf 87' lang='lat' dir='ltr'><strong>gentium</strong></span> <span class='ocrx_word' id='word_1_124' title='bbox 3648 1970 3937 2021; x_wconf 84' lang='lat' dir='ltr'><strong>suarum</strong></span> 
     </span>
     <span class='ocr_line' id='line_1_13' title="bbox 843 2066 3932 2162; baseline 0 -21"><span class='ocrx_word' id='word_1_125' title='bbox 843 2074 1155 2159; x_wconf 83' lang='lat' dir='ltr'><strong>caterva,</strong></span> <span class='ocrx_word' id='word_1_126' title='bbox 1212 2070 1460 2162; x_wconf 88' lang='lat' dir='ltr'><strong>grandi</strong></span> <span class='ocrx_word' id='word_1_127' title='bbox 1513 2070 1824 2143; x_wconf 90' lang='lat' dir='ltr'><strong>hostium</strong></span> <span class='ocrx_word' id='word_1_128' title='bbox 1889 2068 2205 2142; x_wconf 85' lang='lat' dir='ltr'><strong>exercitu</strong></span> <span class='ocrx_word' id='word_1_129' title='bbox 2269 2069 2589 2147; x_wconf 88' lang='lat' dir='ltr'><strong>conflicto</strong></span> <span class='ocrx_word' id='word_1_130' title='bbox 2622 2066 2711 2157; x_wconf 80' lang='grc'><strong>3),</strong></span> <span class='ocrx_word' id='word_1_131' title='bbox 2778 2069 2866 2140; x_wconf 89' lang='lat' dir='ltr'><strong>ad</strong></span> <span class='ocrx_word' id='word_1_132' title='bbox 2922 2069 3261 2141; x_wconf 87' lang='lat' dir='ltr'><strong>stationes</strong></span> <span class='ocrx_word' id='word_1_133' title='bbox 3317 2068 3671 2142; x_wconf 88' lang='lat' dir='ltr'><strong>exercitus</strong></span> <span class='ocrx_word' id='word_1_134' title='bbox 3725 2069 3932 2161; x_wconf 91' lang='lat' dir='ltr'><strong>regii,</strong></span> 
     </span>
     <span class='ocr_line' id='line_1_14' title="bbox 843 2187 3935 2283; baseline 0 -23"><span class='ocrx_word' id='word_1_135' title='bbox 843 2188 1081 2261; x_wconf 90' lang='lat' dir='ltr'><strong>onusti</strong></span> <span class='ocrx_word' id='word_1_136' title='bbox 1141 2189 1398 2280; x_wconf 86' lang='lat' dir='ltr'><strong>praeda</strong></span> <span class='ocrx_word' id='word_1_137' title='bbox 1467 2187 1740 2283; x_wconf 90' lang='lat' dir='ltr'><strong>ingenti</strong></span> <span class='ocrx_word' id='word_1_138' title='bbox 1810 2188 2113 2261; x_wconf 85' lang='lat' dir='ltr'><strong>victores</strong></span> <span class='ocrx_word' id='word_1_139' title='bbox 2177 2193 2661 2278; x_wconf 78' lang='lat' dir='ltr'><strong>revertuntur,</strong></span> <span class='ocrx_word' id='word_1_140' title='bbox 2737 2188 2810 2260; x_wconf 91' lang='lat' dir='ltr'><strong>in</strong></span> <span class='ocrx_word' id='word_1_141' title='bbox 2876 2188 3153 2281; x_wconf 86' lang='lat' dir='ltr'><strong>signnm</strong></span> <span class='ocrx_word' id='word_1_142' title='bbox 3226 2208 3501 2279; x_wconf 88' lang='lat' dir='ltr'><strong>quoque</strong></span> <span class='ocrx_word' id='word_1_143' title='bbox 3572 2188 3935 2275; x_wconf 79' lang='lat' dir='ltr'><strong>victoriae,</strong></span> 
     </span>
     <span class='ocr_line' id='line_1_15' title="bbox 841 2306 3933 2400; baseline 0.001 -22"><span class='ocrx_word' id='word_1_144' title='bbox 841 2308 1081 2399; x_wconf 90' lang='lat' dir='ltr'><strong>plures</strong></span> <span class='ocrx_word' id='word_1_145' title='bbox 1133 2308 1479 2381; x_wconf 89' lang='lat' dir='ltr'><strong>notabiles</strong></span> <span class='ocrx_word' id='word_1_146' title='bbox 1535 2308 1885 2400; x_wconf 85' lang='lat' dir='ltr'><strong>captivos,</strong></span> <span class='ocrx_word' id='word_1_147' title='bbox 1942 2307 2329 2381; x_wconf 80' lang='lat' dir='ltr'><strong>cruciferos</strong></span> <span class='ocrx_word' id='word_1_148' title='bbox 2385 2308 2715 2385; x_wconf 84' lang='lat' dir='ltr'><strong>videlicet</strong></span> <span class='ocrx_word' id='word_1_149' title='bbox 2767 2309 2852 2382; x_wconf 88' lang='lat' dir='ltr'><strong>de</strong></span> <span class='ocrx_word' id='word_1_150' title='bbox 2907 2306 3196 2395; x_wconf 88' lang='lat' dir='ltr'><strong>Ordine,</strong></span> <span class='ocrx_word' id='word_1_151' title='bbox 3265 2307 3433 2381; x_wconf 88' lang='lat' dir='ltr'><strong>item</strong></span> <span class='ocrx_word' id='word_1_152' title='bbox 3488 2308 3833 2381; x_wconf 88' lang='lat' dir='ltr'><strong>militares</strong></span> <span class='ocrx_word' id='word_1_153' title='bbox 3864 2306 3933 2397; x_wconf 78' lang='grc'><strong>4)</strong></span> 
     </span>
     <span class='ocr_line' id='line_1_16' title="bbox 843 2425 3315 2521; baseline 0.001 -22"><span class='ocrx_word' id='word_1_154' title='bbox 843 2425 1338 2519; x_wconf 86' lang='lat' dir='ltr'><strong>stipendiarios</strong></span> <span class='ocrx_word' id='word_1_155' title='bbox 1392 2432 1462 2502; x_wconf 90' lang='lat' dir='ltr'><strong>et</strong></span> <span class='ocrx_word' id='word_1_156' title='bbox 1515 2427 1708 2502; x_wconf 82' lang='lat' dir='ltr'><strong>cives</strong></span> <span class='ocrx_word' id='word_1_157' title='bbox 1763 2428 2100 2502; x_wconf 88' lang='lat' dir='ltr'><strong>adductos</strong></span> <span class='ocrx_word' id='word_1_158' title='bbox 2154 2428 2550 2505; x_wconf 88' lang='lat' dir='ltr'><strong>Wladislao</strong></span> <span class='ocrx_word' id='word_1_159' title='bbox 2604 2428 2784 2521; x_wconf 86' lang='lat' dir='ltr'><strong>Regi</strong></span> <span class='ocrx_word' id='word_1_160' title='bbox 2838 2431 3315 2521; x_wconf 88' lang='lat' dir='ltr'><strong>praesentant.</strong></span> 
     </span>
    </p>
   </div>
   <div class='ocr_carea' id='block_1_3' title="bbox 959 2908 3823 3119">
    <p class='ocr_par' dir='ltr' id='par_1_3' title="bbox 959 2908 3823 3119">
     <span class='ocr_line' id='line_1_17' title="bbox 959 2908 3823 2999; baseline -0.001 -17"><span class='ocrx_word' id='word_1_161' title='bbox 959 2909 1248 2982; x_wconf 71' lang='lat' dir='ltr'><strong>Andrean</strong></span> <span class='ocrx_word' id='word_1_162' title='bbox 1292 2908 1706 2999; x_wconf 69' lang='lat' dir='ltr'><strong>Brochoozky</strong></span> <span class='ocrx_word' id='word_1_163' title='bbox 1751 2909 2106 2982; x_wconf 70' lang='lat' dir='ltr'><strong>cruciferos</strong></span> <span class='ocrx_word' id='word_1_164' title='bbox 2147 2911 2217 2983; x_wconf 86' lang='lat' dir='ltr'><strong>in</strong></span> <span class='ocrx_word' id='word_1_165' title='bbox 2263 2913 2482 2981; x_wconf 73' lang='lat' dir='ltr'><strong>castra</strong></span> <span class='ocrx_word' id='word_1_166' title='bbox 2528 2926 2649 2985; x_wconf 73' lang='grc' dir='ltr'>ιιιι</span> <span class='ocrx_word' id='word_1_167' title='bbox 2695 2927 2778 2981; x_wconf 83' lang='lat' dir='ltr'><strong>ex</strong></span> <span class='ocrx_word' id='word_1_168' title='bbox 2822 2908 3170 2998; x_wconf 76' lang='lat' dir='ltr'><strong>improviso</strong></span> <span class='ocrx_word' id='word_1_169' title='bbox 3210 2909 3541 2980; x_wconf 75' lang='lat' dir='ltr'><strong>irruentes</strong></span> <span class='ocrx_word' id='word_1_170' title='bbox 3584 2908 3823 2995; x_wconf 69' lang='lat' dir='ltr'><strong>tunm,</strong></span> 
     </span>
     <span class='ocr_line' id='line_1_18' title="bbox 2232 3029 2569 3119; baseline 0.009 -19"><span class='ocrx_word' id='word_1_171' title='bbox 2232 3029 2569 3119; x_wconf 74' lang='lat' dir='ltr'><strong>fugatque.</strong></span> 
     </span>
    </p>
   </div>
   <div class='ocr_carea' id='block_1_4' title="bbox 840 3264 3945 5147">
    <p class='ocr_par' dir='ltr' id='par_1_4' title="bbox 840 3264 3945 5147">
     <span class='ocr_line' id='line_1_19' title="bbox 1051 3264 3939 3357; baseline -0.001 -18"><span class='ocrx_word' id='word_1_172' title='bbox 1051 3267 1140 3339; x_wconf 94' lang='lat' dir='ltr'><strong>In</strong></span> <span class='ocrx_word' id='word_1_173' title='bbox 1193 3264 1711 3357; x_wconf 84' lang='lat' dir='ltr'><strong>expeditionem</strong></span> <span class='ocrx_word' id='word_1_174' title='bbox 1763 3264 2251 3338; x_wconf 81' lang='lat' dir='ltr'><strong>Omcifericam</strong></span> <span class='ocrx_word' id='word_1_175' title='bbox 2305 3264 2721 3356; x_wconf 88' lang='lat' dir='ltr'><strong>praefatam,</strong></span> <span class='ocrx_word' id='word_1_176' title='bbox 2780 3268 2851 3337; x_wconf 91' lang='lat' dir='ltr'><strong>et</strong></span> <span class='ocrx_word' id='word_1_177' title='bbox 2905 3284 3085 3355; x_wconf 88' lang='lat' dir='ltr'><strong>quae</strong></span> <span class='ocrx_word' id='word_1_178' title='bbox 3138 3264 3322 3355; x_wconf 89' lang='lat' dir='ltr'><strong>apud</strong></span> <span class='ocrx_word' id='word_1_179' title='bbox 3374 3264 3678 3336; x_wconf 91' lang='lat' dir='ltr'><strong>Polonos</strong></span> <span class='ocrx_word' id='word_1_180' title='bbox 3734 3286 3776 3336; x_wconf 87' lang='lat' dir='ltr'><strong>a</strong></span> <span class='ocrx_word' id='word_1_181' title='bbox 3828 3285 3939 3335; x_wconf 85' lang='lat' dir='ltr'><strong>ca-</strong></span> 
     </span>
     <span class='ocr_line' id='line_1_20' title="bbox 845 3382 3938 3477; baseline -0.001 -20"><span class='ocrx_word' id='word_1_182' title='bbox 845 3391 990 3458; x_wconf 87' lang='lat' dir='ltr'><strong>stro</strong></span> <span class='ocrx_word' id='word_1_183' title='bbox 1055 3390 1125 3460; x_wconf 90' lang='lat' dir='ltr'><strong>et</strong></span> <span class='ocrx_word' id='word_1_184' title='bbox 1188 3384 1444 3477; x_wconf 90' lang='lat' dir='ltr'><strong>oppido</strong></span> <span class='ocrx_word' id='word_1_185' title='bbox 1509 3384 1738 3458; x_wconf 77' lang='lat' dir='ltr'><strong>Golub</strong></span> <span class='ocrx_word' id='word_1_186' title='bbox 1803 3383 2254 3476; x_wconf 78' lang='lat' dir='ltr'><strong>conquisitis,</strong></span> <span class='ocrx_word' id='word_1_187' title='bbox 2330 3382 2749 3461; x_wconf 72' lang='lat' dir='ltr'><strong>Golubensis</strong></span> <span class='ocrx_word' id='word_1_188' title='bbox 2815 3382 3256 3471; x_wconf 85' lang='lat' dir='ltr'><strong>intitulatur,</strong></span> <span class='ocrx_word' id='word_1_189' title='bbox 3314 3382 3753 3456; x_wconf 85' lang='lat' dir='ltr'><strong>Wladislaus</strong></span> <span class='ocrx_word' id='word_1_190' title='bbox 3806 3384 3938 3455; x_wconf 91' lang='lat' dir='ltr'><strong>Po·</strong></span> 
     </span>
     <span class='ocr_line' id='line_1_21' title="bbox 840 3502 3941 3595; baseline -0.001 -18"><span class='ocrx_word' id='word_1_191' title='bbox 840 3505 1072 3579; x_wconf 89' lang='lat' dir='ltr'><strong>loniae</strong></span> <span class='ocrx_word' id='word_1_192' title='bbox 1135 3506 1291 3579; x_wconf 86' lang='lat' dir='ltr'><strong>Rex</strong></span> <span class='ocrx_word' id='word_1_193' title='bbox 1354 3504 1818 3593; x_wconf 86' lang='lat' dir='ltr'><strong>transiturus,</strong></span> <span class='ocrx_word' id='word_1_194' title='bbox 1883 3504 2185 3592; x_wconf 75' lang='lat' dir='ltr'><strong>verituS,</strong></span> <span class='ocrx_word' id='word_1_195' title='bbox 2260 3523 2348 3576; x_wconf 91' lang='lat' dir='ltr'><strong>ne</strong></span> <span class='ocrx_word' id='word_1_196' title='bbox 2412 3522 2498 3577; x_wconf 87' lang='lat' dir='ltr'><strong>ex</strong></span> <span class='ocrx_word' id='word_1_197' title='bbox 2562 3508 2791 3576; x_wconf 89' lang='lat' dir='ltr'><strong>castro</strong></span> <span class='ocrx_word' id='word_1_198' title='bbox 2854 3503 2923 3575; x_wconf 85' lang='lat' dir='ltr'>N</span> <span class='ocrx_word' id='word_1_199' title='bbox 2928 3504 3319 3595; x_wconf 82' lang='lat' dir='ltr'><strong>yeschowa‚</strong></span> <span class='ocrx_word' id='word_1_200' title='bbox 3397 3502 3582 3593; x_wconf 88' lang='lat' dir='ltr'><strong>quod</strong></span> <span class='ocrx_word' id='word_1_201' title='bbox 3647 3502 3941 3575; x_wconf 88' lang='lat' dir='ltr'><strong>ditionis</strong></span> 
     </span>
     <span class='ocr_line' id='line_1_22' title="bbox 844 3621 3941 3715; baseline -0.002 -18"><span class='ocrx_word' id='word_1_202' title='bbox 844 3624 1350 3698; x_wconf 76' lang='lat' dir='ltr'><strong>cruciferorum</strong></span> <span class='ocrx_word' id='word_1_203' title='bbox 1405 3627 1585 3713; x_wconf 85' lang='lat' dir='ltr'><strong>erat,</strong></span> <span class='ocrx_word' id='word_1_204' title='bbox 1643 3628 1830 3697; x_wconf 88' lang='lat' dir='ltr'><strong>terra</strong></span> <span class='ocrx_word' id='word_1_205' title='bbox 1867 3624 2213 3715; x_wconf 78' lang='lat' dir='ltr'><strong>Cuyaviae</strong></span> <span class='ocrx_word' id='word_1_206' title='bbox 2268 3627 2686 3712; x_wconf 81' lang='lat' dir='ltr'><strong>vastaretur,</strong></span> <span class='ocrx_word' id='word_1_207' title='bbox 2744 3624 3095 3695; x_wconf 88' lang='lat' dir='ltr'><strong>Andream</strong></span> <span class='ocrx_word' id='word_1_208' title='bbox 3133 3623 3580 3713; x_wconf 77' lang='lat' dir='ltr'><strong>Brochoczky</strong></span> <span class='ocrx_word' id='word_1_209' title='bbox 3635 3621 3941 3693; x_wconf 90' lang='lat' dir='ltr'><strong>militem</strong></span> 
     </span>
     <span class='ocr_line' id='line_1_23' title="bbox 844 3740 3943 3834; baseline -0.002 -18"><span class='ocrx_word' id='word_1_210' title='bbox 844 3743 928 3818; x_wconf 89' lang='lat' dir='ltr'><strong>de</strong></span> <span class='ocrx_word' id='word_1_211' title='bbox 983 3745 1182 3817; x_wconf 92' lang='lat' dir='ltr'><strong>domo</strong></span> <span class='ocrx_word' id='word_1_212' title='bbox 1240 3741 1545 3833; x_wconf 83' lang='lat' dir='ltr'><strong>Ossoria,</strong></span> <span class='ocrx_word' id='word_1_213' title='bbox 1605 3748 1774 3816; x_wconf 91' lang='lat' dir='ltr'><strong>tunc</strong></span> <span class='ocrx_word' id='word_1_214' title='bbox 1826 3745 2273 3817; x_wconf 87' lang='lat' dir='ltr'><strong>Brestensem</strong></span> <span class='ocrx_word' id='word_1_215' title='bbox 2329 3743 2803 3834; x_wconf 89' lang='lat' dir='ltr'><strong>capitaneum,</strong></span> <span class='ocrx_word' id='word_1_216' title='bbox 2862 3764 2985 3834; x_wconf 91' lang='lat' dir='ltr'><strong>pro</strong></span> <span class='ocrx_word' id='word_1_217' title='bbox 3042 3742 3442 3814; x_wconf 89' lang='lat' dir='ltr'><strong>defensione</strong></span> <span class='ocrx_word' id='word_1_218' title='bbox 3498 3745 3568 3813; x_wconf 85' lang='lat' dir='ltr'><strong>et</strong></span> <span class='ocrx_word' id='word_1_219' title='bbox 3620 3740 3943 3813; x_wconf 85' lang='lat' dir='ltr'><strong>custodia</strong></span> 
     </span>
     <span class='ocr_line' id='line_1_24' title="bbox 843 3860 3940 3955; baseline -0.001 -20"><span class='ocrx_word' id='word_1_220' title='bbox 843 3866 1070 3937; x_wconf 87' lang='lat' dir='ltr'><strong>terrae</strong></span> <span class='ocrx_word' id='word_1_221' title='bbox 1123 3863 1578 3955; x_wconf 76' lang='lat' dir='ltr'><strong>Cuyaviensis</strong></span> <span class='ocrx_word' id='word_1_222' title='bbox 1613 3862 1936 3955; x_wconf 89' lang='lat' dir='ltr'><strong>reliquit,</strong></span> <span class='ocrx_word' id='word_1_223' title='bbox 1993 3862 2332 3934; x_wconf 87' lang='lat' dir='ltr'><strong>Mathiam</strong></span> <span class='ocrx_word' id='word_1_224' title='bbox 2386 3862 2471 3935; x_wconf 89' lang='lat' dir='ltr'><strong>de</strong></span> <span class='ocrx_word' id='word_1_225' title='bbox 2506 3862 2890 3935; x_wconf 88' lang='lat' dir='ltr'><strong>Labischin</strong></span> <span class='ocrx_word' id='word_1_226' title='bbox 2927 3864 3371 3935; x_wconf 87' lang='lat' dir='ltr'><strong>Brestensem</strong></span> <span class='ocrx_word' id='word_1_227' title='bbox 3426 3865 3495 3933; x_wconf 93' lang='lat' dir='ltr'><strong>et</strong></span> <span class='ocrx_word' id='word_1_228' title='bbox 3532 3860 3940 3932; x_wconf 88' lang='lat' dir='ltr'><strong>Ianussium</strong></span> 
     </span>
     <span class='ocr_line' id='line_1_25' title="bbox 846 3978 3942 4075; baseline -0.001 -21"><span class='ocrx_word' id='word_1_229' title='bbox 846 3984 932 4055; x_wconf 93' lang='lat' dir='ltr'><strong>de</strong></span> <span class='ocrx_word' id='word_1_230' title='bbox 1001 3983 1513 4075; x_wconf 79' lang='lat' dir='ltr'><strong>Kosczyelyecz</strong></span> <span class='ocrx_word' id='word_1_231' title='bbox 1543 3982 1607 4070; x_wconf 80' lang='lat'><strong>⁵)</strong></span> <span class='ocrx_word' id='word_1_232' title='bbox 1669 3981 2498 4070; x_wconf 83' lang='lat' dir='ltr'><strong>Iuniwladislaviensem,</strong></span> <span class='ocrx_word' id='word_1_233' title='bbox 2566 3982 2949 4074; x_wconf 77' lang='lat' dir='ltr'><strong>palatinOS,</strong></span> <span class='ocrx_word' id='word_1_234' title='bbox 3036 4000 3410 4072; x_wconf 89' lang='lat' dir='ltr'><strong>omnesque</strong></span> <span class='ocrx_word' id='word_1_235' title='bbox 3472 3978 3942 4072; x_wconf 79' lang='lat' dir='ltr'><strong>Cuyavienses</strong></span> 
     </span>
     <span class='ocr_line' id='line_1_26' title="bbox 845 4098 3941 4195; baseline -0.001 -22"><span class='ocrx_word' id='word_1_236' title='bbox 845 4101 1110 4174; x_wconf 88' lang='lat' dir='ltr'><strong>milites</strong></span> <span class='ocrx_word' id='word_1_237' title='bbox 1163 4102 1240 4174; x_wconf 88' lang='lat' dir='ltr'><strong>in</strong></span> <span class='ocrx_word' id='word_1_238' title='bbox 1277 4102 1607 4176; x_wconf 88' lang='lat' dir='ltr'><strong>solatium</strong></span> <span class='ocrx_word' id='word_1_239' title='bbox 1637 4103 1701 4192; x_wconf 66' lang='grc' dir='ltr'><strong>ὅ)</strong></span> <span class='ocrx_word' id='word_1_240' title='bbox 1757 4102 2177 4195; x_wconf 80' lang='lat' dir='ltr'><strong>adiungenS,</strong></span> <span class='ocrx_word' id='word_1_241' title='bbox 2234 4102 2487 4193; x_wconf 88' lang='lat' dir='ltr'><strong>illique</strong></span> <span class='ocrx_word' id='word_1_242' title='bbox 2520 4122 2765 4195; x_wconf 90' lang='lat' dir='ltr'><strong>parere</strong></span> <span class='ocrx_word' id='word_1_243' title='bbox 2820 4100 3093 4174; x_wconf 78' lang='lat' dir='ltr'><strong>iubens,</strong></span> <span class='ocrx_word' id='word_1_244' title='bbox 3152 4100 3285 4191; x_wconf 79' lang='lat' dir='ltr'><strong>Qui</strong></span> <span class='ocrx_word' id='word_1_245' title='bbox 3338 4098 3557 4192; x_wconf 90' lang='lat' dir='ltr'><strong>copiis</strong></span> <span class='ocrx_word' id='word_1_246' title='bbox 3614 4098 3685 4171; x_wconf 91' lang='lat' dir='ltr'><strong>in</strong></span> <span class='ocrx_word' id='word_1_247' title='bbox 3723 4121 3941 4171; x_wconf 89' lang='lat' dir='ltr'><strong>unum</strong></span> 
     </span>
     <span class='ocr_line' id='line_1_27' title="bbox 847 4218 3941 4313; baseline -0.001 -20"><span class='ocrx_word' id='word_1_248' title='bbox 847 4220 1140 4308; x_wconf 77' lang='lat' dir='ltr'><strong>coactiS,</strong></span> <span class='ocrx_word' id='word_1_249' title='bbox 1197 4221 1588 4313; x_wconf 87' lang='lat' dir='ltr'><strong>castrisque</strong></span> <span class='ocrx_word' id='word_1_250' title='bbox 1643 4222 1719 4297; x_wconf 92' lang='lat' dir='ltr'><strong>in</strong></span> <span class='ocrx_word' id='word_1_251' title='bbox 1771 4222 1978 4294; x_wconf 88' lang='lat' dir='ltr'><strong>borra</strong></span> <span class='ocrx_word' id='word_1_252' title='bbox 2030 4221 2218 4295; x_wconf 91' lang='lat' dir='ltr'><strong>inter</strong></span> <span class='ocrx_word' id='word_1_253' title='bbox 2252 4222 2633 4295; x_wconf 82' lang='lat' dir='ltr'><strong>Murzinow</strong></span> <span class='ocrx_word' id='word_1_254' title='bbox 2687 4225 2759 4293; x_wconf 90' lang='lat' dir='ltr'><strong>et</strong></span> <span class='ocrx_word' id='word_1_255' title='bbox 2796 4220 3024 4293; x_wconf 86' lang='lat' dir='ltr'><strong>Orlow</strong></span> <span class='ocrx_word' id='word_1_256' title='bbox 3078 4219 3365 4311; x_wconf 89' lang='lat' dir='ltr'><strong>positis,</strong></span> <span class='ocrx_word' id='word_1_257' title='bbox 3426 4219 3554 4291; x_wconf 89' lang='lat' dir='ltr'><strong>sub</strong></span> <span class='ocrx_word' id='word_1_258' title='bbox 3609 4218 3941 4291; x_wconf 82' lang='lat' dir='ltr'><strong>universo</strong></span> 
     </span>
     <span class='ocr_line' id='line_1_28' title="bbox 847 4337 3943 4433; baseline -0.001 -21"><span class='ocrx_word' id='word_1_259' title='bbox 847 4338 1317 4432; x_wconf 90' lang='lat' dir='ltr'><strong>expeditionis</strong></span> <span class='ocrx_word' id='word_1_260' title='bbox 1371 4344 1682 4431; x_wconf 89' lang='lat' dir='ltr'><strong>tempore</strong></span> <span class='ocrx_word' id='word_1_261' title='bbox 1736 4340 1809 4413; x_wconf 92' lang='lat' dir='ltr'><strong>in</strong></span> <span class='ocrx_word' id='word_1_262' title='bbox 1847 4340 2301 4414; x_wconf 82' lang='lat' dir='ltr'><strong>Crucifericas</strong></span> <span class='ocrx_word' id='word_1_263' title='bbox 2338 4340 2812 4433; x_wconf 89' lang='lat' dir='ltr'><strong>possessiones</strong></span> <span class='ocrx_word' id='word_1_264' title='bbox 2869 4345 2939 4412; x_wconf 91' lang='lat' dir='ltr'><strong>et</strong></span> <span class='ocrx_word' id='word_1_265' title='bbox 2974 4342 3220 4427; x_wconf 71' lang='lat' dir='ltr'><strong>terrae,</strong></span> <span class='ocrx_word' id='word_1_266' title='bbox 3262 4338 3493 4410; x_wconf 88' lang='lat' dir='ltr'><strong>varias</strong></span> <span class='ocrx_word' id='word_1_267' title='bbox 3529 4337 3943 4410; x_wconf 86' lang='lat' dir='ltr'><strong>vexationes</strong></span> 
     </span>
     <span class='ocr_line' id='line_1_29' title="bbox 849 4456 3945 4552; baseline -0.001 -21"><span class='ocrx_word' id='word_1_268' title='bbox 849 4462 920 4531; x_wconf 92' lang='lat' dir='ltr'><strong>et</strong></span> <span class='ocrx_word' id='word_1_269' title='bbox 993 4458 1220 4550; x_wconf 85' lang='lat' dir='ltr'><strong>spolia</strong></span> <span class='ocrx_word' id='word_1_270' title='bbox 1281 4460 1561 4550; x_wconf 88' lang='lat' dir='ltr'><strong>agebat,</strong></span> <span class='ocrx_word' id='word_1_271' title='bbox 1625 4481 1764 4532; x_wconf 91' lang='lat' dir='ltr'><strong>non</strong></span> <span class='ocrx_word' id='word_1_272' title='bbox 1830 4459 2066 4533; x_wconf 91' lang='lat' dir='ltr'><strong>sinens</strong></span> <span class='ocrx_word' id='word_1_273' title='bbox 2131 4460 2478 4552; x_wconf 84' lang='lat' dir='ltr'><strong>Cuyaviae</strong></span> <span class='ocrx_word' id='word_1_274' title='bbox 2541 4464 2797 4533; x_wconf 87' lang='lat' dir='ltr'><strong>terram</strong></span> <span class='ocrx_word' id='word_1_275' title='bbox 2876 4480 3001 4551; x_wconf 91' lang='lat' dir='ltr'><strong>per</strong></span> <span class='ocrx_word' id='word_1_276' title='bbox 3063 4458 3451 4531; x_wconf 75' lang='lat' dir='ltr'><strong>cruciferos</strong></span> <span class='ocrx_word' id='word_1_277' title='bbox 3516 4456 3757 4529; x_wconf 86' lang='lat' dir='ltr'><strong>invadi</strong></span> <span class='ocrx_word' id='word_1_278' title='bbox 3820 4462 3945 4529; x_wconf 85' lang='lat' dir='ltr'><strong>aut</strong></span> 
     </span>
     <span class='ocr_line' id='line_1_30' title="bbox 845 4568 3943 4670; baseline -0.001 -21"><span class='ocrx_word' id='word_1_279' title='bbox 845 4578 1124 4651; x_wconf 86' lang='lat' dir='ltr'><strong>offendi.</strong></span> <span class='ocrx_word' id='word_1_280' title='bbox 1183 4578 1552 4669; x_wconf 86' lang='lat' dir='ltr'><strong>Subrepsit</strong></span> <span class='ocrx_word' id='word_1_281' title='bbox 1605 4578 1885 4652; x_wconf 91' lang='lat' dir='ltr'><strong>interim</strong></span> <span class='ocrx_word' id='word_1_282' title='bbox 1939 4579 2014 4652; x_wconf 90' lang='lat' dir='ltr'><strong>in</strong></span> <span class='ocrx_word' id='word_1_283' title='bbox 2051 4579 2359 4653; x_wconf 84' lang='lat' dir='ltr'><strong>Mathiae</strong></span> <span class='ocrx_word' id='word_1_284' title='bbox 2410 4568 2481 4655; x_wconf 86' lang='lat' dir='ltr'><strong>et</strong></span> <span class='ocrx_word' id='word_1_285' title='bbox 2515 4570 2827 4653; x_wconf 80' lang='lat' dir='ltr'><strong>Ianussii</strong></span> <span class='ocrx_word' id='word_1_286' title='bbox 2878 4578 3350 4670; x_wconf 88' lang='lat' dir='ltr'><strong>palatinorum</strong></span> <span class='ocrx_word' id='word_1_287' title='bbox 3406 4582 3718 4669; x_wconf 86' lang='lat' dir='ltr'><strong>pectora,</strong></span> <span class='ocrx_word' id='word_1_288' title='bbox 3759 4576 3943 4667; x_wconf 86' lang='lat' dir='ltr'><strong>quod</strong></span> 
     </span>
     <span class='ocr_line' id='line_1_31' title="bbox 844 4696 3940 4791; baseline -0.001 -21"><span class='ocrx_word' id='word_1_289' title='bbox 844 4716 1090 4789; x_wconf 90' lang='lat' dir='ltr'><strong>parere</strong></span> <span class='ocrx_word' id='word_1_290' title='bbox 1149 4697 1472 4770; x_wconf 89' lang='lat' dir='ltr'><strong>Andreae</strong></span> <span class='ocrx_word' id='word_1_291' title='bbox 1534 4700 1978 4791; x_wconf 83' lang='lat' dir='ltr'><strong>Brochoczky</strong></span> <span class='ocrx_word' id='word_1_292' title='bbox 2043 4700 2257 4787; x_wconf 87' lang='lat' dir='ltr'><strong>iussi,</strong></span> <span class='ocrx_word' id='word_1_293' title='bbox 2332 4700 2658 4773; x_wconf 91' lang='lat' dir='ltr'><strong>deteriori</strong></span> <span class='ocrx_word' id='word_1_294' title='bbox 2730 4700 3152 4772; x_wconf 86' lang='lat' dir='ltr'><strong>haberentur</strong></span> <span class='ocrx_word' id='word_1_295' title='bbox 3223 4699 3406 4785; x_wconf 92' lang='lat' dir='ltr'><strong>loco,</strong></span> <span class='ocrx_word' id='word_1_296' title='bbox 3474 4698 3679 4769; x_wconf 81' lang='lat' dir='ltr'><strong>livor.</strong></span> <span class='ocrx_word' id='word_1_297' title='bbox 3758 4696 3940 4786; x_wconf 79' lang='lat' dir='ltr'><strong>Qua·</strong></span> 
     </span>
     <span class='ocr_line' id='line_1_32' title="bbox 845 4814 3943 4910; baseline -0.001 -22"><span class='ocrx_word' id='word_1_298' title='bbox 845 4820 1132 4908; x_wconf 92' lang='lat' dir='ltr'><strong>propter</strong></span> <span class='ocrx_word' id='word_1_299' title='bbox 1185 4837 1342 4888; x_wconf 91' lang='lat' dir='ltr'><strong>cum</strong></span> <span class='ocrx_word' id='word_1_300' title='bbox 1396 4818 1758 4889; x_wconf 90' lang='lat' dir='ltr'><strong>nonnullis</strong></span> <span class='ocrx_word' id='word_1_301' title='bbox 1814 4818 2160 4909; x_wconf 82' lang='lat' dir='ltr'><strong>Cuyaviae</strong></span> <span class='ocrx_word' id='word_1_302' title='bbox 2217 4818 2598 4907; x_wconf 89' lang='lat' dir='ltr'><strong>militibus,</strong></span> <span class='ocrx_word' id='word_1_303' title='bbox 2654 4822 2892 4910; x_wconf 87' lang='lat' dir='ltr'><strong>partes</strong></span> <span class='ocrx_word' id='word_1_304' title='bbox 2930 4839 3168 4890; x_wconf 90' lang='lat' dir='ltr'><strong>eornm</strong></span> <span class='ocrx_word' id='word_1_305' title='bbox 3223 4817 3518 4904; x_wconf 88' lang='lat' dir='ltr'><strong>secutis,</strong></span> <span class='ocrx_word' id='word_1_306' title='bbox 3576 4814 3651 4886; x_wconf 92' lang='lat' dir='ltr'><strong>in</strong></span> <span class='ocrx_word' id='word_1_307' title='bbox 3706 4815 3943 4886; x_wconf 87' lang='lat' dir='ltr'><strong>domos</strong></span> 
     </span>
     <span class='ocr_line' id='line_1_33' title="bbox 849 4932 3940 5030; baseline -0.001 -23"><span class='ocrx_word' id='word_1_308' title='bbox 849 4957 1047 5024; x_wconf 91' lang='lat' dir='ltr'><strong>suas,</strong></span> <span class='ocrx_word' id='word_1_309' title='bbox 1104 4934 1364 5007; x_wconf 89' lang='lat' dir='ltr'><strong>militia</strong></span> <span class='ocrx_word' id='word_1_310' title='bbox 1416 4936 1668 5010; x_wconf 85' lang='lat' dir='ltr'><strong>relicta</strong></span> <span class='ocrx_word' id='word_1_311' title='bbox 1719 4942 1788 5010; x_wconf 93' lang='lat' dir='ltr'><strong>et</strong></span> <span class='ocrx_word' id='word_1_312' title='bbox 1842 4938 2122 5011; x_wconf 89' lang='lat' dir='ltr'><strong>Andrea</strong></span> <span class='ocrx_word' id='word_1_313' title='bbox 2159 4939 2605 5030; x_wconf 81' lang='lat' dir='ltr'><strong>Brochoczky</strong></span> <span class='ocrx_word' id='word_1_314' title='bbox 2662 4939 2969 5025; x_wconf 86' lang='lat' dir='ltr'><strong>deserto,</strong></span> <span class='ocrx_word' id='word_1_315' title='bbox 3026 4937 3461 5025; x_wconf 86' lang='lat' dir='ltr'><strong>dilabuntur,</strong></span> <span class='ocrx_word' id='word_1_316' title='bbox 3520 4934 3752 5025; x_wconf 90' lang='lat' dir='ltr'><strong>specie</strong></span> <span class='ocrx_word' id='word_1_317' title='bbox 3789 4932 3940 5024; x_wconf 89' lang='lat' dir='ltr'><strong>qni-</strong></span> 
     </span>
     <span class='ocr_line' id='line_1_34' title="bbox 847 5054 3940 5147; baseline -0.001 -20"><span class='ocrx_word' id='word_1_318' title='bbox 847 5054 1002 5129; x_wconf 88' lang='lat' dir='ltr'><strong>dem</strong></span> <span class='ocrx_word' id='word_1_319' title='bbox 1055 5055 1509 5128; x_wconf 88' lang='lat' dir='ltr'><strong>contrahendi</strong></span> <span class='ocrx_word' id='word_1_320' title='bbox 1563 5077 1780 5130; x_wconf 84' lang='lat' dir='ltr'><strong>novos</strong></span> <span class='ocrx_word' id='word_1_321' title='bbox 1835 5061 2295 5147; x_wconf 78' lang='lat' dir='ltr'><strong>commeatu8‚</strong></span> <span class='ocrx_word' id='word_1_322' title='bbox 2350 5079 2425 5131; x_wconf 88' lang='lat' dir='ltr'><strong>re</strong></span> <span class='ocrx_word' id='word_1_323' title='bbox 2461 5077 2626 5131; x_wconf 83' lang='lat' dir='ltr'><strong>vera</strong></span> <span class='ocrx_word' id='word_1_324' title='bbox 2680 5061 2913 5131; x_wconf 86' lang='lat' dir='ltr'><strong>autem</strong></span> <span class='ocrx_word' id='word_1_325' title='bbox 2970 5056 3045 5129; x_wconf 94' lang='lat' dir='ltr'><strong>in</strong></span> <span class='ocrx_word' id='word_1_326' title='bbox 3082 5056 3431 5128; x_wconf 84' lang='lat' dir='ltr'><strong>Andream</strong></span> <span class='ocrx_word' id='word_1_327' title='bbox 3469 5054 3940 5144; x_wconf 75' lang='lat' dir='ltr'><strong>Brochoczky,</strong></span> 
     </span>
    </p>
   </div>
   <div class='ocr_carea' id='block_1_5' title="bbox 853 5312 3942 5511">
    <p class='ocr_par' dir='ltr' id='par_1_5' title="bbox 853 5312 3942 5511">
     <span class='ocr_line' id='line_1_35' title="bbox 955 5312 3942 5409; baseline -0.002 -19"><span class='ocrx_word' id='word_1_328' title='bbox 955 5312 966 5317; x_wconf 58' lang='grc'><strong>’</strong></span> <span class='ocrx_word' id='word_1_329' title='bbox 1064 5325 1114 5407; x_wconf 91' lang='lat'><strong>¹)</strong></span> <span class='ocrx_word' id='word_1_330' title='bbox 1159 5328 1619 5390; x_wconf 83' lang='lat' dir='ltr'><strong>existimantium</strong></span> <span class='ocrx_word' id='word_1_331' title='bbox 1668 5324 1818 5392; x_wconf 75' lang='lat' dir='ltr'><strong>cod.</strong></span> <span class='ocrx_word' id='word_1_332' title='bbox 1870 5325 2046 5392; x_wconf 75' lang='lat' dir='ltr'><strong>Calo.</strong></span> <span class='ocrx_word' id='word_1_333' title='bbox 2117 5325 2168 5409; x_wconf 83' lang='lat'><strong>²)</strong></span> <span class='ocrx_word' id='word_1_334' title='bbox 2218 5330 2549 5406; x_wconf 80' lang='lat' dir='ltr'><strong>complures</strong></span> <span class='ocrx_word' id='word_1_335' title='bbox 2596 5322 2750 5390; x_wconf 77' lang='lat' dir='ltr'><strong>God.</strong></span> <span class='ocrx_word' id='word_1_336' title='bbox 2806 5324 2999 5389; x_wconf 78' lang='lat' dir='ltr'><strong>Rozr.</strong></span> <span class='ocrx_word' id='word_1_337' title='bbox 3072 5324 3127 5405; x_wconf 79' lang='lat'><strong>³)</strong></span> <span class='ocrx_word' id='word_1_338' title='bbox 3171 5326 3485 5403; x_wconf 81' lang='lat' dir='ltr'><strong>profligato</strong></span> <span class='ocrx_word' id='word_1_339' title='bbox 3551 5319 3705 5386; x_wconf 78' lang='lat' dir='ltr'><strong><em>Cod.</em></strong></span> <span class='ocrx_word' id='word_1_340' title='bbox 3754 5322 3942 5385; x_wconf 79' lang='lat' dir='ltr'><strong>Rozr.</strong></span> 
     </span>
     <span class='ocr_line' id='line_1_36' title="bbox 853 5422 3652 5511; baseline -0.001 -20"><span class='ocrx_word' id='word_1_341' title='bbox 853 5426 906 5510; x_wconf 80' lang='lat'><strong>⁴)</strong></span> <span class='ocrx_word' id='word_1_342' title='bbox 953 5431 1170 5492; x_wconf 87' lang='lat' dir='ltr'><strong>milites</strong></span> <span class='ocrx_word' id='word_1_343' title='bbox 1219 5427 1371 5493; x_wconf 78' lang='lat' dir='ltr'><strong>Ood.</strong></span> <span class='ocrx_word' id='word_1_344' title='bbox 1420 5430 1616 5494; x_wconf 79' lang='lat' dir='ltr'><strong>Rozr.</strong></span> <span class='ocrx_word' id='word_1_345' title='bbox 1683 5429 1737 5511; x_wconf 81' lang='lat'><strong>⁶)</strong></span> <span class='ocrx_word' id='word_1_346' title='bbox 1781 5433 2148 5494; x_wconf 83' lang='lat' dir='ltr'><strong>Koscieliccz</strong></span> <span class='ocrx_word' id='word_1_347' title='bbox 2199 5426 2350 5495; x_wconf 75' lang='lat' dir='ltr'><strong>Cod.</strong></span> <span class='ocrx_word' id='word_1_348' title='bbox 2396 5428 2573 5493; x_wconf 76' lang='lat' dir='ltr'><strong>Kost.</strong></span> <span class='ocrx_word' id='word_1_349' title='bbox 2621 5428 2674 5510; x_wconf 78' lang='lat'><strong>⁶)</strong></span> <span class='ocrx_word' id='word_1_350' title='bbox 2719 5430 2775 5491; x_wconf 90' lang='lat' dir='ltr'><strong>ei</strong></span> <span class='ocrx_word' id='word_1_351' title='bbox 2817 5432 2879 5490; x_wconf 89' lang='lat' dir='ltr'><strong>in</strong></span> <span class='ocrx_word' id='word_1_352' title='bbox 2924 5430 3207 5490; x_wconf 80' lang='lat' dir='ltr'><strong>auxilium</strong></span> <span class='ocrx_word' id='word_1_353' title='bbox 3255 5422 3408 5491; x_wconf 77' lang='lat' dir='ltr'><strong>cod.</strong></span> <span class='ocrx_word' id='word_1_354' title='bbox 3458 5423 3652 5489; x_wconf 77' lang='lat' dir='ltr'><strong>Rozr.</strong></span> 
     </span>
    </p>
   </div>
  </div>
 </body>
</html>
