4342 6384
419 510 552 615 (Α.
585 513 680 589 Β.
721 508 974 613 1438.)
1587 535 1814 589 unsa
1864 532 2323 589 monemus.
3354 508 3508 588 499

447 837 735 909 Gaatrnn
779 836 1072 909 anzsko
1115 836 1330 909 Poloni
1379 838 1724 923 mittan
1772 839 2010 908 terram
2055 838 2275 908 autom
2320 835 2759 907 chalmontem
2804 836 3110 907 tutantur
3155 850 3195 905 a
3240 834 3479 924 praeda

1815 957 2118 1030 boatium.
2704 952 2713 966 “

611 1209 932 1281 Castrum
989 1208 1306 1279 Luczsko
1343 1228 1424 1279 ea
1462 1210 1877 1297 tempestate
1931 1227 2052 1297 per
2105 1206 2369 1277 Ducem
2406 1205 2645 1277 Nosch
2682 1204 3088 1277 Ruthenum
3128 1203 3375 1279 Graeci
3410 1204 3503 1277 ri-

413 1332 524 1401 tus
565 1329 640 1418 ¹),
699 1332 848 1400 erat
903 1326 1359 1400 clandestinis
1414 1326 1595 1399 dolis
1626 1325 1690 1415 2)
1745 1332 1814 1398 et
1868 1325 2363 1418 largitionibus
2418 1324 2915 1415 interceptum,
2974 1325 3061 1397 ad
3116 1326 3301 1417 quod
3340 1325 3495 1417 plu·

409 1447 566 1521 rimi
621 1448 948 1521 mortales
979 1445 1042 1536 ³)
1098 1468 1186 1519 ex
1241 1446 1592 1521 Ruthenis
1658 1445 2213 1538 Switrigyclloni
2268 1444 2666 1519 faventibus
2731 1451 3232 1533 convenerant,
3294 1468 3498 1537 saepe

409 1590 680 1660 quoque
733 1574 990 1641 terram
1045 1568 1552 1655 (stromensem,
1611 1566 1811 1640 cuius
1853 1571 2018 1639 tunc
2057 1564 2361 1639 Hriczko
2412 1564 2953 1657 Kyerdeyowicz
2986 1566 3049 1655 ⁴)
3104 1571 3253 1639 erat
3308 1566 3495 1657 capi-

411 1695 690 1775 taneuS‚
748 1688 1151 1779 praedaturi
1207 1687 1586 1759 intrabant.
1657 1686 1916 1759 Verum
1981 1706 2138 1759 cum
2195 1688 2550 1778 praefatus
2608 1684 2911 1758 Hriczko
2970 1690 3250 1759 strenue
3304 1686 3501 1759 illam

411 1814 759 1883 tutaretur
795 1815 864 1881 et
900 1809 1330 1894 defenderet,
1389 1813 1462 1881 et
1515 1806 1836 1879 omnibus
1883 1812 2070 1879 esset
2117 1806 2371 1879 vicinis
2428 1804 2813 1878 formidini:
2872 1807 3039 1879 Dux
3078 1805 3229 1897 ipse
3266 1806 3505 1879 Nosch

407 1934 794 2017 contracte,
871 1930 1352 2020 undecumque
1422 1932 1726 2022 poterat,
1801 1926 2150 2013 exercitu,
2221 1932 2477 1999 terram
2543 1926 3023 1999 Chelmensem
3087 1925 3499 2019 ingreditur.

409 2049 533 2123 Cui
587 2052 943 2141 praefatus
980 2050 1282 2121 Hriczko
1321 2069 1533 2140 prope
1571 2048 2044 2139 Hrubyeszow
2075 2044 2136 2136 5)
2194 2046 2378 2121 circa
2423 2045 2719 2120 fiuvium
2758 2049 2915 2139 Bug
2954 2068 3351 2135 occurrenS,
3392 2048 3498 2119 iu-

408 2174 593 2243 stum
647 2169 811 2243 fecit
867 2191 1345 2263 congressum,
1403 2174 1473 2241 et
1528 2189 1799 2241 omnem
1854 2167 2004 2241 eius
2059 2167 2477 2258 potentiam,
2546 2168 2769 2239 fultus
2825 2167 3064 2240 d1vino
3125 2166 3495 2245 adiutorio,

405 2290 776 2382 confregit3
833 2288 1202 2381 ipsumque
1257 2291 1517 2362 Ducem
1575 2288 1648 2361 iu
1706 2289 1940 2381 fugam
2007 2293 2319 2375 vertenS,
2386 2288 2626 2379 plures
2692 2309 2857 2359 suos
2914 2287 3325 2379 captivavit.
3384 2288 3495 2361 Ab

405 2409 528 2483 illo
582 2413 858 2503 quoque
923 2416 1231 2503 tempore
1287 2416 1358 2485 et
1411 2410 1722 2485 hostium
1786 2408 2122 2499 repressit
2185 2407 2525 2499 impetum
2582 2414 2650 2481 et
2702 2430 2943 2499 pacem
3008 2412 3233 2485 terrae
3290 2409 3491 2484 Chel-

403 2530 625 2604 mensi
678 2529 1017 2605 restituit.

395 2886 561 2958 Seno
606 2836 964 2958 wladislao·
1000 2885 1200 2975 Rogo,
1247 2886 1545 2959 nicolaus
1588 2886 1672 2957 do
1717 2885 2050 2957 lichalov
2095 2885 2500 2958 castellanus
2532 2886 2603 2955 ot
2630 2885 3016 2973 capitaneus
3048 2884 3491 2957 cracoviensis

1023 3006 1339 3076 exercitui
1386 3008 1617 3077 contra
1660 3006 2016 3077 cruciferos
2058 3005 2235 3076 ituro
2279 3006 2413 3077 du
2459 3004 2849 3095 praeficitur.

603 3254 818 3325 quta.
873 3254 1276 3325 mandatum
1333 3257 1404 3325 et
1457 3252 1763 3325 edictum
1818 3252 2068 3344 Regia,
2137 3253 2226 3324 ad
2280 3252 2463 3324 diem
2520 3254 2776 3325 festum
2843 3252 3085 3327 Sancti
3148 3251 3485 3325 Iohannis

393 3373 760 3464 Baptistae
813 3372 1144 3445 convenit
1195 3372 1567 3444 universus
1631 3372 1986 3445 exercitus
2049 3372 2311 3463 Regni,
2380 3377 2453 3445 et
2508 3372 2867 3464 signanter
2921 3376 3264 3445 terrarum
3322 3373 3480 3445 Cra-

389 3493 770 3580 coviensi8‚
813 3491 1432 3580 SandomiriensiS,
1475 3491 1930 3579 SiradiensiS‚
1972 3490 2459 3579 Lublinensis,
2499 3490 2982 3564 Weluniensis
3014 3492 3101 3580 ⁶),
3160 3491 3233 3563 in
3271 3492 3481 3564 Kolo.

387 3612 604 3684 Venit
657 3618 726 3684 et
781 3611 1216 3683 Wladislaus
1253 3612 1410 3683 Rex
1449 3632 1605 3683 cum
1644 3611 2024 3697 PraelatiS,
2079 3611 2528 3703 Principibus
2566 3616 2636 3683 et
2673 3611 3048 3683 baronibus
3088 3612 3225 3684 fere
3264 3610 3481 3683 omni-

385 3732 552 3817 bus3
609 3731 732 3805 ubi
785 3750 910 3823 per
963 3730 1111 3803 dies
1165 3731 1436 3823 aliquot
1492 3736 1834 3805 secretum
1891 3731 2264 3805 consilium
2320 3731 2637 3803 habitum
2694 3736 2801 3805 est
2848 3737 2919 3803 et
2956 3732 3165 3823 longa
3219 3730 3479 3805 delibe-

383 3850 656 3925 ratione
711 3854 1122 3925 tractatum:
1190 3873 1279 3923 an
1345 3851 1780 3925 Wladislaus
1845 3852 1998 3924 Rex
2065 3852 2314 3925 debeat
2377 3851 2839 3942 personaliter
2894 3850 2995 3925 ire
3048 3850 3135 3922 ad
3188 3850 3477 3937 bellum,

381 3971 500 4045 vel
555 3970 772 4043 alium
825 3970 998 4043 belli
1053 3970 1126 4043 in
1181 3972 1410 4044 locum
1467 3994 1672 4045 suum
1729 3974 2099 4063 praeficere
2165 3972 2546 4045 duct-orem.
2629 3971 2886 4043 Verum
2950 3990 3107 4043 cum
3169 3969 3478 4044 omnium

381 4089 774 4165 sententiae
829 4078 1306 4179 decernerent,
1365 4094 1627 4184 Regem
1681 4097 1966 4183 propter
2021 4091 2293 4164 senium
2332 4074 2400 4165 et
2438 4090 2939 4165 coecutientem
2976 4090 3207 4164 visum
3244 4091 3474 4163 nulla·

377 4214 588 4283 tenus
645 4210 754 4282 illi
809 4210 993 4282 bello
1049 4207 1478 4285 miscendum
1535 4232 1718 4301 esse,
1785 4212 1854 4283 N
1859 4211 2126 4285 icolaus
2184 4211 2267 4283 de
2323 4210 2687 4284 Michalow
2750 4211 3179 4283 castellanus
3235 4216 3303 4283 et
3360 4232 3470 4283 ca-

373 4330 705 4421 pitaneus
761 4330 1274 4419 OracoviensiS‚
1333 4332 1416 4405 de
1470 4333 1670 4405 domo
1735 4334 1960 4405 Rosze
1997 4334 2084 4420 ⁷),
2144 4350 2488 4405 consensu
2552 4338 2694 4401 tam
2758 4330 2975 4423 Regis
3038 4352 3247 4422 quam
3312 4350 3472 4403 con-

374 4447 808 4521 siliariorum
862 4450 1269 4542 designatus
1325 4457 1464 4539 est,
1525 4458 1594 4525 et
1648 4474 1885 4527 omnes
1941 4451 2339 4543 PrincipeS,
2408 4451 2699 4525 barones
2756 4454 2828 4525 et
2880 4450 3149 4523 nobiles
3206 4448 3343 4523 sibi
3398 4450 3473 4521 in

373 4567 554 4640 belli
609 4568 1216 4643 administratione
1270 4568 1511 4662 parere
1567 4571 1768 4648 iussi.
1829 4572 1914 4643 In
1971 4570 2521 4643 administrando
2561 4575 2793 4645 autem
2831 4570 3051 4657 bollo,
3112 4590 3200 4642 ex
3256 4569 3471 4661 Regis

369 4692 448 4759 et
503 4688 837 4760 baronum
893 4690 1272 4777 sententia,
1333 4692 1542 4764 talem
1597 4691 2156 4763 informationem
2212 4711 2335 4780 pro
2393 4711 2665 4762 summa
2718 4694 3077 4780 acceperat
3112 4690 3468 4780 praefatus

365 4807 815 4899 capitaneus:
873 4812 953 4881 ut
1008 4808 1267 4883 nullibi
1305 4811 1657 4883 exercitus
1694 4810 1930 4903 regius
1969 4810 2418 4897 consisteret,
2476 4831 2603 4882 nec
2656 4808 3169 4901 conquisitione
3206 4816 3467 4883 castro-

363 4947 531 4999 rum
585 4932 710 4999 aut
761 4927 1128 5002 civitatum
1185 4950 1260 5003 se
1315 4936 1712 5022 occuparet,
1771 4931 1894 5003 sed
1949 4936 2210 5021 quanto
2267 4929 2565 5004 celerius
2600 4935 2869 5021 posset,
2929 4936 3185 5003 terram
3222 4928 3465 5003 Pome-

596 5218 643 5296 ¹)
683 5221 788 5295 qui
834 5220 1047 5283 Graeci
1093 5223 1240 5284 ritus
1286 5227 1414 5283 erat
1467 5218 1619 5285 eod.
1665 5218 1856 5284 Rozr.
1906 5220 1952 5299 Ω)
1999 5221 2171 5281 donis
2221 5215 2375 5285 Cod.
2406 5217 2599 5285 Romu
2635 5217 2685 5297 ³)
2716 5218 3049 5281 mortalium
3083 5214 3236 5281 cod.
3272 5213 3465 5279 Rozr.

361 5318 428 5401 ⁴)
475 5322 880 5385 Kerdoion-ica
930 5318 1083 5385 Cocl.
1129 5322 1324 5387 Rozr.
1373 5323 1424 5403 ⁶)
1469 5325 1850 5405 Rhnbyczow
1899 5319 2050 5388 Coa.
2102 5318 2279 5389 Calv.
2329 5322 2383 5407 ⁶)
2421 5323 2821 5385 Wiolunensis
2854 5315 3006 5391 Geel.
3040 5318 3233 5387 Βοῦν.
3271 5318 3321 5403 ⁷)
3352 5322 3466 5383 Ro·

359 5442 572 5487 aarum
621 5418 771 5489 Cod.
815 5422 1008 5491 Rozr.
