4342 6384
369 573 502 678 (Α.
541 579 630 653 D.
672 579 901 679 1431.)
1547 603 1774 656 mnan
1825 601 2283 656 uunncnms.
2322 548 2333 554 “
3304 580 3455 653 435
3552 605 3557 608 ·

369 807 544 874 sem,
603 809 810 879 quam
864 787 948 860 de
1000 787 1426 879 proprietate
1481 792 1551 860 et
1603 788 1909 861 dominio
1973 789 2204 880 Regni
2267 788 2603 862 Poloniae
2657 787 2877 860 fuisse
2932 788 3329 877 constabat,
3388 792 3460 861 et

363 913 594 980 castra
649 913 984 999 occupata
1038 907 1112 979 in
1165 909 1456 980 Podolia
1508 909 1872 997 restituat,
1932 913 2000 981 et
2055 909 2361 1000 amplius
2414 913 2671 981 terram
2724 908 2957 993 illam,
3016 907 3102 980 ab
3140 907 3457 1000 antiquis

363 1028 678 1121 Regibus
750 1027 1083 1099 Poloniae
1152 1027 1438 1119 pacifice
1491 1049 1933 1119 possessam,
2011 1049 2267 1101 vexare
2340 1027 2666 1115 desistat,
2725 1032 2795 1100 01
2848 1048 3006 1099 011111
3061 1027 3455 1100 Wla-dislao

362 1149 552 1240 Rege
608 1153 678 1221 et
731 1149 1002 1240 Regno,
1061 1152 1185 1220 aut
1237 1169 1362 1240 pro
1419 1148 1531 1220 die
1589 1149 1828 1221 Sancti
1884 1148 2203 1240 Georgii,
2268 1152 2392 1219 aut
2444 1169 2568 1240 pro
2610 1149 2785 1220 festo
2823 1146 3280 1220 Ascensionis
3318 1149 3454 1220 Do-

359 1268 567 1357 mini,
623 1273 748 1340 aut
801 1289 924 1360 pro
983 1270 1160 1340 festo
1213 1269 1664 1341 Pentecostes
1719 1269 2247 1340 conventionem
2302 1274 2497 1360 agat,
2554 1267 2641 1339 ad
2697 1266 3110 1358 sopiendum
3154 1267 3347 1339 rixas
3386 1271 3455 1340 et

361 1387 658 1460 dissidia
709 1389 896 1461 inter
947 1387 1421 1460 Wladislaum
1475 1388 1737 1479 Regem
1791 1391 1860 1459 et
1914 1387 2144 1478 ipsum
2203 1387 2723 1478 quomodolibet
2776 1391 3057 1458 exorta:
3114 1391 3331 1477 utque
3379 1385 3454 1457 in

361 1508 763 1580 huiusmodi
817 1507 1276 1580 conventione
1329 1508 1414 1580 de
1467 1509 1743 1580 Ducatu
1797 1508 2046 1600 Magno
2103 1507 2557 1595 Lithuaniae,
2618 1527 2825 1598 quem
2879 1507 3236 1598 praefatus
3290 1506 3453 1577 Dux

360 1649 484 1720 per
536 1627 680 1700 vim
735 1635 805 1701 et
860 1633 1101 1700 contra
1154 1628 1426 1700 foedera
1481 1627 1709 1718 Regni
1766 1632 1836 1699 et
1889 1627 2203 1699 Ducatus
2258 1631 2749 1718 occupaverat,
2809 1625 3180 1717 dispositio
3227 1627 3449 1714 fieret,

361 1753 430 1821 et
469 1750 524 1837 ¹)
578 1748 740 1819 Dux
795 1747 946 1838 ipse
1001 1749 1348 1819 Ducatum
1401 1749 1790 1838 praefatum
1853 1768 1894 1818 a
1948 1747 2169 1838 Rege,
2230 1747 2470 1838 Regno
2528 1752 2598 1818 et
2645 1747 2955 1833 Ducatu,
3015 1745 3152 1818 sibi
3194 1746 3279 1818 de
3317 1745 3447 1817 illo

360 1867 709 1959 provideri
765 1872 835 1939 et
889 1867 1026 1938 sibi
1081 1867 1286 1938 illum
1342 1867 1669 1955 conferri,
1726 1871 1993 1958 peteret
2031 1878 2100 1940 et
2133 1866 2549 1958 postularet.
2608 1865 2989 1957 Aspirabat
3026 1864 3208 1938 enim
3249 1863 3445 1937 Wla·

359 1987 626 2060 dislaus
699 1988 855 2059 Rex
928 1987 1016 2058 ad
1070 1986 1570 2078 promotionem
1637 2007 1865 2074 suam,
1920 1991 2006 2059 ‘et
2067 1991 2435 2078 propterea
2495 2007 2620 2076 pro
2686 1983 3097 2058 celebranda
3150 2004 3447 2056 conven-

358 2106 549 2179 tione
605 2112 747 2180 tres
801 2106 1136 2179 terminos
1191 2107 1755 2198 consignaverat,
1823 2127 2110 2196 sperans
2165 2107 2373 2178 illum
2426 2121 2641 2178 unum
2698 2127 2785 2178 ex
2840 2105 3069 2177 tribus
3126 2109 3448 2196 acceptu—

356 2248 542 2314 rum,
600 2233 832 2300 certus
890 2227 1237 2315 existenS,
1297 2227 1358 2298 si
1413 2226 1780 2300 conventio
1835 2226 2331 2313 celebraretur,
2389 2245 2593 2317 posse
2650 2224 2967 2297 funditus
3006 2243 3243 2296 omnes
3282 2223 3449 2296 lites

357 2351 430 2419 et
481 2346 670 2419 bella
723 2347 1076 2439 extingui,
1135 2352 1206 2419 et
1259 2348 1522 2418 Ducem
1588 2345 1948 2438 Switrigal
1991 2346 2078 2417 ad
2113 2366 2355 2436 pacem
2419 2351 2488 2418 et
2542 2344 2975 2418 concordiam
3042 2345 3445 2431 frat-ernam,

352 2466 748 2558 bonumque
803 2466 1112 2538 ordinem
1169 2472 1238 2538 et
1292 2467 1543 2540 bonam
1598 2471 1896 2539 mentem
1939 2466 2199 2538 reduci.
2257 2466 2441 2537 Dum
2480 2469 2711 2538 autem
2748 2465 2985 2536 nuntii
3020 2462 3323 2555 praefati
3360 2463 3448 2535 ad

354 2585 561 2658 illum
614 2585 972 2658 venissent
1027 2590 1097 2658 et
1149 2587 1476 2658 mandata
1529 2586 1746 2678 Regis
1786 2591 1855 2659 et
1891 2585 2119 2677 Regni
2175 2585 2700 2676 exposuissent,
2756 2583 3149 2675 respondit,
3208 2604 3285 2655 se
3322 2604 3443 2655 ne-

355 2725 490 2796 que
543 2705 858 2778 Luczsko
914 2708 986 2776 et
1013 2703 1076 2795 2)
1132 2711 1362 2778 castra
1415 2707 1489 2778 in
1543 2707 1836 2778 Podolia
1889 2711 2225 2796 occupata
2278 2705 2763 2792 dimissurum,
2820 2725 3047 2796 neque
3092 2704 3443 2776 Ducatum

353 2826 714 2918 Magnum,
771 2845 928 2896 cum
980 2825 1188 2897 illum
1243 2827 1552 2898 naturali
1606 2825 2042 2898 successione
2089 2826 2363 2917 integre
2396 2825 2817 2916 possideret,
2858 2845 2901 2896 a
2937 2844 3285 2916 quoquam
3323 2842 3441 2914 pe·

353 2943 676 3016 titurum.
733 2943 1128 3017 Altioribus
1183 2951 1416 3017 tamen
1472 2946 1928 3038 subterfugiis
1984 2967 2128 3017 rem
2185 2945 2435 3018 ducere
2500 2949 2857 3037 satagenS,
2916 2944 3177 3017 obtulit
3213 2964 3287 3016 se
3324 2963 3441 3014 su·

350 3085 476 3156 per
530 3064 850 3137 omnibus
903 3065 1483 3156 requisitionibus
1540 3065 1932 3138 Wladislao
1987 3065 2166 3158 Regi
2222 3070 2292 3138 et
2345 3067 2586 3158 Regno
2640 3085 2765 3156 per
2810 3085 2974 3136 suos
3010 3063 3298 3136 nuntios
3334 3083 3439 3134 re·

351 3205 793 3276 sponsurum.
853 3185 989 3258 Sed
1044 3185 1208 3256 dum
1263 3184 1684 3258 oblationem
1739 3207 1877 3256 non
1931 3184 2403 3276 implevisset,
2460 3185 2719 3257 missus
2773 3185 3123 3257 Iohannes
3160 3184 3443 3256 Luthek

351 3305 440 3378 de
481 3305 777 3378 Brzesze
807 3303 868 3393 ³)
923 3305 1240 3377 notarius
1293 3304 1563 3396 regius,
1624 3304 1746 3395 qui
1799 3305 2126 3376 mandata
2181 3305 2400 3397 Regis
2464 3304 2796 3392 fideliter,
2863 3303 3152 3377 liberius
3207 3307 3440 3376 tamen

351 3445 561 3516 quam
615 3425 800 3515 apud
851 3445 1097 3516 parum
1127 3425 1191 3514 ⁴)
1247 3430 1606 3498 sensatum
1661 3426 1922 3498 Ducem
1975 3425 2410 3512 conveniret,
2468 3425 2850 3513 disserens,
2908 3424 2994 3496 ab
3049 3424 3203 3515 ipso
3262 3423 3437 3496 8111-

351 3543 684 3635 trigyello
723 3543 912 3616 Duce
949 3543 1314 3616 maxillam
1351 3544 1424 3616 in
1463 3544 1737 3616 vultum
1774 3544 2101 3635 pertulit3
2157 3545 2593 3635 dedecusque
2628 3544 3079 3630 horrendum,
3118 3563 3258 3614 non
3294 3547 3439 3614 tam

346 3663 530 3755 Regi
583 3669 654 3736 et
705 3663 952 3735 nuntio
1008 3684 1167 3752 su0,
1226 3664 1550 3736 violando
1604 3663 1716 3735 ius
1753 3663 2069 3755 gentium
2107 3671 2178 3736 et
2211 3664 2675 3737 humanitatis
2712 3663 3253 3754 praevaricando
3292 3663 3433 3735 foe-

347 3783 514 3871 11118,
572 3803 781 3873 quam
835 3782 972 3855 sibi
1027 3787 1098 3855 et
1151 3783 1416 3855 1101111111
1471 3802 1596 3854 8110
1651 3783 1944 3870 inflixit,
2001 3784 2525 3874 praevaricatus
2581 3784 2805 3876 legem
2863 3783 3170 3855 omnium
3208 3781 3431 3854 homi-

345 3923 549 3988 num,
607 3903 916 3993 ipsorum
971 3903 1182 3974 etiam
1237 3901 1718 3989 barbarorum,
1776 3902 1960 3994 apud
2016 3925 2191 3995 quos
2228 3902 2478 3995 legati,
2536 3908 3171 3995 quantumcumque
3212 3904 3437 3975 ferant

343 4021 613 4110 invisa,
671 4020 1116 4094 inviolabiles
1169 4023 1534 4094 habentur.
1591 4021 2170 4114 Indignabundus
2228 4027 2297 4094 et
2350 4024 2571 4096 nimia
2623 4024 2728 4099 ira
2780 4023 3087 4115 percitus
3125 4023 3433 4096 Wladis-

339 4142 504 4214 laus
565 4141 898 4214 Poloniae
961 4143 1116 4215 Rex
1187 4141 1462 4213 audivit
1513 4141 1587 4214 id
1643 4142 1935 4214 facinus
2003 4143 2070 4214 N
2077 4164 2152 4215 ec
2208 4143 2584 4216 immerito:
2652 4144 2993 4216 violatum
3068 4146 3249 4217 enim
3320 4145 3431 4217 ius

335 4261 691 4354 gentium,
753 4265 987 4351 spreta
1039 4261 1558 4352 germanitatis,
1617 4267 1686 4334 et
1741 4263 1926 4352 quod
1981 4262 2212 4334 omnia
2266 4268 2582 4354 superat,
2640 4264 3103 4337 humanitatis
3159 4264 3435 4336 foedera

338 4381 420 4453 in
456 4381 692 4452 nuntii
747 4380 858 4452 sui
915 4380 1334 4472 querebatur
1386 4401 1704 4472 persona.
1763 4382 2175 4454 Multifariis
2216 4382 2558 4474 siquidem
2598 4384 3203 4474 persuasionibuS,
3253 4385 3431 4456 mul-

291 4500 578 4592 ‚tisque
648 4499 1014 4572 blanditiis
1079 4497 1348 4572 efficere
1412 4502 1567 4573 Rex
1631 4503 1890 4574 Ducem
1955 4503 2094 4575 sibi
2157 4503 2575 4595 morigerum
2638 4503 2999 4576 nitebatur
3060 4510 3131 4576 et
3184 4504 3431 4575 unani-

339 4640 556 4692 mem:
613 4641 852 4692 verum
911 4620 1124 4692 Ducis
1180 4620 1434 4693 levitas
1497 4621 1708 4693 ducta
1769 4622 2078 4695 moribus
2133 4623 2584 4710 inconsultiS,
2642 4623 2729 4694 ad
2778 4644 2928 4696 eam
2968 4623 3431 4696 temeritatem

335 4739 716 4832 processit,
774 4745 855 4810 ut
909 4740 1120 4813 etiam
1177 4741 1487 4832 legatum
1542 4741 1810 4833 regium
1866 4742 2209 4814 veraciter
2253 4747 2323 4816 01
2360 4742 2659 4816 fideliter
2714 4744 3152 4830 suadentem,
3212 4743 3430 4814 viola-

334 4863 482 4946 ret,
558 4858 672 4931 cui
742 4860 939 4930 velut
991 4859 1184 4950 pacis
1250 4861 1436 4932 inter
1488 4883 1678 4934 arma
1731 4862 2193 4934 infestissima
2255 4868 2648 4954 sequestre,
2717 4863 2968 4936 deferri
3033 4863 3241 4936 etiam
3297 4885 3338 4934 a
3369 4863 3433 4951 5)

335 4978 660 5052 barbaris
716 4979 916 5051 solet.

558 5250 603 5329 ¹)
652 5256 714 5312 ut
759 5253 933 5312 etiam
983 5247 1134 5313 cod.
1182 5250 1372 5314 ΕΟΖ-ν.
1422 5251 1476 5332 ²)
1521 5271 1712 5328 neque
1769 5251 1918 5316 cod.
1966 5251 2155 5316 Rozr.
2206 5253 2253 5333 ³)
2298 5256 2484 5315 Breze
2533 5249 2683 5317 Cod.
2740 5253 2917 5320 Calv.
2968 5251 3022 5335 ⁴)
3066 5257 3257 5316 minus
3301 5253 3429 5318 Ed.

334 5352 523 5437 Lips.
570 5352 620 5431 ⁵)
664 5355 742 5416 ab
784 5355 934 5432 ipsis
983 5351 1134 5418 Cod.
1177 5353 1369 5417 Rozr.
