4342 6384
884 468 1030 543 558
2041 494 2269 548 mann
2322 494 2833 548 nuonnomus.
3414 472 3550 573 (Α.
3590 474 3681 548 D.
3722 471 3986 570 1435.)

877 788 1178 862 cruciferi
1222 791 1456 863 iteruin
1471 845 1488 878 ,
1532 792 1730 863 victis
1774 792 2094 864 Livonitis
2139 810 2179 863 a
2223 792 2593 879 Lithusnis,
2646 793 2791 865 dies
2834 796 2912 864 ut
2960 794 3356 884 praefigatur
3400 794 3751 867 firmandae
3798 795 3981 883 pat-2⁸

1406 912 1790 1001 perpetuae,
1837 929 2027 1001 quam
2073 912 2253 1003 prius
2297 912 2639 1001 nolebant,
2684 913 3042 1003 inpetrant
3088 932 3127 985 a
3170 915 3447 988 Polonis.

1087 1159 1310 1231 Teuta
1345 1162 1453 1231 est
1489 1156 1720 1231 diaeta
1747 1157 2092 1252 generalis
2123 1158 2200 1231 in
2230 1158 2483 1251 oppido
2521 1160 2905 1253 Brzesczye
2943 1161 2995 1249 1)
3035 1160 3384 1253 Cuyaviae
3418 1182 3543 1251 pro
3581 1160 3695 1235 die
3730 1161 3973 1235 Sancti

885 1277 1201 1351 Floriani
1253 1298 1376 1369 per
1429 1278 1792 1351 Praelatos
1848 1284 1918 1351 et
1971 1278 2336 1371 Principes
2392 1302 2471 1352 ac
2523 1281 2816 1353 barones
2873 1280 3210 1353 Poloniae
3265 1302 3353 1354 ex
3406 1302 3579 1369 una,
3636 1286 3709 1354 et
3752 1282 3971 1375 Magi·

884 1402 1108 1470 strum
1163 1402 1232 1473 et
1286 1398 1889 1471 Commendatores
1944 1419 2024 1471 ac
2076 1398 2351 1471 nobiles
2405 1400 2739 1474 Prussiae
2794 1406 2995 1491 parte
3050 1420 3139 1473 ex
3194 1401 3440 1473 altera.
3498 1402 3586 1473 In
3640 1423 3783 1493 qua
3820 1424 3971 1475 cum

883 1518 1206 1611 pluribus
1264 1517 1682 1591 tractatibus
1736 1518 1820 1591 de
1875 1540 2042 1610 pace
2094 1523 2434 1611 perpetua
2486 1519 2995 1614 investigatum
3059 1525 3277 1610 esset,
3346 1525 3418 1593 et
3480 1521 3819 1595 cruciferi
3872 1522 3970 1594 dj-

883 1638 1108 1712 versis
1181 1637 1835 1729 interpositionibus
1909 1644 2285 1711 tractatum
2358 1639 2763 1713 huiusmodi
2823 1642 3286 1732 protelarent,
3354 1642 3553 1729 adeo,
3620 1650 3706 1715 ut
3766 1642 3971 1715 etiam

885 1758 1246 1836 Praelatos
1311 1765 1380 1831 et
1440 1758 1732 1831 barones
1796 1758 2132 1831 Poloniae
2194 1758 2269 1830 in
2334 1760 2645 1833 Sluszow
2676 1760 2739 1850 2)
2803 1782 2927 1853 pro
2996 1760 3419 1833 stabilienda
3473 1762 3755 1834 facilius
3809 1783 3970 1853 pace

885 1878 1273 1967 traherent,
1332 1878 1534 1970 quasi
1589 1877 1922 1970 oppidum
1978 1879 2360 1971 Brzesczye
2414 1881 2611 1953 locus
2666 1880 2956 1954 idoneus
3012 1882 3097 1953 ad
3152 1882 3701 1954 concludendam
3738 1902 3968 1973 pacem

886 2022 1026 2072 non
1081 2005 1297 2073 esset:
1355 2020 1494 2071 non
1548 1997 1770 2092 magis
1826 1998 2185 2091 praestitit
2238 1999 2702 2075 conficiendae
2739 2000 2897 2092 paci
2935 2000 3265 2092 oppidum
3307 2001 3621 2074 Sluszow
3650 2000 3715 2091 3)
3771 2024 3969 2093 quam

889 2120 1304 2212 Brzesczye,
1363 2120 1690 2211 quoniam
1728 2118 2062 2193 cruciferi
2099 2119 2369 2193 animos
2407 2122 2737 2195 tenebant
2774 2112 3103 2195 armatos.
3163 2121 3551 2196 Gerebatur
3586 2122 3777 2195 enim
3814 2127 3971 2194 tunc

888 2240 1151 2313 bellum
1206 2239 1390 2314 inter
1441 2240 1768 2333 Magnum
1823 2241 2086 2313 Ducem
2141 2240 2564 2314 Lithuaniae
2628 2240 3189 2335 Sigismundum,
3258 2242 3458 2315 cuius
3512 2248 3714 2316 erant
3768 2242 3967 2315 etiam

885 2359 960 2432 in
1006 2358 1162 2452 ipsa
1199 2358 1656 2433 conventione
1709 2358 2055 2433 notabiles
2109 2358 2183 2431 in
2237 2364 2435 2451 parte
2488 2361 2720 2454 Regni
2784 2360 3117 2435 Poloniae
3180 2367 3486 2435 oratores
3541 2364 3629 2434 ab
3683 2384 3853 2449 una,
3906 2366 3971 2435 et

886 2480 1299 2573 Magistrum
1364 2479 1730 2568 Livoniae,
1797 2479 2053 2571 quibus
2117 2480 2454 2553 Cruciferi
2519 2480 2603 2553 de
2666 2480 2959 2554 Prussia
3020 2482 3402 2555 notabilem
3474 2503 3599 2573 pro
3666 2481 3967 2555 subsidio

885 2598 1224 2675 miserant
1269 2600 1686 2688 exercitum,
1743 2600 2064 2691 partibus
2121 2601 2207 2674 ab
2262 2602 2518 2689 altera,
2586 2606 2657 2674 et
2710 2600 2909 2675 illius
2967 2608 3293 2675 eventum
3347 2601 3684 2675 cruciferi
3703 2659 3720 2690 ,
3780 2601 3967 2693 quasi

885 2720 1062 2795 certi
1097 2720 1180 2795 de
1218 2720 1543 2809 victoria,
1599 2722 2088 2814 expectabant.
2142 2722 2491 2795 Praelatis
2529 2726 2763 2795 autem
2802 2727 2873 2795 et
2909 2722 3286 2795 baronibus
3322 2721 3659 2794 Poloniae
3697 2722 3784 2795 de
3820 2723 3964 2795 Slu-

888 2862 1068 2914 szow
1100 2841 1163 2931 ⁴)
1217 2861 1292 2913 re
1345 2840 1604 2914 infecta
1658 2840 2215 2931 discedentibus,
2271 2841 2566 2916 nuntius
2622 2842 2780 2915 illis·
2821 2843 2943 2915 sed
2980 2848 3051 2915 et
3088 2844 3267 2916 alter
3304 2841 3679 2915 Cruciferis
3716 2844 3966 2914 allatus

888 2965 1028 3045 est,
1085 2958 1477 3033 certificans
1530 2959 1868 3035 Livoniae
1920 2960 2337 3054 Magistrum
2391 2964 2694 3035 Barthor
2747 2962 2832 3035 de
2886 2963 2985 3034 Lo
3018 2962 3080 3052 5)
3135 2967 3207 3036 et
3244 2962 3631 3037 exercitum
3668 2962 3825 3036 eius
3858 2982 3967 3053 per

887 3080 1282 3153 Lithuanos
1335 3084 1764 3172 prostratum
1819 3085 1890 3154 et
1943 3082 2371 3154 confractum
2428 3104 2604 3155 esse.
2662 3083 2765 3155 Ea
2792 3082 2855 3171 θ)
2912 3082 3227 3157 novitate
3278 3082 3578 3175 permoti
3614 3081 3963 3169 cruciferi,

890 3200 1012 3292 qui
1044 3201 1106 3289 ⁷)
1161 3197 1338 3272 alias
1377 3199 1830 3273 fastidiebant
1867 3221 2104 3292 pacem
2144 3200 2529 3293 suscipere,
2587 3201 2825 3275 missis
2864 3201 3185 3277 celeriter
3220 3225 3443 3295 usque
3480 3202 3551 3279 in
3593 3204 3964 3292 Brzescz‘yc

889 3320 1160 3393 duobus
1224 3319 1910 3393 Commendatoribus
1977 3327 2047 3394 et
2111 3321 2383 3394 duobus
2448 3321 2859 3412 baronibu8‚
2928 3323 3013 3397 ad
3067 3344 3304 3414 pacem
3362 3344 3437 3395 se
3490 3321 3963 3414 paratissimos

889 3441 1219 3530 offerunt,
1285 3444 1358 3515 et
1423 3461 1546 3532 pro
1614 3462 1695 3513 ea
1757 3439 2193 3514 concilianda
2221 3442 2285 3531 8)
2338 3441 2557 3514 alium
2625 3442 3032 3529 terminum,
3098 3442 3281 3515 diem
3345 3440 3675 3515 videlicet
3740 3440 3967 3515 Sancti

888 3561 956 3633 N
963 3561 1174 3635 ieolai
1243 3560 1462 3635 indici
1533 3565 1604 3634 et
1673 3560 2012 3636 constitui
2086 3561 2362 3655 magnis
2433 3562 2759 3654 precibus
2823 3564 3201 3656 impetrant
3265 3570 3337 3636 et
3400 3562 3965 3653 inscriptionibus

889 3683 1190 3755 firmant.

891 4033 1032 4105 Alia
1075 4036 1426 4107 conventio
1471 4034 1758 4108 siradius
1802 4035 1884 4107 do
1929 4036 2108 4109 Helia
2161 4035 2557 4125 Vosewoda
2610 4036 2967 4108 loldaviae
3014 4053 3099 4108 ex
3142 4036 3539 4124 captivitato
3592 4031 3967 4106 dimittendo

2182 4159 2251 4227 et
2294 4155 2376 4227 de
2420 4155 2706 4228 decimis.

1099 4402 1208 4475 Ex
1263 4401 1722 4505 conventione
1775 4401 2211 4489 Brzestensi,
2271 4401 2537 4494 treugis
2594 4400 2970 4490 ordinatiS,
3028 4402 3203 4473 itum
3260 4408 3369 4473 est
3421 4401 3494 4472 in
3550 4400 3761 4471 aliam
3816 4420 3961 4471 con-

890 4523 1288 4597 ventionem
1326 4521 1796 4595 Siradiensem
1836 4544 1958 4612 pro
1996 4523 2109 4595 die
2147 4522 2388 4595 Sancti
2428 4522 2768 4595 Stanislai
2807 4520 3241 4609 institutam,
3300 4522 3387 4595 ad
3424 4542 3633 4611 quam
3672 4526 3743 4592 et
3784 4518 3962 4590 Wla·

891 4644 1160 4717 dislaus
1215 4644 1369 4716 Rex
1424 4665 1581 4716 cum
1634 4660 1962 4735 germano
2019 4663 2145 4715 suo
2201 4645 2391 4716 Duce
2445 4641 2806 4715 Kazimiro
2862 4647 2933 4715 et
2988 4642 3249 4733 Sophia
3294 4641 3566 4733 Regina
3606 4646 3826 4712 matre
3857 4638 3963 4709 ad-

891 4770 1201 4838 venerat.
1259 4762 1371 4836 Ibi
1426 4764 1636 4857 longa
1690 4761 2205 4837 concertatione
2260 4761 2700 4854 disputatum
2756 4766 2895 4851 est,
2954 4761 3018 4833 si
3064 4761 3311 4833 Helias
3352 4760 3771 4852 Woyewoda
3804 4757 3965 4831 Mol-

1105 5072 1150 5152 ¹)
1197 5074 1470 5134 Brzescie
1513 5071 1641 5135 Ed.
1683 5070 1865 5156 Lipar.
1917 5066 1971 5153 ⁹)
2019 5070 2293 5131 Sluchow
2343 5064 2493 5131 cod.
2541 5066 2717 5131 Kost.
2767 5070 2995 5129 Sturew
3027 5064 3153 5127 Ed.
3186 5064 3367 5149 Lips.
3401 5064 3742 5143 (Sluzewo).
3774 5062 3821 5142 ³)
3852 5063 3969 5122 sru-

895 5176 1058 5236 chow
1108 5171 1260 5239 Cod.
1315 5173 1491 5239 Kost.
1540 5179 1768 5238 Sturew
1813 5172 1939 5235 Ed.
1985 5171 2167 5256 Lips.
2217 5170 2269 5249 ⁴)
2316 5172 2589 5234 Sluchow
2638 5160 2791 5234 Cod.
2838 5168 3015 5232 Kost.
3063 5172 3293 5230 Stnrow
3337 5164 3463 5229 Ed.
3509 5164 3690 5249 Lips.
3740 5164 3790 5243 ⁵)
3838 5166 3964 5223 Bar·
4024 5228 4033 5239 ,

891 5278 1103 5339 todech
1167 5274 1320 5341 Cod.
1365 5276 1500 5341 Lis.
1562 5276 1618 5361 θ)
1665 5284 1726 5340 et
1769 5297 1843 5340 ea
1885 5278 2149 5338 novitate
2206 5274 2332 5339 Ed.
2394 5274 2574 5358 Lips.
2639 5273 2693 5355 ⁷)
2752 5276 2973 5352 quique
3031 5270 3157 5333 Ed.
3219 5269 3399 5355 Lips.
3464 5269 3519 5352 ⁸)
3580 5266 3969 5331 concludenda

905 5377 1057 5443 God.
1103 5378 1322 5442 Przcz.
