4342 6384
766 542 918 619 380
1925 568 2162 621 mmm
2213 568 2674 621 111111116111116.
3292 544 3425 647 (Α.
3464 544 3557 621 D.
3602 542 3879 645 1429.)

757 754 1178 843 Withawdi,
1237 754 1584 847 Sbigneus
1641 753 2010 847 episcopus
2065 751 2544 825 Cracoviensis
2601 756 2670 826 et
2724 752 3063 827 Nicolaus
3116 752 3201 827 de
3254 751 3617 825 Michalow
3656 754 3869 847 pala-

759 876 955 947 tinus
1011 873 1596 947 Sandomiriensis
1645 878 1714 947 et
1751 874 2162 965 capitaneus
2217 871 2727 961 cracoviensis»,
2779 872 2853 943 in
2890 871 3343 945 Lithuaniam
3396 874 3679 947 nomine
3718 874 3869 947 Re-

766 994 877 1087 gis
933 998 1003 1065 et
1057 994 1284 1086 Regni
1338 993 1740 1065 mittuntur.
1800 993 1935 1084 Qui
1987 1014 2111 1085 pro
2168 992 2345 1065 festo
2401 992 2713 1065 Paschae
2762 990 2837 1063 in
2875 992 3153 1066 Grodno
3207 991 3604 1081 venienteS,
3662 995 3871 1067 Duce

761 1114 1158 1187 Withawdo
1215 1112 1368 1185 illic
1423 1112 1713 1200 offenso,
1773 1113 2099 1185 mandata
2151 1111 2417 1204 regalia
2472 1112 2911 1202 exponendo,
2950 1110 3275 1203 pluribus
3314 1112 3549 1187 verbis
3586 1117 3659 1187 et
3694 1135 3865 1207 per·

753 1233 1200 1305 suasionibus
1265 1232 1468 1304 illum
1515 1236 1828 1319 1116116111,
1895 1232 2269 1303 hortantur
2306 1236 2377 1304 et
2412 1230 2809 1321 requirunt,
2860 1234 2941 1303 ut
2986 1231 3537 1305 iuramentorum
3576 1234 3749 1308 fidei
3790 1239 3869 1308 et

755 1354 1110 1426 foederum
1165 1374 1302 1425 11611
1357 1352 1750 1436 immemor,
1808 1372 1882 1425 se
1936 1352 2199 1443 Regem
2255 1351 2678 1424 Lithuaniae
2716 1349 2935 1425 creari
2973 1350 3047 1423 in
3082 1350 3587 1443 praeiudicium
3626 1353 3867 1446 Regni

753 1472 1088 1545 Poloniae
1141 1473 1548 1544 nullatenus
1610 1472 1953 1562 patiatur:
2023 1475 2324 1559 attento,
2393 1471 2577 1563 quod
2642 1471 2902 1543 creatio
2984 1470 3141 1563 ipsa
3194 1472 3418 1565 magis
3473 1477 3543 1544 et
3598 1474 3861 1545 famam

759 1614 956 1665 suam
1015 1595 1085 1664 et
1139 1613 1390 1664 nomen
1447 1592 1825 1679 diminuat,
1883 1612 2091 1683 quam
2147 1591 2455 1664 attollat.
2514 1591 2721 1663 Nunc
2776 1591 2961 1665 enim
3019 1592 3205 1663 inter
3255 1592 3484 1665 Duces
3524 1612 3603 1665 eo
3647 1614 3864 1684 supe-

757 1712 901 1785 rior
953 1712 1306 1784 numerari
1357 1734 1495 1783 non
1550 1715 1812 1803 potest,
1854 1712 1976 1803 qui
2022 1716 2309 1803 cogetur
2346 1730 2498 1784 esse
2536 1710 2825 1784 inferior
2861 1717 2931 1785 et
2967 1710 3297 1797 ultimus,
3360 1712 3628 1803 fulgore
3664 1712 3861 1803 prio-

756 1833 856 1905 ris
913 1831 1422 1904 aestimationis
1479 1830 2002 1919 contenebrato,
2061 1830 2244 1903 inter
2300 1831 2553 1922 Reges,
2620 1830 3036 1905 Attenderet
3090 1829 3455 1922 sanguinis
3510 1832 3875 1921 profluvia

759 1952 944 2023 inter
998 1950 1190 2042 ipsos
1249 1951 1500 2023 fratres
1557 1954 1626 2021 et
1679 1950 1976 2042 populos
2032 1970 2303 2038 eorum,
2362 1949 2482 2042 qui
2538 1950 2969 2023 concorditer
3014 1950 3100 2023 ab
3138 1949 3427 2023 ineunte
3482 1953 3715 2023 aetate
3750 1950 3865 2023 vi-

761 2072 1018 2158 vendo,
1076 2069 1504 2161 magnificati
1542 2073 1773 2156 erant,
1815 2070 2080 2161 absque
2116 2070 2330 2143 dubio
2366 2073 2815 2161 proventura.
2872 2069 2940 2141 N
2944 2090 3020 2142 ec
3056 2090 3209 2143 6666
3246 2070 3613 2161 prudentis
3650 2069 3869 2142 Prin-

765 2190 944 2281 cipis
1001 2210 1210 2281 opuS,
1269 2187 1340 2261 in
1397 2192 1624 2262 aetate
1679 2192 1823 2261 tam
1877 2188 2229 2280 decrepita
2293 2188 2548 2281 exiguo
2613 2189 2767 2261 auri
2821 2193 2893 2263 et
2943 2209 3372 2281 gemmarum
3428 2188 3665 2261 ornari
3717 2188 3865 2262 cir-

763 2311 954 2398 culo,
1014 2314 1084 2381 et
1137 2308 1458 2381 nationes
1514 2306 1748 2379 studio
1805 2328 2040 2381 eorum
2095 2308 2336 2381 unitas
2391 2308 2657 2381 mutuis
2711 2308 2923 2381 bellis
2979 2308 3221 2381 collidi
3278 2315 3349 2381 et
3400 2309 3870 2383 1161161666-

766 2434 876 2501 sto
932 2426 1226 2501 involvi.
1283 2427 1615 2520 Proprior
1668 2426 1846 2499 volit
1901 2448 2053 2499 esse
2106 2426 2430 2519 publicae
2485 2428 2819 2517 utilitati,
2879 2449 3086 2519 quam
3141 2428 3418 2522 privato
3470 2429 3869 2521 splendori:

763 2569 898 2621 nec
938 2534 947 2543 ’
961 2569 1084 2639 pro
1149 2551 1291 2619 tam
1355 2547 1627 2620 modica
1707 2546 2203 2637 amplitudine,
2270 2546 2343 2619 in
2407 2547 2695 2619 dubium
2756 2548 3175 2637 revocanda,
3244 2547 3603 2621 involvere
3654 2570 3733 2621 se
3786 2554 3871 2623 et

761 2670 1046 2742 fratrem
1104 2688 1309 2739 61111111
1359 2666 1572 2739 bellis
1627 2670 1932 2755 aestuet,
1990 2665 2312 2758 nihilque
2366 2666 2643 2740 dubitet
2696 2666 3171 2741 Wladislaum
3224 2668 3560 2741 Poloniae
3594 2667 3869 2761 Regem

763 2792 834 2861 et
886 2787 1191 2859 Polonos
1247 2786 1460 2860 armis
1517 2807 1714 2859 suam
1769 2786 2223 2861 ambitionem
2278 2786 2747 2860 restricturos.
2804 2786 3311 2879 Respondendo
3348 2786 3463 2859 1116
3501 2788 3662 2859 1)1111
3704 2786 3867 2860 Wi-

763 2906 1084 2979 thawdus
1141 2906 1429 2979 asserit:
1487 2907 1864 2997 Nunquam
1923 2906 2140 2979 fuisse
2202 2905 2547 2999 propositi
2610 2905 2723 2977 sui
2788 2906 3051 2999 Regem
3107 2927 3182 2981 se
3235 2906 3490 2993 creari,
3555 2912 3676 2979 aut
3730 2930 3870 2979 un·

769 3047 982 3118 quam
1037 3045 1162 3117 pro
1220 3024 1642 3099 excellentia
1705 3025 1834 3097 illa
1896 3024 2274 3113 institisse;
2342 3029 2504 3098 ante
2569 3046 2785 3097 annos
2850 3026 3111 3100 multos
3166 3046 3242 3099 se
3297 3023 3517 3099 fuisse
3570 3046 3692 3116 per
3748 3026 3867 3099 Si·

767 3143 1219 3238 gismundum
1275 3145 1743 3217 Romanorum
1799 3143 2063 3237 Regem
2125 3144 2593 3235 personaliter
2654 3143 3121 3232 solicitatum,
3186 3164 3315 3216 nec
3368 3144 3643 3217 dedisse
3694 3165 3865 3217 con-

770 3284 1083 3351 sensum,
1124 3282 1252 3335 nec
1289 3262 1362 3335 in
1401 3262 1708 3334 animum
1746 3262 1959 3335 talem
1997 3263 2446 3337 ambitionem
2484 3263 2883 3352 induxisse,
2922 3262 3061 3335 nisi
3100 3262 3396 3355 ipsemet
3422 3262 3869 3337 Wladislaus

768 3382 1104 3456 Poloniae
1155 3384 1312 3455 Rex
1365 3381 1692 3475 precibus
1747 3387 1817 3455 et
1872 3383 2190 3456 consiliis
2246 3382 2319 3455 id
2374 3384 2461 3456 ab
2517 3404 2595 3458 eo
2652 3383 3026 3476 exegisset.
3088 3382 3355 3475 Quibus
3392 3384 3693 3474 pare-ndo
3734 3405 3869 3475 pu-

766 3502 1030 3577 blicum
1089 3502 1308 3575 edidit
1364 3502 1504 3575 iam
1560 3523 2006 3589 consensum,
2064 3524 2193 3577 nec
2247 3503 2459 3575 licere
2514 3502 2652 3576 sibi
2704 3506 2865 3596 post
2898 3502 3447 3594 publicationem
3484 3524 3871 3576 consensus

767 3623 1078 3711 resilire,
1137 3627 1206 3695 et
1260 3622 1654 3713 incoeptam
1716 3642 1863 3694 rem
1928 3623 2013 3694 ad
2069 3622 2555 3695 universorum
2619 3623 3025 3695 devolutam
3086 3621 3445 3711 notitiam,
3512 3644 3669 3697 611111
3736 3645 3871 3695 sua

771 3742 1080 3815 maxima
1125 3740 1511 3833 ignominia
1559 3746 1628 3815 et
1675 3740 2209 3835 suggillatione,
2275 3741 2667 3833 relinquere
2732 3741 3083 3813 infectam.
3158 3742 3465 3832 Accepto
3528 3762 3867 3834 responso

772 3861 1011 3933 nuntii
1063 3865 1535 3935 revertuntur.
1601 3862 1763 3932 Dux
1829 3866 2060 3934 autem
2123 3861 2276 3953 ipse
2341 3860 2817 3948 WithawduS‚
2886 3868 2957 3934 et
3020 3881 3303 3933 suorum
3360 3865 3432 3932 et
3485 3861 3873 3935 forensium

775 3980 1173 4052 solicitatus
1226 3979 1833 4070 persuasionibus,
1891 4000 2179 4071 sperans
2235 3979 2711 4053 resistentiam
2761 3980 3141 4053 Wladislai
3175 3980 3395 4072 Regis
3451 3984 3522 4054 et
3558 4002 3867 4070 suorum,

773 4098 1176 4170 muneribus
1235 4103 1305 4171 et
1357 4098 1724 4189 promissis
1780 4100 2155 4192 confringi,
2213 4100 2378 4171 dum
2435 4099 2835 4172 sublimitas
2890 4098 3082 4191 regia
3136 4097 3274 4171 sibi
3312 4098 3387 4170 in
3423 4099 3576 4172 dies
3628 4100 3867 4173 dulce-

777 4221 1001 4291 sceret
1057 4221 1128 4289 et
1181 4238 1495 4308 saporem
1551 4218 1898 4310 ingereret
1935 4218 2385 4306 immensum,
2445 4240 2651 4309 quam
2692 4218 2903 4291 etiam
2940 4217 3160 4291 vicini
3193 4217 3562 4312 Principes
3600 4223 3671 4293 et
3705 4240 3867 4310 pro·

773 4334 912 4427 prii
951 4335 1219 4409 subditi
1258 4336 1407 4408 suis
1444 4337 1677 4411 verbis
1717 4337 2020 4428 amplius
2059 4336 2547 4426 dulcorabant,
2590 4337 2805 4411 misso
2858 4338 3391 4411 Bartholomaeo
3430 4338 3515 4413 de
3552 4338 3872 4429 Oppavia

778 4456 1053 4528 notario
1129 4477 1288 4543 suo,
1364 4456 1484 4547 qui
1539 4456 1750 4529 etiam
1805 4462 1974 4529 tunc
2027 4456 2345 4529 notarius
2410 4457 2765 4531 terrestris
2838 4456 3316 4530 cracoviensis
3380 4458 3670 4531 babitus
3735 4462 3867 4545 est,

782 4574 870 4646 ad
926 4574 1455 4666 Sigismundum
1509 4577 1980 4648 Romanorum
2034 4577 2299 4669 Regem
2372 4581 2540 4650 tunc
2594 4578 2780 4668 apud
2848 4576 3187 4649 Viennam
3268 4581 3589 4668 agentem
3628 4578 3707 4667 ¹),
3760 4577 3869 4648 111-

777 4697 974 4785 tegra
1037 4698 1334 4782 aestate,
1408 4698 1773 4782 autumno,
1849 4696 2077 4769 hieme
2133 4700 2204 4767 et
2260 4717 2419 4768 vere
2484 4696 2836 4769 solicitare
2866 4694 2928 4785 2)
2984 4717 3123 4768 11611
3176 4695 3489 4786 destitit,
3556 4701 3639 4769 ut
3692 4697 3871 4769 Duci

778 4812 1176 4885 Withawdo
1233 4834 1553 4886 coronam
1606 4815 1908 4905 regalem
1963 4820 2032 4887 et
2087 4816 2229 4887 alia
2284 4816 2594 4889 eiusdem
2640 4816 3107 4890 coronationis
3163 4816 3470 4909 insignia
3505 4818 3867 4891 transmit-

778 4936 928 5003 tere
958 4930 1019 5020 3)
1075 4931 1515 5004 acceleraret.
1573 4932 1698 5003 Cui
1737 4933 1901 5005 dum
1937 4939 2183 5025 postea
2219 4936 2445 5007 laesae
2483 4935 2873 5008 Maiestatis
2912 4936 3173 5007 crimen
3212 4935 3463 5008 fuisset
3498 4937 3870 5024 obiectum,

779 5050 1158 5139 praestito,
1215 5050 1385 5123 licet
1439 5052 1648 5139 false,
1705 5050 2127 5141 iuramento,
2183 5073 2476 5144 poenam
2530 5053 2833 5126 debitam
2890 5053 3139 5126 evasit.

999 5320 1045 5401 ¹)
1091 5323 1250 5398 apud
1291 5324 1584 5384 Viennam
1627 5327 1862 5401 reperto
1911 5316 2064 5385 Cod.
2115 5317 2291 5384 Galv.
2342 5320 2393 5403 2)
2443 5323 2743 5384 solicitare
2783 5342 2916 5385 eum
2952 5317 3104 5385 Cod.
3136 5320 3329 5385 Rozr.
3378 5321 3431 5403 ³)
3463 5325 3655 5385 eidem
3684 5330 3869 5385 trans-

781 5425 1014 5485 mittere
1062 5418 1214 5487 Cod.
1261 5422 1453 5487 Rozr.
