4342 6384
861 568 1009 642 248
2051 587 2279 642 marm
2330 585 2787 642 Unnncmus.
3384 564 3521 666 (Α.
3559 565 3652 640 D.
3694 565 3951 664 1420.)

845 773 1305 866 Samagittiae
1359 777 1430 846 et
1485 772 1833 846 Sudorum
1889 767 2025 846 sibi
2079 773 2351 847 auferre
2406 777 2476 846 et
2529 773 2903 846 cruciferis
2968 772 3467 865 appropriare..
3508 773 3739 866 Super
3790 772 3949 865 qui·

843 894 975 966 bus
1038 915 1394 986 nunquam
1462 893 1599 965 fuit
1662 893 1737 965 in
1798 898 1868 966 te
1929 914 2056 986 per
2115 897 2352 984 partes
2418 893 3025 985 compromissum,
3092 914 3173 965 eo
3230 893 3415 986 quod
3477 894 3683 966 nulla
3737 914 3951 985 super

845 1012 996 1085 illis
1051 1013 1455 1087 vertebatur
1515 1012 1810 1086 materia
1871 1006 2306 1087 differentiae
2360 1018 2431 1086 et
2486 1013 2945 1106 quaestionis,
3014 1013 3150 1087 Sed
3213 1034 3438 1105 neque
3498 1015 3575 1087 in
3628 1015 3949 1106 proposi-

842 1133 1154 1206 tionibus
1210 1138 1282 1206 et
1335 1133 1656 1206 articulis
1713 1132 1894 1221 sum,
1952 1133 2041 1205 ad
2095 1155 2273 1225 quae
2320 1153 2448 1205 nos
2484 1133 2883 1222 referimus,
2940 1154 3102 1225 pars
3140 1133 3433 1208 adversa
3468 1133 3783 1206 hostium
3818 1155 3945 1206 no-

845 1257 1150 1336 strorum
1205 1253 1713 1326 cruciferorum
1777 1253 2136 1326 occasione
2190 1257 2531 1327 terrarum
2600 1253 3003 1326 huiusmodi
3064 1254 3287 1326 ullam
3360 1255 3785 1328 mentionem
3848 1256 3949 1328 fe·

845 1379 1057 1447 cerat.
1124 1373 1516 1464 Interrupit
1579 1373 1772 1446 illico
1838 1373 2331 1466 sigismundus
2394 1374 2869 1448 Romanorum
2934 1375 3089 1447 Rex
3152 1374 3609 1467 legationem,
3675 1379 3749 1448 et
3808 1395 3953 1446 non

846 1495 1038 1567 ultra
1091 1515 1270 1586 quae
1323 1493 1720 1566 dicerentur
1770 1492 2058 1566 sufferre
2113 1494 2390 1582 valens,
2448 1493 2581 1566 ait:
2640 1495 2845 1566 Istud
2900 1499 3087 1567 certe
3140 1514 3265 1587 ego
3322 1516 3545 1586 neque
3592 1515 3949 1581 noveram,

848 1634 1074 1705 neque
1127 1635 1334 1686 nosse
1386 1617 1721 1705 poteram.
1782 1611 2130 1706 Sbigneus
2187 1613 2436 1687 deinde
2490 1615 2966 1706 prosequendo
3016 1613 3470 1706 legationem,
3528 1614 3949 1688 subintulit:

849 1733 1226 1806 Publicum
1281 1738 1421 1821 est,
1479 1732 1926 1806 serenissime
1951 1733 2161 1820 Rex,
2219 1733 2292 1806 in
2330 1733 2655 1807 omnibus
2688 1733 2963 1827 guerris
3001 1735 3055 1823 ¹)
3109 1733 3521 1822 transactis,
3576 1755 3739 1806 cum
3778 1734 3949 1806 cru·

847 1853 1088 1926 ciferis
1140 1853 1438 1940 habitis,
1497 1851 1872 1925 Dominum
1925 1865 2157 1926 meum
2216 1852 2887 1926 excellentissimum
2925 1853 3399 1926 Wladislaum
3434 1853 3771 1927 Poloniae
3810 1853 3951 1926 Re·

846 1995 1036 2065 gem,
1091 1971 1444 2064 praesidio
1498 1972 1739 2046 divino
1797 1974 2085 2062 fretum,
2161 1973 2470 2046 hostium
2536 1995 2819 2045 suorum
2884 1973 3392 2048 cruciferorum
3458 1973 3644 2047 vires
3700 1978 3773 2046 et
3826 1995 3948 2065 po·

842 2093 1146 2166 tentiam
1199 2071 1655 2185 confregisse3
1713 2097 1784 2165 et
1837 2075 2006 2167 licet
2058 2089 2223 2165 illos
2278 2098 2403 2165 tua
2458 2092 2877 2166 excellentia
2930 2093 3187 2165 solatio
3218 2092 3282 2182 2)
3338 2093 3724 2185 multiplici
3778 2115 3947 2186 gen-

850 2214 1028 2286 tium
1081 2218 1393 2301 tuarum,
1451 2211 1886 2304 caeterisque
1941 2211 2299 2304 suffragiis
2356 2210 2739 2285 adiuverit:
2798 2231 3009 2284 causa
3062 2216 3294 2285 tamen
3348 2212 3541 2304 regia
3594 2212 3829 2285 solida
3878 2217 3955 2284 et

852 2325 1130 2406 stabilis
1186 2332 1417 2420 stetit,
1475 2337 1672 2412 tauto
1730 2331 2046 2404 iustitiae
2103 2353 2273 2406 suae
2326 2330 2564 2425 vigore
2618 2331 2975 2418 roborata,
3035 2336 3116 2403 ut
3170 2353 3321 2404 eam
3376 2331 3617 2404 nullae
3652 2337 3953 2424 possent

849 2452 1202 2525 infirmare
1254 2451 1634 2543 potentiae.
1693 2452 2218 2543 Quamprimum
2274 2471 2437 2524 vero
2493 2451 2833 2524 Dominus
2883 2471 3077 2523 meus
3118 2451 3555 2524 wladislaus
3592 2452 3753 2525 Rex
3792 2473 3952 2526 cum

849 2578 972 2645 tua
1027 2571 1420 2647 Serenitate
1473 2572 1745 2645 foedere
1784 2591 1857 2644 se
1893 2570 2292 2657 coniunxit,
2352 2575 2424 2654 et
2478 2569 2552 2642 in
2594 2569 2735 2641 tuis
2772 2569 3095 2641 manibus
3132 2590 3415 2644 oausam
3452 2592 3645 2644 suam
3666 2627 3683 2660 ,
3744 2571 3953 2663 quasi

848 2692 922 2765 in
986 2693 1144 2767 sinu
1209 2693 1379 2781 fido,
1443 2697 1642 2765 ratus
1704 2699 1776 2764 te
1840 2691 2172 2778 amicum,
2241 2689 2597 2781 deposuit,
2666 2689 2861 2762 illico
2934 2710 3165 2764 rerum
3240 2711 3524 2764 suarum
3596 2691 3951 2764 iustitiam

847 2819 971 2885 tua
1032 2811 1601 2906 pronuntiatione
1664 2810 1986 2884 arbitrali
2055 2809 2536 2902 periclitatum
2568 2809 2654 2900 3)‚
2730 2831 3119 2903 magnoque
3192 2812 3481 2884 vulnere
3547 2813 3951 2884 confossum

849 2931 938 3004 iri
993 2932 1214 3004 sensit
1243 2933 1330 3021 ⁴).
1390 2930 1935 3004 Commemorare
1988 2936 2221 3004 autem
2279 2930 2487 3019 libet,
2545 2953 2753 3023 quam
2806 2931 3001 3004 fideli
3056 2936 3127 3004 et
3163 2935 3356 3004 casto
3406 2932 3635 3004 animo
3674 2937 3749 3005 et
3784 2937 3953 3004 ante

851 3057 922 3124 et
957 3057 1121 3143 post
1155 3052 1398 3125 foedus
1437 3071 1846 3142 percussum
1883 3051 2223 3123 Dominus
2261 3072 2458 3124 meus
2496 3050 3136 3124 excellentissimus
3174 3051 3509 3124 Poloniae
3546 3051 3703 3124 Rex
3746 3051 3949 3124 Wla-

850 3171 1122 3245 dislaus
1174 3171 1249 3242 in
1303 3175 1372 3243 te
1427 3170 1670 3257 fuerit,
1731 3175 2132 3262 quantaque
2188 3170 2419 3261 operis
2472 3171 2723 3244 effectu
2762 3171 2837 3242 in
2872 3175 2944 3243 te
2980 3169 3210 3243 officia
3244 3171 3645 3244 contulerit.
3702 3171 3952 3244 Omni-

849 3293 980 3365 bus
1038 3291 1382 3382 siquidem
1438 3291 1842 3384 Hungariae
1898 3291 2313 3379 baronibus,
2370 3292 2536 3363 dum
2593 3296 2672 3363 tu
2710 3296 2871 3382 post
2924 3289 3191 3364 cladem
3228 3311 3269 3362 a
3307 3291 3554 3364 Turcis
3590 3287 3781 3383 apud
3816 3290 3953 3364 Ni·
4019 3337 4027 3344 -

849 3411 1147 3503 copolim
1201 3416 1589 3502 acceptam,
1649 3415 1965 3483 mortuus
2024 3412 2249 3504 magis
2304 3432 2513 3502 quam
2568 3417 2816 3504 captus
2856 3417 2927 3484 et
2962 3411 3336 3485 incolumis
3374 3410 3802 3500 credebaris,
3862 3413 3957 3484 ad

849 3531 1224 3604 Dominum
1277 3553 1507 3604 meum
1545 3531 1878 3604 Poloniae
1913 3533 2176 3623 Regem
2213 3531 2717 3619 Wladislaum,
2769 3533 3173 3626 Hungariae
3210 3533 3533 3625 Regnum
3570 3531 3746 3604 miro
3784 3553 3952 3605 con-

849 3671 1060 3725 sensu
1089 3639 1593 3737 deferentibus,
1634 3652 1990 3743 suscipere
2028 3651 2209 3724 illud
2246 3650 2512 3738 renuit,
2554 3651 2865 3743 quinimo
2902 3673 3027 3744 pro
3064 3652 3482 3726 liberatione
3506 3657 3643 3738 ,tua
3670 3671 3955 3724 omnem

847 3793 1048 3845 suam
1119 3793 1396 3864 oporam
1470 3771 1747 3844 solicite
1816 3771 2127 3844 navavit.
2214 3771 2370 3844 Tibi
2441 3771 2731 3864 insuper
2792 3773 3075 3845 Italiam
3138 3772 3408 3864 petenti
3478 3771 3957 3864 quadraginta

848 3913 1352 3984 sexagenarnm
1407 3892 1708 3964 latorum
1762 3914 2162 3985 grossorum
2218 3893 2681 3986 Pragensium
2736 3894 2965 3966 millia
3017 3898 3305 3986 rogatus
3342 3892 3729 3979 mutuavit,
3788 3892 3951 3984 qni-

845 4012 979 4085 bus
1033 4017 1306 4103 poterat
1358 4012 1706 4084 notabiles
1763 4013 1890 4084 sub
1947 4012 2349 4085 infidelibus
2406 4019 2626 4087 terras
2682 4013 3117 4106 quaesivisse
3170 4018 3241 4084 et
3296 4033 3421 4084 suo
3488 4012 3731 4104 Regno
3778 4031 3951 4112 per-

845 4134 1058 4222 petuo
1113 4131 1539 4222 applicasse,
1595 4132 1937 4224 propitior
1990 4138 2154 4206 tuae
2209 4155 2417 4225 quam
2474 4155 2641 4206 suae
2694 4133 3125 4206 necessitati.
3184 4131 3275 4204 Et
3328 4130 3499 4204 lieet
3548 4152 3593 4204 a
3638 4134 3765 4203 tua
3820 4131 3951 4204 Se·

846 4250 1144 4324 renitate
1182 4249 1580 4323 districtum
1618 4257 1928 4339 tenuem,
1972 4259 2197 4326 terrae
2233 4253 2565 4326 videlicet
2602 4251 3163 4345 Sczepusiensis,
3213 4251 3426 4322 villas
3464 4251 3957 4323 tantummodo

847 4368 1210 4457 tredecim,
1267 4391 1390 4460 pro
1444 4370 1732 4462 pignore
1787 4392 2096 4444 summae
2150 4371 2556 4445 huiusmodi
2610 4371 2986 4464 acceperit:
3043 4372 3116 4444 id
3172 4375 3407 4442 tamen
3462 4369 3609 4462 egit
3662 4391 3743 4442 co
3794 4372 3957 4442 solo

847 4493 1202 4580 respectu,
1269 4510 1355 4562 ne
1421 4489 1764 4562 mutuatio
1829 4491 1983 4582 ipsa
2037 4512 2078 4563 a
2133 4495 2297 4564 tuae
2360 4491 2775 4565 Serenitatis
2842 4491 3174 4564 memoria
3238 4490 3615 4564 excideret.
3683 4489 3959 4562 Verum

847 4613 1046 4680 tanta
1103 4629 1266 4710 erga
1321 4614 1511 4681 tuam
1569 4610 2029 4683 serenitatem
2069 4611 2638 4702 obstringebatur
2675 4611 3053 4698 charitate,
3112 4610 3296 4701 quod
3335 4615 3657 4682 mutuum
3694 4609 3956 4682 huius-

849 4721 1034 4799 modi
1099 4727 1476 4802 induxerat
1539 4728 1612 4800 in
1667 4729 1976 4803 animum
2041 4730 2175 4803 tibi
2241 4730 2629 4803 liberaliter
2692 4731 3079 4820 remittere,
3151 4731 3215 4803 si
3268 4752 3311 4802 a
3363 4735 3488 4802 tua
3550 4728 3961 4803 Serenitate

847 4847 1103 4919 fuisset
1155 4847 1428 4939 aliquot
1483 4847 1716 4922 verbis
1773 4871 1981 4941 super
2034 4852 2164 4922 hoc
2220 4848 2640 4922 solicitatuS.
2709 4851 2889 4924 Item
2955 4851 3271 4924 exercitu
3334 4855 3455 4922 tuo
3510 4847 3959 4942 Hungarico,

849 4971 921 5039 te
959 4967 1144 5059 apud
1181 4955 1714 5042 Constantiense
1752 4969 2138 5044 concilium
2184 4974 2467 5062 agente,
2514 4991 2639 5061 per
2675 4971 2936 5043 Turcos
2974 4971 3326 5058 conflicto,
3366 4969 3708 5042 Dominus
3745 4989 3959 5042 meus

849 5085 1514 5160 excellentissimus
1543 5087 1978 5160 Wladislaus
2032 5088 2367 5162 Poloniae
2420 5091 2574 5162 Rex
2638 5111 2761 5183 per
2814 5089 3057 5163 literas
3114 5093 3185 5163 et
3237 5089 3525 5162 nuntios
3589 5088 3957 5180 frequenti

1067 5358 1114 5437 ι)
1159 5359 1330 5420 bellis
1379 5355 1531 5422 God.
1581 5359 1774 5422 Rozr.
1823 5359 1878 5440 Β)
1924 5363 2146 5423 anxilio
2194 5357 2347 5424 cod.
2393 5359 2586 5426 Rozr.
2638 5361 2695 5444 ³)
2738 5364 3128 5440 periclitatam
3177 5358 3330 5425 cod.
3376 5359 3569 5426 Rozr.
3627 5358 3681 5442 ⁴)
3713 5363 3963 5424 confos-

852 5481 979 5536 sam
1023 5479 1158 5540 esse
1202 5463 1375 5555 cepit.
1426 5457 1576 5540 Cod.
1624 5459 1816 5550 Rozr.
3442 5455 3445 5458 ’
