4342 6384
880 589 1029 662 356
2068 609 2292 661 menn
2345 607 2800 662 annuemus.
3409 580 3542 682 (Α.
3581 583 3674 656 D.
3718 579 3972 681 1428.)

871 797 1057 869 inter
1119 797 1291 868 duos
1356 796 1737 866 Turcorum
1803 793 2065 866 milites
2132 792 2526 880 contentio,
2593 791 2796 864 cuius
2861 797 3048 866 esset
3109 791 3471 884 captivu8‚
3542 795 3786 864 exorta
3839 793 3971 877 est,

874 921 1173 1007 utroque
1238 915 1438 986 illum
1504 918 1787 1005 propter
1851 913 2124 1004 pondus
2191 912 2422 1004 regiae
2488 911 2914 1000 maiestatiS,
2985 912 3170 1003 quod
3223 911 3478 984 habere
3531 912 3968 999 credebatur,

877 1036 1017 1108 sibi
1079 1035 1515 1108 vendicante.
1584 1033 1718 1105 Sed
1784 1032 1950 1104 dum
2015 1031 2302 1104 inferior
2363 1031 2744 1123 potentiori
2808 1053 2947 1104 non
3001 1035 3242 1123 posset
3292 1031 3657 1119 resistere,
3715 1030 3976 1102 framea

878 1161 1153 1242 exerta,
1212 1158 1422 1244 caput
1476 1151 1807 1224 Zawissio
1848 1151 2264 1242 amputavit.
2323 1151 2701 1244 Indignum
2739 1151 2942 1224 credo
2980 1150 3336 1225 iudicante
3376 1151 3432 1239 ¹)
3487 1153 3670 1239 Deo,
3729 1155 3810 1222 ut
3843 1149 3972 1222 mi-

870 1275 975 1347 les
1038 1271 1676 1347 christianissimus
1730 1272 1805 1342 in
1860 1271 2320 1344 Ethnicorum
2373 1272 2748 1344 haberetur
2802 1275 3173 1362 potestate.
3229 1271 3345 1342 Ita
3399 1270 3604 1342 miles
3641 1269 3968 1363 insignis,

874 1415 1043 1466 suae
1096 1393 1351 1466 aetatis
1406 1392 1839 1483 temporibus
1896 1391 2078 1463 nulli
2132 1390 2511 1480 secundus,
2571 1392 2918 1464 occubuit.
2978 1391 3201 1484 Caput
3239 1413 3444 1462 suum
3484 1389 3764 1463 Caesari
3801 1392 3974 1463 Tur·

875 1535 1111 1586 corum
1166 1513 1479 1586 delatum
1534 1517 1674 1596 est,
1732 1512 2027 1583 cadaver
2081 1511 2401 1584 exanime
2442 1511 2655 1584 armis
2695 1511 3110 1603 spoliatum,
3167 1509 3500 1584 Rasciani
3555 1510 3974 1582 mandarunt

879 1634 1308 1724 sepulturae.
1377 1631 1679 1704 Plurimi
1744 1631 2021 1722 quidem
2077 1631 2408 1702 mortales
2465 1630 2538 1702 in
2595 1652 2675 1703 ea
2729 1631 3036 1703 cecidere
3088 1651 3359 1722 pugna,
3419 1629 3540 1702 sed
3597 1649 3796 1702 nemo
3851 1650 3973 1700 no-

878 1753 1157 1826 bilitate
1212 1758 1282 1825 et
1318 1751 1615 1826 heroicis
1671 1751 1945 1823 actibus
2000 1748 2331 1821 Zawissio
2389 1748 2586 1842 nigro
2641 1749 3140 1841 praestantior,
3199 1771 3336 1822 non
3374 1771 3454 1822 eo
3491 1748 3971 1821 tantummodo

877 1872 1144 1964 praelio
1201 1894 1337 1964 quo
1394 1876 1640 1963 captus
1698 1869 2051 1957 occubuit,
2112 1871 2234 1942 sed
2290 1870 2363 1942 in
2403 1871 2724 1943 omnibus
2765 1870 3056 1962 praeliis
3096 1869 3298 1943 miles
3337 1869 3834 1943 celeberrimus
3869 1873 3975 1939 at-

881 2013 1015 2082 que
1071 1990 1499 2062 fortissimus
1563 1989 1881 2076 habituS,
1948 2010 2148 2060 omne
2215 1989 2504 2062 virtutis
2570 2010 2778 2081 opuS,
2845 1991 3043 2062 nullo
3101 1988 3570 2077 inaemulato,
3627 1987 3972 2061 imitatus

880 2111 1006 2184 Cui
1062 2109 1399 2182 sermonis
1454 2109 1679 2182 inerat
1735 2109 2083 2191 suavitas,
2150 2111 2349 2200 lepor
2401 2115 2470 2182 et
2525 2109 2936 2195 affabilitaS,
3004 2109 3106 2181 ita
3177 2113 3260 2181 ut
3333 2130 3472 2180 non
3537 2109 3766 2180 solum
3835 2107 3974 2180 vir-

883 2234 1125 2302 tuosos
1192 2235 1261 2302 et
1312 2229 1619 2315 nobile3‚
1689 2249 1931 2300 verum
1998 2228 2209 2301 etiam
2271 2229 2637 2317 barbaroS‚
2705 2250 2833 2301 sua
2895 2229 3222 2302 comitate
3285 2228 3372 2299 ad
3437 2249 3512 2300 se
3573 2227 3972 2319 perliceret3

881 2349 1301 2422 difficillimo
1360 2348 1649 2420 virtutis
1702 2369 1951 2440 genere
2004 2349 2313 2439 pollens,
2371 2353 2452 2420 ut
2505 2353 2574 2421 et
2618 2347 2966 2440 imprimis
3003 2346 3266 2439 praelio
3307 2351 3637 2419 strenuus
3680 2347 3860 2419 foret
3887 2345 3972 2436 2),

884 2473 953 2543 et
1009 2467 1309 2542 consilio
1364 2474 1576 2560 atque
1630 2466 2103 2540 moderatione
2140 2467 2449 2559 optimus
2488 2467 2724 2555 mileS,
2782 2489 2904 2558 pro
2945 2467 3095 2540 suis
3131 2466 3436 2539 heroicis
3473 2466 3783 2553 actibu8‚
3841 2488 3976 2538 non

884 2611 1035 2663 mea
1089 2587 1520 2660 solummodo
1578 2585 1775 2658 tenui
1831 2590 1900 2658 et
1936 2586 2164 2675 arida,
2223 2585 2345 2657 sed
2383 2586 2755 2659 Homerica
2793 2587 3006 2660 etiam
3042 2585 3446 2658 laudatione
3494 2585 3976 2678 dignissimus

882 2708 1011 2783 Cui
1046 2709 1133 2780 ad
1173 2728 1512 2780 summam
1550 2706 1855 2780 indolem
1894 2706 2105 2780 etiam
2159 2705 2419 2798 peritia
2473 2706 2889 2798 disciplinae
2926 2706 3257 2779 militaris
3295 2711 3715 2795 accesserat,
3775 2728 3976 2798 quam

880 2827 957 2901 in
994 2826 1211 2900 variis
1248 2826 1549 2918 Regnis,
1606 2826 1770 2897 dum
1808 2825 1938 2898 illa
1976 2825 2274 2898 militiae
2312 2846 2524 2898 causa
2561 2825 2832 2914 adibat,
2889 2829 3013 2898 aut
3067 2831 3250 2928 arte,
3308 2830 3432 2897 aut
3485 2825 3801 2918 ingenio,
3859 2831 3976 2897 aut

880 2967 1019 3019 usu
1074 2950 1372 3037 ceperat.
1430 2944 1647 3017 Cuius
1702 2944 1956 3017 virtuti
2008 2945 2083 3016 in
2138 2945 2503 3034 maiorem,
2561 2950 2641 3018 ut
2695 2945 3028 3035 arbitror,
3087 2947 3428 3038 fulgorem
3467 2945 3977 3018 celebritatem·

887 3086 1022 3158 que
1078 3064 1521 3151 efferendam,
1582 3063 2007 3138 occasionem
2046 3067 2326 3138 fortuna
2360 3065 2749 3156 praestitit,
2805 3069 2888 3136 ut
2941 3064 3075 3138 tali
3128 3069 3350 3138 morte
3397 3065 3699 3152 occisuS,
3759 3063 3976 3138 enite-

888 3189 1113 3258 sceret
1144 3183 1207 3273 ²¹)
1263 3205 1471 3274 quam
1524 3182 1875 3257 interiret:
1944 3184 2057 3256 cui
2112 3185 2352 3258 vivere
2408 3185 2542 3256 fuit
2579 3183 3082 3273 miserrimum,
3139 3184 3316 3256 mori
3350 3184 3658 3256 beatum.
3717 3185 3829 3256 Ad
3865 3205 3978 3258 cu·

884 3304 999 3376 ius
1038 3302 1403 3376 felicitatis
1440 3302 1798 3375 cumulum
1854 3303 2067 3376 etiam
2106 3325 2388 3376 consors
2425 3325 2623 3378 rarae
2661 3304 2983 3393 virtutiS,
3043 3303 3385 3392 Barbara,
3441 3303 3674 3395 neptis
3711 3325 3977 3395 germa-

888 3446 978 3496 na
1030 3423 1227 3496 Petri
1280 3422 1529 3496 Wisch
1565 3423 2041 3496 cracoviensis
2080 3423 2422 3515 episcopi,
2471 3428 2888 3512 accesserat,
2931 3424 3004 3496 in
3041 3421 3348 3494 filiorum
3385 3423 3580 3514 prole
3621 3423 3978 3509 foecunda,

889 3563 1067 3636 quae
1121 3541 1372 3615 marito
1429 3542 1719 3630 amisse,
1779 3545 1994 3615 semel
2048 3543 2298 3614 induta
2333 3544 2680 3636 „lugubria
2709 3545 2773 3633 ⁴)
2829 3565 3187 3635 nunquam
3241 3542 3473 3629 exuit,
3531 3543 3734 3616 cuius
3771 3543 3986 3616 semel

889 3667 1245 3754 sumptum
1299 3663 1683 3735 lamentum
1741 3683 1925 3734 mors
1980 3662 2238 3735 finivit.
2297 3663 2614 3737 Virtutes
2671 3663 2822 3736 eius
2853 3663 2941 3754 5),
2996 3663 3162 3735 dum
3217 3663 3521 3751 viveret,
3587 3663 3982 3756 sigismun-

888 3783 1020 3855 dus
1076 3783 1545 3855 Romanorum
1600 3787 1670 3854 et
1724 3781 2128 3875 Hungariae
2184 3784 2342 3855 Rex
2399 3805 2603 3875 saepe
2667 3783 2996 3872 miratus,
3065 3783 3292 3856 dicere
3347 3782 3604 3855 solitus
3657 3788 3810 3857 erat
3860 3803 3984 3874 pro

887 3907 1260 3992 usurpato,
1336 3905 1405 3974 et
1466 3903 1666 3974 velut
1729 3900 1839 3972 vir
1904 3901 2298 3974 industrius
2363 3909 2432 3976 et
2496 3903 2569 3975 in
2623 3903 3022 4000 coniectura
3093 3902 3776 3995 perspicacissimus,
3853 3905 3986 3976 fre-

890 4021 1221 4112 quentius
1277 4020 1736 4112 ingeminare,
1792 4021 2107 4112 pensatis
2146 4022 2300 4094 eius
2339 4023 2666 4114 operibus
2703 4029 2773 4096 et
2811 4023 3228 4096 virtutibus:
3287 4025 3670 4098 multorum
3709 4025 3984 4116 Regum

892 4161 929 4214 e
984 4139 1133 4212 vita
1186 4160 1555 4212 excessum
1612 4162 1749 4213 non
1802 4146 1947 4212 tam
2003 4143 2268 4214 clarum
2325 4147 2394 4215 et
2450 4143 2848 4234 vulgatum,
2907 4163 3113 4234 quam
3169 4143 3489 4217 Zawissii
3529 4142 3745 4236 nigri,
3805 4145 3986 4217 cele·

891 4261 1085 4333 brem
1142 4239 1477 4332 futurum.
1537 4257 1731 4350 Quod
1784 4263 1853 4330 et
1904 4260 2007 4332 rei
2064 4262 2541 4352 comprobavit
2593 4261 2914 4349 effectuS,
2983 4281 3108 4336 nec
3173 4284 3330 4334 eum
3397 4263 3630 4355 opinio
3699 4263 3986 4337 fefellit:

893 4399 1053 4450 nam
1108 4383 1178 4451 et
1230 4399 1353 4468 pro
1418 4378 1551 4450 fide
1616 4377 1907 4466 Christi,
1974 4380 2136 4452 aliis
2204 4381 2504 4472 turpiter
2565 4381 3128 4474 diffugientibuS,
3199 4382 3373 4454 mori
3436 4382 3854 4474 promeruit,
3917 4391 3988 4455 et

892 4505 1114 4570 morte
1168 4519 1296 4570 sua
1323 4497 1385 4586 θ)
1441 4497 1625 4588 apud
1681 4497 2076 4571 universam
2114 4499 2712 4574 christianitatem
2751 4503 3004 4573 famam
3037 4503 3098 4591 7)
3156 4503 3516 4594 vulgatam
3555 4509 3625 4575 et
3663 4524 3988 4575 sonoram

894 4638 1145 4690 occasu
1201 4637 1326 4688 suo
1381 4617 1768 4708 personuit.
1826 4617 2087 4709 Captus
2143 4625 2213 4690 et
2269 4626 2436 4693 tunc
2494 4621 2630 4692 fuit
2683 4623 2939 4693 Patrus
2987 4621 3214 4693 Woda
3249 4622 3334 4694 de
3375 4621 3818 4696 Sczekoczini
3859 4622 3988 4694 mi-

892 4739 997 4812 les
1051 4738 1136 4810 de
1189 4737 1392 4809 domo
1451 4743 1521 4809 et
1574 4736 1845 4809 familia
1898 4737 2344 4826 Odrowansz,
2403 4741 2778 4833 pluresque
2833 4741 2959 4813 alii
3015 4762 3102 4814 ex
3162 4743 3449 4814 Polonis
3514 4743 3809 4830 milites,
3867 4743 3994 4834 qui

892 4859 1129 4949 fugere
1198 4878 1417 4948 aeque
1489 4862 1693 4948 turpe
1764 4859 2141 4947 putabant;
2217 4860 2591 4933 elementia
2663 4867 2894 4933 tamen
2958 4861 3088 4932 Dei
3153 4867 3224 4933 et
3281 4861 3716 4954 Sigismundi
3771 4862 3992 4954 Regis

896 4996 1105 5066 opera
1168 4997 1208 5048 a
1263 4977 1677 5068 captivitate
1740 4975 2105 5068 redempti.
2175 4979 2580 5051 Zawissium
2626 4980 2904 5072 nigrum
2969 4980 3300 5068 militem,
3375 4982 3573 5053 velut
3644 4979 3992 5073 quoddam

1117 5247 1159 5324 ¹)
1220 5248 1517 5311 indicante
1574 5247 1701 5311 Ed.
1766 5247 1946 5332 Lips.
2013 5249 2065 5328 ²)
2125 5258 2284 5312 esset
2339 5249 2488 5317 Cod.
2549 5249 2740 5314 Rozr.
2805 5251 2857 5331 ⁸)
2921 5255 3272 5314 enitesceret
3327 5256 3519 5330 magis
3592 5251 3744 5320 Cod.
3799 5251 3994 5316 Rozr.

903 5347 957 5422 ⁴)
1004 5357 1231 5410 vestem
1274 5353 1581 5427 lugubrem
1626 5355 1807 5414 semel
1852 5354 2117 5412 indutam
2168 5350 2319 5416 Cod.
2366 5353 2558 5416 Rozr.
2610 5353 2665 5433 ⁵)
2711 5357 2839 5416 eius
2885 5356 2998 5416 viri
3033 5351 3186 5420 Cod.
3217 5353 3412 5418 Rozr.
3461 5353 3514 5436 ⁶)
3547 5362 3792 5418 mortem
3823 5375 3998 5418 suam

898 5449 1028 5514 Ed.
1075 5449 1255 5534 Lips.
1308 5451 1357 5533 ⁷)
1406 5454 1561 5514 fama
1602 5452 1729 5516 Ed.
1784 5452 1967 5538 Lips.
