4342 6384
346 464 480 566 (Α.
519 464 609 539 D.
650 466 903 568 1434.)
1495 493 1725 547 mmm
1775 492 2237 547 annuemus.
3291 472 3435 550 547

343 673 783 749 wladislaus
839 677 993 749 Rex
1049 677 1371 751 omnibus
1426 678 1941 771 apparamentis
1988 677 2202 772 regiis
2240 679 2579 768 vestitus,
2639 680 3030 755 diademate
3066 681 3284 774 capiti
3321 704 3437 757 su-

342 796 729 888 praposit0,
788 797 1011 869 latera
1066 818 1194 869 sua
1256 798 1695 871 Cracoviensi
1751 805 1821 870 et
1868 798 2193 872 Plocensi
2232 798 2614 890 episcopie,
2671 799 3196 891 pontificalibus
3233 800 3436 876 indu-

343 916 470 1003 tie,
528 916 1004 1009 cingentibuS,
1062 916 1149 989 ad
1203 917 1446 990 urbem
1502 939 1699 989 suam
1757 939 1792 990 e
1831 923 2091 1005 castro,
2151 918 2602 1012 Principibus
2643 924 2714 991 et
2746 919 3126 994 baronibus
3163 920 3239 993 in
3273 922 3434 1013 plu-

342 1036 516 1109 rimo
588 1057 871 1109 numero
946 1035 1148 1108 illum
1188 1037 1240 1125 1)
1298 1041 1367 1109 61
1422 1037 2001 1129 praecedentibus
2068 1042 2137 1110 et
2204 1038 2828 1129 subsequentibus,
2909 1040 3303 1130 descendit,
3371 1046 3442 1117 61

341 1157 517 1230 locis
580 1156 893 1230 civitatis
958 1155 1463 1249 insignioribus
1536 1158 1893 1245 lustratiS,
1971 1178 2297 1250 magnum
2365 1159 2449 1231 de
2505 1180 2578 1232 se
2634 1161 3113 1250 spectaculum
3177 1162 3438 1253 populo

340 1276 713 1368 praebens,
770 1278 857 1349 ad
909 1278 1169 1369 regiam
1238 1298 1435 1349 suam
1499 1299 1823 1351 reversus
1890 1282 2019 1350 est.
2087 1278 2174 1349 In
2228 1285 2718 1370 praeparatum
2773 1285 3005 1353 autem
3063 1280 3200 1353 sibi
3255 1281 3439 1359 circa

343 1398 579 1470 aedem
632 1396 965 1489 praetorii
1022 1418 1159 1468 non
1214 1397 1577 1471 descendit
1638 1400 2058 1484 thalamum,
2134 1398 2257 1471 ubi
2320 1400 2688 1472 consulum
2745 1404 2814 1473 et
2868 1400 3125 1475 civium
3197 1401 3437 1475 Craco·

343 1515 690 1590 viensium
745 1521 1201 1608 suscepturus
1268 1522 1419 1591 erat
1482 1518 1977 1607 subiectionis,
2043 1517 2480 1593 obedientiae
2545 1525 2615 1593 et
2669 1518 3036 1592 fidelitatis
3090 1520 3438 1595 iuramen-

342 1644 527 1725 tum,
584 1643 866 1729 propter
920 1636 1149 1726 litem,
1208 1658 1385 1730 quae
1440 1637 1626 1711 inter
1677 1638 2044 1729 pontifices
2102 1642 2174 1711 61
2227 1639 2584 1711 Masoviae
2622 1640 2884 1727 Duces,
2941 1640 3132 1712 latus
3171 1640 3438 1735 regium

341 1756 759 1845 ambientes,
819 1758 903 1830 de
959 1756 1449 1849 superioritate
1505 1764 1576 1831 et
1628 1758 1995 1849 prioritate
2050 1757 2188 1832 loci
2227 1760 2455 1832 fuerat
2495 1760 2901 1833 subsecuta:
2959 1760 3280 1852 utrisque
3317 1762 3438 1834 ad-

232 1886 239 1889 ·
343 1877 767 1965 nitentibu3‚
826 1899 899 1950 se
953 1878 1041 1950 ad
1096 1877 1453 1951 dexteram
1508 1878 1757 1971 RegiS‚
1816 1879 1981 1951 dum
2036 1880 2123 1951 ad
2179 1880 2567 1952 thalamum
2623 1902 2710 1953 ex
2749 1902 2928 1973 equo
2965 1880 3434 1970 descenderet,

342 2019 823 2085 consessuroS‚
901 2004 972 2070 et
1038 1998 1364 2089 pluribus
1426 1998 1851 2086 rationibuS,
1919 2000 2031 2071 his
2094 1998 2601 2091 pontificalem,
2677 1999 2826 2073 illis
2891 2020 3054 2073 vero
3123 2000 3444 2075 ducalem

339 2122 695 2211 praestare
750 2117 1253 2191 deducentibus
1307 2117 1747 2213 dignitatem.

340 2474 692 2561 wladislao
736 2474 908 2563 nege
952 2473 1276 2563 impubere
1322 2476 1661 2559 coronato,
1707 2472 2075 2563 provisores
2120 2473 2397 2564 tingunt
2441 2475 2637 2547 terrie
2665 2474 2966 2547 roloniae
2995 2475 3439 2565 estinanter.

549 2721 1156 2815 Subsequentibus
1214 2720 1495 2810 diebus,
1553 2723 1791 2814 plures
1849 2727 1918 2795 et
1970 2721 2254 2813 publice
2290 2728 2362 2795 et
2397 2722 2730 2815 privatim
2767 2721 2992 2795 habiti
3050 2727 3218 2795 sunt
3253 2722 3439 2797 inter

343 2844 643 2917 maiores
709 2844 890 2935 (iam
958 2841 1142 2915 enim
1217 2843 1475 2935 vulgus
1542 2848 1611 2917 et
1675 2842 2061 2916 communis
2135 2842 2475 2918 nobilitas
2539 2842 2999 2932 discesserat)
3064 2848 3434 2933 tractatae,

342 2963 681 3057 qualiter,
741 2963 1080 3055 quomodo
1121 2969 1191 3035 et
1227 2983 1352 3053 per
1390 2985 1597 3055 quos,
1656 2965 1977 3057 Regnum
2016 2964 2380 3052 Poloniae,
2421 2962 2816 3035 Wladislao
2855 2964 3048 3057 Rege
3086 2962 3436 3038 existente

339 3085 731 3176 impubere,
789 3087 1026 3175 posset
1080 3088 1150 3155 et
1204 3082 1486 3155 deberet
1549 3084 1623 3155 in
1685 3084 1865 3156 bono
1932 3082 2174 3157 ordine
2229 3090 2299 3156 et
2351 3105 2519 3176 pace
2571 3082 2970 3177 gubernari.
3037 3083 3442 3176 Multaeque

341 3204 429 3277 ad
481 3226 623 3277 rem
678 3205 859 3275 hanc
914 3206 1194 3293 apertae
1250 3203 1534 3274 fuerunt
1558 3202 1761 3303 viae,
1820 3203 2065 3276 multis
2105 3224 2382 3295 quoque
2420 3202 2792 3277 videbatur
2826 3202 3119 3290 bonum,
3159 3208 3239 3275 ut
3275 3204 3440 3299 Dux

342 3323 694 3397 Masoviae
751 3322 1189 3411 SemovituS,
1250 3322 1371 3415 qui
1426 3327 1593 3396 tunc
1656 3321 2027 3396 Cracoviae
2079 3344 2412 3415 praesens
2468 3328 2649 3411 erat,
2717 3343 2892 3395 onus
2951 3322 3439 3415 gubernatoris

342 3451 411 3517 61
467 3442 721 3515 tutoris
778 3447 1193 3529 assumeret,
1254 3448 1402 3514 tum
1460 3442 1627 3535 quia
1678 3443 2072 3515 Wladislao
2125 3442 2306 3536 Regi
2346 3441 2686 3536 sanguine
2722 3441 3117 3534 propinquo
3155 3441 3440 3515 iunctus

340 3567 519 3651 erat,
589 3569 736 3635 tum
802 3561 969 3653 quia
1031 3561 1235 3635 illum
1300 3561 1577 3634 bonitas
1646 3568 1717 3633 et
1769 3561 2141 3654 prudentia
2207 3562 2642 3634 illustrabat.
2712 3562 2906 3633 Dura
2971 3566 3205 3633 tamen
3269 3562 3441 3634 haec

339 3683 644 3755 conditio
718 3682 902 3774 parti
974 3682 1220 3755 maiori
1292 3681 1449 3753 visa
1512 3686 1651 3769 est,
1719 3702 1805 3754 ne
1858 3686 1983 3753 aut
2036 3680 2326 3754 ambitio
2393 3680 2621 3772 Regni
2676 3679 2790 3753 illi
2843 3680 3227 3767 incederet,
3283 3684 3431 3768 aut,

340 3803 525 3893 quod
581 3807 782 3893 turpe
833 3802 1207 3892 putabant,
1264 3801 1387 3873 uni
1427 3800 1774 3893 Principi,
1823 3800 2063 3893 Regno
2103 3800 2396 3887 feudali,
2457 3801 2746 3873 subesse
2791 3805 3228 3892 cogerentur.
3287 3800 3423 3873 Re-

338 3922 629 4014 pudiata
691 3922 927 4013 itaque
992 3920 1393 3993 huiusmodi
1464 3919 1889 4008 conditione,
1965 3921 2363 4012 provisores
2435 3920 2662 4013 Regni
2728 3920 2802 3993 in
2857 3918 3174 4012 qualibet
3247 3923 3436 3993 terra

338 4042 545 4114 electi
602 4046 796 4113 sunt:
855 4062 993 4112 non
1048 4062 1135 4112 ex
1191 4039 1305 4113 his
1360 4039 1673 4131 quidem,
1732 4040 1853 4131 qui
1907 4038 2377 4133 dignitatibus
2432 4046 2556 4111 aut
2608 4038 3140 4133 magistratibus
3204 4040 3434 4113 ornati

338 4165 569 4247 erant,
628 4161 749 4233 sed
804 4160 927 4251 qui
979 4159 1131 4232 illis
1186 4160 1389 4231 vacui
1443 4165 1709 4245 essent,
1768 4163 1837 4230 61
1892 4162 2204 4231 caeteros
2258 4159 2634 4251 prudentia
2689 4163 2760 4232 et
2811 4158 3188 4233 nobilitate
3239 4163 3434 4232 ante-

338 4281 545 4354 irent.
603 4280 802 4353 Lecti
858 4286 1024 4351 sunt
1077 4279 1315 4371 itaque
1370 4280 1644 4370 platee,
1709 4278 2035 4368 opinione
2100 4279 2396 4352 caeteris
2459 4280 3038 4371 praestantioree3
3105 4282 3176 4350 et
3229 4278 3436 4351 iuxta

337 4400 861 4473 distinctionem
895 4398 957 4486 2)
1015 4404 1386 4485 terrarum,
1446 4417 1625 4490 quae
1670 4398 1913 4490 Regno
1952 4397 2288 4470 Poloniae
2325 4397 2682 4471 subiectae
2718 4404 2914 4488 sunt,
2965 4397 3260 4471 cuilibet
3295 4402 3433 4471 ter-

337 4541 455 4593 rae
508 4541 691 4591 unus
744 4519 1065 4610 provisor
1118 4518 1325 4591 datus
1380 4523 1519 4593 est:
1595 4524 1783 4591 terra
1836 4516 2280 4590 cracoviensi
2333 4523 2660 4610 excepta,
2718 4538 2896 4610 quae
2948 4518 3122 4591 duos
3179 4517 3431 4590 sortita

337 4644 478 4729 est,
539 4634 702 4737 tum}
755 4639 923 4731 quia
976 4637 1207 4731 patria
1254 4638 1593 4723 omnium,
1636 4637 1899 4731 sedem,
1940 4642 2151 4729 caput
2189 4641 2259 4711 et
2295 4637 2728 4710 domicilium
2765 4637 2994 4730 Regni
3031 4644 3432 4728 repraesen-

337 4766 478 4849 tet,
532 4766 685 4833 tum
742 4760 909 4853 quia
964 4760 1114 4833 sola
1150 4759 1754 4852 Regis'numisma
1790 4778 2082 4850 operans
2129 4758 2292 4831 aliis
2331 4758 2787 4847 transmittit,
2826 4762 2977 4830 tum
3017 4756 3184 4849 quia
3221 4758 3434 4845 fundo

336 4902 465 4953 suo
520 4885 591 4953 et
642 4880 755 4953 his
810 4880 1055 4969 rebus,
1112 4900 1289 4970 quae
1327 4880 1796 4971 importantur
1833 4883 1903 4951 et
1939 4881 2404 4969 exportantur
2439 4898 2525 4950 ex
2563 4878 2724 4965 illa,
2783 4877 2987 4950 facile
3042 4876 3338 4950 caeteris
3368 4875 3431 4965 3)

334 5000 659 5073 omnibus
725 5000 1123 5074 antecellat.
1209 4999 1771 5090 Huiusmodique
1840 4997 2358 5090 provisoribus,
2431 5002 2623 5071 certa
2683 4996 3160 5089 assignatione
3223 4998 3432 5087 pecu-

334 5120 559 5193 niaria
613 5121 825 5207 facta,
884 5118 1109 5192 omnis
1164 5138 1329 5193 cura
1380 5119 1799 5193 introituum
1852 5118 2193 5211 regalium
2248 5116 2620 5190 commissa
2671 5122 2811 5204 est,
2886 5137 2968 5189 ea
3023 5114 3428 5189 conditione

554 5374 598 5457 ¹)
642 5394 776 5438 eum
818 5372 947 5438 Ed.
995 5346 1178 5462 Εἶρα.
1228 5373 1279 5453 ²)
1325 5374 1733 5438 distinctiones
1776 5370 1905 5438 Ed.
1954 5370 2137 5460 Lipe.
2188 5370 2241 5453 ⁸)
2284 5341 2460 5437 terrie
2507 5366 2662 5435 Coa.
2709 5367 2886 5453 Kone.
