4342 6384
386 589 519 690 (A.
556 589 649 666 Β.
689 589 923 690 14¹4.)
1561 613 1787 664 mnan
1839 615 2297 670 vannorum.
3340 601 3482 672 187

384 799 727 890 vastavit,
784 800 1263 892 nonnullaque
1318 803 1549 874 castra
1604 802 1753 873 solo
1808 806 2106 894 aequata
2159 801 2412 890 diruit;
2469 804 2944 896 oppidumque
2981 803 3287 900 Friburg
3327 827 3484 877 cum

382 926 537 996 octo
592 920 757 994 aliis
813 921 1091 1014 oppidis
1148 921 1286 994 sibi
1341 920 1857 1010 adiacentibus,
1915 943 2093 1014 quae
2130 928 2330 996 erant
2367 923 2452 995 de
2487 923 2918 1015 proprietate
2953 923 3301 1014 praedicti
3338 926 3482 996 Du-

384 1042 518 1129 ciS,
575 1063 717 1114 una
770 1063 929 1114 cum
981 1042 1217 1114 eodem
1279 1042 1591 1116 Iohanne
1645 1045 1839 1135 Papa
1892 1043 2108 1136 cepit,
2172 1049 2240 1117 et
2295 1044 2550 1117 exinde
2601 1043 3046 1136 praedictum
3101 1044 3490 1120 Iohannem

382 1162 645 1254 Papam
700 1160 787 1233 ad
843 1160 1175 1253 oppidum
1230 1161 1495 1250 Cellae,
1554 1164 1739 1254 quod
1792 1162 2013 1236 distat
2065 1184 2190 1254 per
2225 1163 2360 1236 duo
2400 1163 2738 1236 milliaria
2775 1163 3195 1238 Almannica
3237 1187 3278 1239 a
3315 1165 3486 1237 Con-

384 1282 678 1370 stantia,
736 1281 1033 1354 deduxit
1070 1282 1157 1371 1);
1224 1281 1383 1370 ubi,
1442 1282 1805 1356 ordinante
1861 1282 2201 1370 Concilio,
2260 1283 2584 1377 diligenti
2640 1283 2959 1358 custodia
3013 1289 3214 1358 nocte
3269 1290 3340 1356 et
3378 1284 3484 1356 in-

382 1403 613 1476 terdiu
664 1399 1202 1496 :observabatur⁰
1278 1404 1459 1476 Item
1524 1403 1637 1475 die
1701 1402 2035 1476 vicesima
2110 1407 2362 1496 quarta
2432 1403 2632 1490 Maii,
2709 1403 2783 1476 in
2839 1403 3148 1478 sessione
3199 1405 3485 1497 publica

380 1521 723 1615 publicati
780 1523 1063 1596 fuerunt
1118 1523 1633 1616 quinquaginta
1687 1524 1997 1616 quinque
2044 1523 2330 1596 articuli
2367 1525 2730 1598 horrentes
2767 1529 2838 1598 et
2875 1524 3234 1598 criminosi
3264 1523 3353 1613 ²),
3413 1529 3490 1596 et

382 1642 657 1735 probati
713 1648 955 1716 contra
1007 1645 1399 1734 praefatum
1454 1643 1833 1717 Balthasar
1885 1646 2171 1736 Papam.
2252 1645 2344 1716 Et
2397 1645 2634 1718 eodem
2688 1645 2804 1718 die
2857 1644 3256 1737 praedictus
3314 1645 3478 1716 Bal·

384 1764 625 1836 thasar
678 1784 801 1855 per
856 1763 1141 1836 nuntios
1196 1763 1490 1837 Concilii
1546 1763 1975 1836 certificatus
2030 1767 2171 1851 est,
2231 1763 2416 1854 quod
2451 1762 2694 1836 divina
2728 1763 3188 1856 dispositione
3234 1769 3476 1836 contra

384 1905 539 1958 eum
614 1883 965 1956 sententia
1036 1883 1202 1957 ferri
1274 1884 1509 1958 debet:
1586 1883 1707 1975 qui
1770 1883 1841 1956 in
1898 1883 2095 1956 illam
2160 1883 2635 1971 consentien8‚
2713 1885 3000 1977 rogabat
3053 1883 3341 1971 obnixo,
3400 1888 3482 1955 ut

393 2009 654 2095 quanto
708 2003 1073 2076 honestius
1130 2003 1282 2077 fieri
1334 2009 1605 2096 posset,
1674 2003 2093 2076 sententiam
2158 2003 2384 2094 ipsam
2451 2003 2818 2077 dictarent.
2889 2003 3019 2078 Die
3073 2026 3236 2077 vero
3293 2003 3476 2076 vice-

388 2124 565 2196 sima
600 2144 782 2196 nona
818 2122 1131 2197 eiusdem
1186 2123 1447 2198 mensis
1501 2123 1705 2211 Maii,
1766 2123 1837 2195 in
1894 2123 2166 2196 solenni
2233 2122 2575 2210 sessione,
2641 2145 2766 2215 per
2822 2122 3240 2198 sententiam
3296 2123 3478 2197 diffi-

383 2243 677 2314 nitivam
730 2243 1157 2317 authoritate
1205 2243 1498 2316 Concilii
1556 2244 1802 2331 latam,
1859 2243 2222 2335 depositus
2278 2243 2412 2315 fuit
2463 2245 2822 2335 praefatus
2855 2243 2918 2334 ³)
2975 2245 3352 2318 Balthasar
3391 2245 3479 2317 ab

384 2362 571 2436 omni
636 2361 787 2435 iure
850 2369 922 2435 et
985 2364 1243 2436 honore
1304 2365 1650 2455 Papatus,
1718 2369 1788 2436 et
1842 2363 2238 2437 carceribus
2302 2364 2388 2436 ad
2445 2365 2912 2456 peragendum
2981 2363 3484 2456 poenitentiam

384 2482 849 2556 adiudicatus.
890 2484 953 2554 A
992 2483 1263 2556 Summi
1302 2489 1533 2556 autem
1574 2483 2039 2556 Pontificatus
2084 2482 2390 2556 culmine
2427 2483 2775 2556 sententia
2812 2483 3105 2558 Concilii
3143 2482 3480 2571 deiectuS‚

383 2601 453 2674 in
506 2604 737 2676 locum
793 2604 1163 2676 obscurum
1220 2603 1561 2692 truditur,
1619 2603 1977 2677 custodiae
2032 2624 2200 2676 cura
2243 2600 2496 2674 Comiti
2533 2601 2860 2674 Palatino
2896 2601 3161 2690 Rheni,
3220 2601 3343 2695 qui
3383 2602 3478 2674 si-

382 2722 451 2795 bi
482 2723 547 2812 ⁴)
606 2722 907 2796 maxime
972 2723 1505 2812 adversabatur,
1576 2725 1928 2796 mandata.
1995 2723 2109 2798 Ibi
2175 2722 2474 2796 triennio
2543 2725 2771 2810 solus,
2838 2723 3027 2796 omni
3090 2722 3478 2796 destitutus

382 2864 541 2935 ope,
599 2841 811 2915 unius
850 2843 1036 2917 servi
1082 2849 1153 2916 et
1188 2843 1473 2936 linguae
1526 2844 1806 2937 ignotae
1870 2842 2262 2918 ministerio
2315 2864 2520 2930 usus,
2586 2844 2814 2936 quoad
2872 2842 3218 2916 Martinus
3275 2842 3477 2934 quin·

382 2967 495 3034 tus
550 2963 883 3036 Pontifex
944 2963 1392 3037 Constantiae
1456 2969 1731 3038 creatus
1797 2969 1936 3052 est,
2004 2963 2226 3036 vitam
2289 2985 2450 3037 cum
2514 2961 2852 3056 degisset,
2919 2963 3199 3035 tandem
3252 2961 3480 3054 pretio

379 3083 781 3174 redemptus
835 3083 909 3155 in
964 3082 1249 3156 Italiam
1304 3084 1538 3157 rediit.
1594 3083 1757 3156 Non
1812 3087 1923 3158 est
1978 3105 2208 3158 meum
2263 3082 2598 3158 insectari
2659 3087 3004 3170 mortuoS‚
3071 3083 3190 3156 sed
3247 3087 3480 3154 tamen

378 3203 560 3276 nihil
618 3205 973 3278 saeculum
1012 3203 1193 3278 illud
1229 3204 1413 3276 vidit
1457 3202 1851 3296 indignius,
1910 3226 2117 3296 quam
2177 3203 2592 3276 Antistitem
2649 3202 3074 3276 christianae
3122 3201 3283 3276 fidei
3322 3223 3478 3273 eum

376 3323 641 3411 virum,
701 3323 821 3415 qui
876 3324 1095 3396 ullam
1150 3345 1372 3416 neque
1426 3324 1627 3397 fidem
1684 3329 1919 3412 norat,
1978 3345 2204 3415 neque
2255 3323 2697 3417 religionem,
2755 3324 2963 3397 rebus
3019 3320 3307 3416 agendis
3353 3343 3476 3412 po·

375 3443 556 3532 tius,
615 3465 819 3534 quam
876 3441 1102 3516 cultui
1157 3443 1284 3516 Dei
1341 3447 1412 3517 et
1462 3441 1950 3536 gubernandae
1980 3442 2041 3533 ⁵)
2095 3443 2200 3516 rei
2238 3443 2560 3536 publicae
2613 3442 3039 3516 christianae
3094 3463 3474 3517 accommo-

374 3563 643 3636 datum.
702 3562 901 3636 Sedit
952 3562 1155 3635 annis
1212 3567 1543 3655 quatuor,
1602 3563 1923 3655 sepultus
1979 3563 2053 3636 in
2107 3563 2492 3636 Florentia.

922 3914 1267 4004 Gregorius
1312 3915 1726 4042 duodecimus
1768 3917 2156 3988 Pontificem
2200 3917 2482 3989 Romano
2527 3934 2600 3988 ιο
2647 3915 2926 3988 abdicat.

582 4160 821 4234 Prima
873 4161 987 4234 die
1042 4161 1301 4234 mensis
1357 4161 1581 4250 Iunii,
1640 4162 2039 4253 praedictus
2096 4163 2478 4235 Balthasar
2534 4162 2785 4234 ductus
2842 4161 2979 4234 fnit
3033 4162 3120 4234 ad
3167 4167 3472 4235 castrum

360 4281 815 4373 Gothleyben
868 4301 1082 4372 prope
1135 4281 1635 4354 Constantiam.
1696 4282 1787 4353 Et
1840 4282 1941 4354 ibi
1998 4281 2348 4356 licentiati
2385 4287 2455 4354 et
2492 4282 3028 4374 amoti-fuerunt
3067 4281 3153 4354 ab
3193 4302 3271 4354 eo
3309 4283 3471 4354 Car-

359 4401 647 4474 dinales
685 4400 829 4488 sui,
870 4406 941 4472 et
977 4400 1279 4472 traditus
1319 4401 1454 4473 fuit
1490 4402 1848 4474 custodiae
1886 4403 2226 4475 Ludovici
2264 4402 2552 4475 Comitis
2590 4402 2903 4475 Palatini
2942 4401 3206 4490 Rheni,
3259 4425 3300 4475 a·
3337 4425 3472 4493 quo

356 4521 511 4593 fuit
561 4520 963 4592 humaniter
1016 4525 1383 4592 tractatus.
1443 4523 1625 4594 Item
1680 4526 1931 4612 quarta
1983 4522 2095 4595 die
2150 4522 2411 4594 mensis
2466 4521 2669 4610 Iulii,
2729 4521 3108 4613 Gregorius
3145 4522 3466 4594 duodeci-

352 4663 529 4713 mus
592 4639 770 4712 alias
844 4640 1159 4731 Angelus
1224 4641 1310 4712 de
1362 4641 1674 4713 Corrario
1748 4662 1873 4733 per
1934 4649 2450 4733 procuratorem
2517 4664 2718 4714 suum
2776 4643 3095 4715 Carolum
3173 4642 3257 4713 de
3325 4643 3468 4712 Ma-

348 4759 647 4834 letestis
703 4759 777 4830 in
831 4757 1117 4849 publica
1171 4760 1482 4833 sessione
1537 4762 1723 4832 omni
1780 4761 1930 4834 iure
1986 4762 2300 4852 Papatus
2355 4762 2774 4853 simpliciter
2826 4761 3040 4835 cessit
3095 4767 3167 4833 et
3213 4783 3468 4834 renun-

346 4879 612 4967 tiavit,
681 4880 1047 4970 factusque
1102 4884 1209 4952 est
1263 4880 1659 4952 Cardinalis
1712 4881 2123 4954 Portuensis
2154 4883 2218 4970 θ)
2276 4882 2668 4974 episcopus.
2737 4882 2886 4973 Qua
2949 4881 3264 4954 cessione
3319 4881 3471 4972 ipse

344 5001 689 5092 Angelus
745 4999 1138 5087 intellecta,
1197 5001 1597 5074 convocatis
1654 5022 1820 5074 suae
1876 5001 2313 5075 obedieutiae
2369 5002 2854 5075 cardinalibus
2923 5005 2994 5074 et
3049 5001 3466 5091 curialibuS‚

586 5271 631 5342 ¹)
678 5274 957 5349 perduxit
1007 5271 1131 5335 Ed.
1188 5271 1370 5356 Lips.
1436 5274 1487 5354 ²)
1534 5275 1810 5335 horrendi
1868 5281 1928 5336 et
1981 5277 2316 5336 criminales
2375 5272 2526 5338 Cod.
2582 5274 2775 5338 Rozr.
2841 5275 2896 5354 ³)
2948 5276 3288 5352 praedictus
3343 5273 3468 5336 Ed.

334 5377 545 5462 Lips.
600 5371 650 5454 ⁸)
698 5375 751 5434 ei
802 5370 955 5436 Cod.
1001 5373 1195 5438 Rozr.
1247 5375 1301 5456 ⁶)
1344 5378 1758 5454 gubernationi
1808 5373 1958 5440 Cod.
2010 5372 2186 5440 Calv.
2236 5375 2287 5456 ‘)
2335 5379 2670 5440 Potinensis
2727 5377 2877 5440 ood.
2929 5374 3106 5440 Calv.
