<?xml version="1.0" encoding="UTF-8"?>
<!DOCTYPE html PUBLIC "-//W3C//DTD XHTML 1.0 Transitional//EN"
    "http://www.w3.org/TR/xhtml1/DTD/xhtml1-transitional.dtd">
<html xmlns="http://www.w3.org/1999/xhtml" xml:lang="en" lang="en">
 <head>
  <title>
</title>
<meta http-equiv="Content-Type" content="text/html;charset=utf-8" />
  <meta name='ocr-system' content='tesseract 3.04.00' />
  <meta name='ocr-capabilities' content='ocr_page ocr_carea ocr_par ocr_line ocrx_word'/>
</head>
<body>
  <div class='ocr_page' id='page_1' title='image "./dzieawszystkie00unkngoog_0697.png"; bbox 0 0 4342 6384; ppageno 0'>
   <div class='ocr_carea' id='block_1_1' title="bbox 844 512 3951 618">
    <p class='ocr_par' dir='ltr' id='par_1_1' title="bbox 844 512 3951 618">
     <span class='ocr_line' id='line_1_1' title="bbox 844 512 3951 618; baseline 0.003 -32"><span class='ocrx_word' id='word_1_1' title='bbox 844 512 992 587; x_wconf 89' lang='grc'>686</span> <span class='ocrx_word' id='word_1_2' title='bbox 2001 537 2230 591; x_wconf 69' lang='lat' dir='ltr'>mnan</span> <span class='ocrx_word' id='word_1_3' title='bbox 2281 538 2793 591; x_wconf 78' lang='lat' dir='ltr'>Duonncnms.</span> <span class='ocrx_word' id='word_1_4' title='bbox 3374 517 3510 618; x_wconf 87' lang='grc' dir='ltr'>(Α.</span> <span class='ocrx_word' id='word_1_5' title='bbox 3549 518 3640 593; x_wconf 87' lang='lat' dir='ltr'>D.</span> <span class='ocrx_word' id='word_1_6' title='bbox 3681 516 3951 617; x_wconf 79' lang='grc'>1443.)</span> 
     </span>
    </p>
   </div>
   <div class='ocr_carea' id='block_1_2' title="bbox 838 721 3946 4049">
    <p class='ocr_par' dir='ltr' id='par_1_2' title="bbox 838 721 3946 4049">
     <span class='ocr_line' id='line_1_2' title="bbox 838 721 3942 815; baseline 0.002 -23"><span class='ocrx_word' id='word_1_7' title='bbox 838 721 1095 795; x_wconf 89' lang='lat' dir='ltr'>ditioni</span> <span class='ocrx_word' id='word_1_8' title='bbox 1147 722 1541 811; x_wconf 77' lang='lat' dir='ltr'><strong>condoleat,</strong></span> <span class='ocrx_word' id='word_1_9' title='bbox 1600 727 1671 795; x_wconf 91' lang='lat' dir='ltr'>et</span> <span class='ocrx_word' id='word_1_10' title='bbox 1704 744 1829 814; x_wconf 89' lang='lat' dir='ltr'>pro</span> <span class='ocrx_word' id='word_1_11' title='bbox 1869 723 2395 815; x_wconf 73' lang='lat' dir='ltr'>recuperatione</span> <span class='ocrx_word' id='word_1_12' title='bbox 2421 727 2774 797; x_wconf 70' lang='lat' dir='ltr'>,terrarum</span> <span class='ocrx_word' id='word_1_13' title='bbox 2813 727 2883 797; x_wconf 91' lang='lat' dir='ltr'>et</span> <span class='ocrx_word' id='word_1_14' title='bbox 2919 724 3381 797; x_wconf 88' lang='lat' dir='ltr'><strong>dominiorum</strong></span> <span class='ocrx_word' id='word_1_15' title='bbox 3421 748 3738 814; x_wconf 89' lang='lat' dir='ltr'>suorum,</span> <span class='ocrx_word' id='word_1_16' title='bbox 3797 730 3942 801; x_wconf 91' lang='lat' dir='ltr'>ter-</span> 
     </span>
     <span class='ocr_line' id='line_1_3' title="bbox 838 841 3946 936; baseline 0.001 -22"><span class='ocrx_word' id='word_1_17' title='bbox 838 842 938 914; x_wconf 90' lang='lat' dir='ltr'>ris</span> <span class='ocrx_word' id='word_1_18' title='bbox 1002 842 1333 915; x_wconf 90' lang='lat' dir='ltr'>videlicet</span> <span class='ocrx_word' id='word_1_19' title='bbox 1398 841 1741 917; x_wconf 76' lang='lat' dir='ltr'>Albaniae</span> <span class='ocrx_word' id='word_1_20' title='bbox 1806 848 1876 916; x_wconf 91' lang='lat' dir='ltr'>et</span> <span class='ocrx_word' id='word_1_21' title='bbox 1940 844 2266 932; x_wconf 88' lang='lat' dir='ltr'>Rasciae,</span> <span class='ocrx_word' id='word_1_22' title='bbox 2337 864 2510 936; x_wconf 90' lang='lat' dir='ltr'>quas</span> <span class='ocrx_word' id='word_1_23' title='bbox 2575 842 3056 936; x_wconf 89' lang='lat' dir='ltr'>superioribus</span> <span class='ocrx_word' id='word_1_24' title='bbox 3121 846 3322 917; x_wconf 88' lang='lat' dir='ltr'>annis</span> <span class='ocrx_word' id='word_1_25' title='bbox 3389 866 3544 918; x_wconf 87' lang='lat' dir='ltr'>cum</span> <span class='ocrx_word' id='word_1_26' title='bbox 3611 846 3946 919; x_wconf 87' lang='lat' dir='ltr'>omnibus</span> 
     </span>
     <span class='ocr_line' id='line_1_4' title="bbox 839 960 3942 1056; baseline 0.001 -21"><span class='ocrx_word' id='word_1_27' title='bbox 839 961 1123 1051; x_wconf 88' lang='lat' dir='ltr'>castris,</span> <span class='ocrx_word' id='word_1_28' title='bbox 1182 960 1591 1035; x_wconf 87' lang='lat' dir='ltr'>civitatibus</span> <span class='ocrx_word' id='word_1_29' title='bbox 1646 967 1718 1035; x_wconf 89' lang='lat' dir='ltr'>et</span> <span class='ocrx_word' id='word_1_30' title='bbox 1772 964 2119 1051; x_wconf 78' lang='lat' dir='ltr'>castelliS,</span> <span class='ocrx_word' id='word_1_31' title='bbox 2181 968 2466 1056; x_wconf 90' lang='lat' dir='ltr'>propter</span> <span class='ocrx_word' id='word_1_32' title='bbox 2521 985 2757 1038; x_wconf 92' lang='lat' dir='ltr'>eorum</span> <span class='ocrx_word' id='word_1_33' title='bbox 2796 965 3204 1037; x_wconf 78' lang='lat' dir='ltr'>foecundam</span> <span class='ocrx_word' id='word_1_34' title='bbox 3239 966 3634 1039; x_wconf 90' lang='lat' dir='ltr'>ubertatem</span> <span class='ocrx_word' id='word_1_35' title='bbox 3673 970 3744 1040; x_wconf 87' lang='lat' dir='ltr'>et</span> <span class='ocrx_word' id='word_1_36' title='bbox 3781 968 3942 1038; x_wconf 87' lang='lat' dir='ltr'>auri</span> 
     </span>
     <span class='ocr_line' id='line_1_5' title="bbox 840 1082 3940 1179; baseline 0.001 -26"><span class='ocrx_word' id='word_1_37' title='bbox 840 1082 1251 1174; x_wconf 79' lang='lat' dir='ltr'>argentique</span> <span class='ocrx_word' id='word_1_38' title='bbox 1304 1082 1651 1173; x_wconf 78' lang='lat' dir='ltr'>copiosam</span> <span class='ocrx_word' id='word_1_39' title='bbox 1707 1084 2072 1171; x_wconf 85' lang='lat' dir='ltr'>mineram,</span> <span class='ocrx_word' id='word_1_40' title='bbox 2131 1106 2299 1158; x_wconf 89' lang='lat' dir='ltr'>suae</span> <span class='ocrx_word' id='word_1_41' title='bbox 2353 1084 2604 1157; x_wconf 92' lang='lat' dir='ltr'>ditioni</span> <span class='ocrx_word' id='word_1_42' title='bbox 2657 1086 3049 1177; x_wconf 83' lang='lat' dir='ltr'>Imperator</span> <span class='ocrx_word' id='word_1_43' title='bbox 3101 1086 3484 1157; x_wconf 83' lang='lat' dir='ltr'>Turcorum</span> <span class='ocrx_word' id='word_1_44' title='bbox 3541 1086 3940 1179; x_wconf 84' lang='lat' dir='ltr'>subegerat,</span> 
     </span>
     <span class='ocr_line' id='line_1_6' title="bbox 841 1201 3934 1297; baseline 0.001 -24"><span class='ocrx_word' id='word_1_45' title='bbox 841 1224 921 1275; x_wconf 87' lang='lat' dir='ltr'>ae</span> <span class='ocrx_word' id='word_1_46' title='bbox 975 1223 1098 1294; x_wconf 91' lang='lat' dir='ltr'>pro</span> <span class='ocrx_word' id='word_1_47' title='bbox 1154 1201 1575 1275; x_wconf 84' lang='lat' dir='ltr'>ulciscendis</span> <span class='ocrx_word' id='word_1_48' title='bbox 1631 1203 1899 1276; x_wconf 87' lang='lat' dir='ltr'>duobus</span> <span class='ocrx_word' id='word_1_49' title='bbox 1954 1204 2126 1277; x_wconf 88' lang='lat' dir='ltr'>filiis</span> <span class='ocrx_word' id='word_1_50' title='bbox 2166 1204 2348 1292; x_wconf 89' lang='lat' dir='ltr'>suis,</span> <span class='ocrx_word' id='word_1_51' title='bbox 2407 1226 2580 1295; x_wconf 88' lang='lat' dir='ltr'>quos</span> <span class='ocrx_word' id='word_1_52' title='bbox 2616 1206 2975 1295; x_wconf 87' lang='lat' dir='ltr'>praefatus</span> <span class='ocrx_word' id='word_1_53' title='bbox 3013 1206 3402 1297; x_wconf 86' lang='lat' dir='ltr'>Imperator</span> <span class='ocrx_word' id='word_1_54' title='bbox 3439 1206 3824 1277; x_wconf 88' lang='lat' dir='ltr'>Turcorum</span> <span class='ocrx_word' id='word_1_55' title='bbox 3859 1210 3934 1277; x_wconf 88' lang='lat' dir='ltr'>et</span> 
     </span>
     <span class='ocr_line' id='line_1_7' title="bbox 845 1319 3936 1415; baseline 0 -21"><span class='ocrx_word' id='word_1_56' title='bbox 845 1322 1069 1395; x_wconf 88' lang='lat' dir='ltr'>oculis</span> <span class='ocrx_word' id='word_1_57' title='bbox 1125 1326 1197 1395; x_wconf 90' lang='lat' dir='ltr'>et</span> <span class='ocrx_word' id='word_1_58' title='bbox 1251 1319 1441 1393; x_wconf 88' lang='lat' dir='ltr'>vasis</span> <span class='ocrx_word' id='word_1_59' title='bbox 1516 1322 1911 1395; x_wconf 89' lang='lat' dir='ltr'>seminariis</span> <span class='ocrx_word' id='word_1_60' title='bbox 1981 1322 2415 1415; x_wconf 85' lang='lat' dir='ltr'>privaverat,</span> <span class='ocrx_word' id='word_1_61' title='bbox 2493 1329 2851 1415; x_wconf 84' lang='lat' dir='ltr'>exsurgat.</span> <span class='ocrx_word' id='word_1_62' title='bbox 2927 1324 3078 1396; x_wconf 88' lang='lat' dir='ltr'>Iam</span> <span class='ocrx_word' id='word_1_63' title='bbox 3143 1324 3326 1397; x_wconf 90' lang='lat' dir='ltr'>enim</span> <span class='ocrx_word' id='word_1_64' title='bbox 3391 1323 3596 1397; x_wconf 89' lang='lat' dir='ltr'>annis</span> <span class='ocrx_word' id='word_1_65' title='bbox 3661 1324 3936 1415; x_wconf 86' lang='lat' dir='ltr'>aliquot</span> 
     </span>
     <span class='ocr_line' id='line_1_8' title="bbox 846 1432 3936 1536; baseline 0 -23"><span class='ocrx_word' id='word_1_66' title='bbox 846 1432 1199 1533; x_wconf 84' lang='lat' dir='ltr'>Despotus</span> <span class='ocrx_word' id='word_1_67' title='bbox 1254 1440 1406 1532; x_wconf 90' lang='lat' dir='ltr'>ipse</span> <span class='ocrx_word' id='word_1_68' title='bbox 1461 1441 1667 1513; x_wconf 89' lang='lat' dir='ltr'>terris</span> <span class='ocrx_word' id='word_1_69' title='bbox 1724 1442 1873 1515; x_wconf 90' lang='lat' dir='ltr'>suis</span> <span class='ocrx_word' id='word_1_70' title='bbox 1928 1444 2310 1516; x_wconf 87' lang='lat' dir='ltr'>Turcorum</span> <span class='ocrx_word' id='word_1_71' title='bbox 2365 1443 2682 1535; x_wconf 89' lang='lat' dir='ltr'>potentia</span> <span class='ocrx_word' id='word_1_72' title='bbox 2733 1444 2985 1536; x_wconf 89' lang='lat' dir='ltr'>pulsus</span> <span class='ocrx_word' id='word_1_73' title='bbox 3025 1444 3103 1532; x_wconf 90' lang='lat'>¹),</span> <span class='ocrx_word' id='word_1_74' title='bbox 3159 1464 3318 1515; x_wconf 88' lang='lat' dir='ltr'>cum</span> <span class='ocrx_word' id='word_1_75' title='bbox 3372 1464 3592 1517; x_wconf 88' lang='lat' dir='ltr'>uxore</span> <span class='ocrx_word' id='word_1_76' title='bbox 3649 1449 3720 1516; x_wconf 90' lang='lat' dir='ltr'>et</span> <span class='ocrx_word' id='word_1_77' title='bbox 3755 1442 3936 1535; x_wconf 90' lang='lat' dir='ltr'>opti-</span> 
     </span>
     <span class='ocr_line' id='line_1_9' title="bbox 848 1559 3938 1655; baseline 0 -22"><span class='ocrx_word' id='word_1_78' title='bbox 848 1559 1152 1634; x_wconf 86' lang='lat' dir='ltr'>matibus</span> <span class='ocrx_word' id='word_1_79' title='bbox 1216 1560 1367 1633; x_wconf 91' lang='lat' dir='ltr'>suis</span> <span class='ocrx_word' id='word_1_80' title='bbox 1431 1562 1767 1634; x_wconf 83' lang='lat' dir='ltr'>exulabat</span> <span class='ocrx_word' id='word_1_81' title='bbox 1796 1560 1883 1652; x_wconf 80' lang='lat'>²),</span> <span class='ocrx_word' id='word_1_82' title='bbox 1942 1562 2370 1636; x_wconf 87' lang='lat' dir='ltr'>liberalitate</span> <span class='ocrx_word' id='word_1_83' title='bbox 2435 1584 2710 1655; x_wconf 91' lang='lat' dir='ltr'>quoque</span> <span class='ocrx_word' id='word_1_84' title='bbox 2775 1562 3153 1635; x_wconf 89' lang='lat' dir='ltr'>Wladislai</span> <span class='ocrx_word' id='word_1_85' title='bbox 3216 1562 3432 1655; x_wconf 90' lang='lat' dir='ltr'>Regis</span> <span class='ocrx_word' id='word_1_86' title='bbox 3495 1583 3622 1654; x_wconf 90' lang='lat' dir='ltr'>pro</span> <span class='ocrx_word' id='word_1_87' title='bbox 3679 1564 3938 1635; x_wconf 89' lang='lat' dir='ltr'>tuendo</span> 
     </span>
     <span class='ocr_line' id='line_1_10' title="bbox 847 1682 3938 1775; baseline 0.001 -24"><span class='ocrx_word' id='word_1_88' title='bbox 847 1684 1039 1752; x_wconf 87' lang='lat' dir='ltr'>statu</span> <span class='ocrx_word' id='word_1_89' title='bbox 1095 1702 1220 1752; x_wconf 86' lang='lat' dir='ltr'>suo</span> <span class='ocrx_word' id='word_1_90' title='bbox 1275 1685 1345 1753; x_wconf 90' lang='lat' dir='ltr'>et</span> <span class='ocrx_word' id='word_1_91' title='bbox 1406 1704 1689 1754; x_wconf 89' lang='lat' dir='ltr'>suorum</span> <span class='ocrx_word' id='word_1_92' title='bbox 1743 1682 2163 1756; x_wconf 88' lang='lat' dir='ltr'>notabiliora</span> <span class='ocrx_word' id='word_1_93' title='bbox 2211 1687 2442 1755; x_wconf 88' lang='lat' dir='ltr'>eastra</span> <span class='ocrx_word' id='word_1_94' title='bbox 2479 1687 2549 1754; x_wconf 91' lang='lat' dir='ltr'>et</span> <span class='ocrx_word' id='word_1_95' title='bbox 2584 1682 3064 1773; x_wconf 88' lang='lat' dir='ltr'>possessiones</span> <span class='ocrx_word' id='word_1_96' title='bbox 3101 1684 3176 1754; x_wconf 91' lang='lat' dir='ltr'>in</span> <span class='ocrx_word' id='word_1_97' title='bbox 3213 1684 3454 1775; x_wconf 91' lang='lat' dir='ltr'>Regno</span> <span class='ocrx_word' id='word_1_98' title='bbox 3501 1682 3938 1775; x_wconf 85' lang='lat' dir='ltr'>Hungariae,</span> 
     </span>
     <span class='ocr_line' id='line_1_11' title="bbox 844 1799 3938 1893; baseline 0.001 -22"><span class='ocrx_word' id='word_1_99' title='bbox 844 1799 919 1871; x_wconf 91' lang='lat' dir='ltr'>in</span> <span class='ocrx_word' id='word_1_100' title='bbox 976 1799 1231 1890; x_wconf 91' lang='lat' dir='ltr'>quibus</span> <span class='ocrx_word' id='word_1_101' title='bbox 1286 1800 1775 1874; x_wconf 89' lang='lat' dir='ltr'>demorabatur</span> <span class='ocrx_word' id='word_1_102' title='bbox 1828 1822 1986 1873; x_wconf 92' lang='lat' dir='ltr'>cum</span> <span class='ocrx_word' id='word_1_103' title='bbox 2038 1802 2369 1893; x_wconf 90' lang='lat' dir='ltr'>gentibus</span> <span class='ocrx_word' id='word_1_104' title='bbox 2437 1808 2777 1875; x_wconf 90' lang='lat' dir='ltr'>terrarum</span> <span class='ocrx_word' id='word_1_105' title='bbox 2833 1824 3149 1889; x_wconf 88' lang='lat' dir='ltr'>suarum,</span> <span class='ocrx_word' id='word_1_106' title='bbox 3219 1824 3396 1893; x_wconf 90' lang='lat' dir='ltr'>quae</span> <span class='ocrx_word' id='word_1_107' title='bbox 3460 1803 3938 1893; x_wconf 89' lang='lat' dir='ltr'>sequebantur</span> 
     </span>
     <span class='ocr_line' id='line_1_12' title="bbox 846 1920 3938 2013; baseline -0 -20"><span class='ocrx_word' id='word_1_108' title='bbox 846 1941 1033 2008; x_wconf 93' lang='lat' dir='ltr'>eum,</span> <span class='ocrx_word' id='word_1_109' title='bbox 1092 1926 1473 2011; x_wconf 87' lang='lat' dir='ltr'>acceperat.</span> <span class='ocrx_word' id='word_1_110' title='bbox 1530 1922 1931 1993; x_wconf 82' lang='lat' dir='ltr'>Commotus</span> <span class='ocrx_word' id='word_1_111' title='bbox 1968 1926 2075 1993; x_wconf 87' lang='lat' dir='ltr'>tot</span> <span class='ocrx_word' id='word_1_112' title='bbox 2110 1922 2433 2011; x_wconf 86' lang='lat' dir='ltr'>vocibus,</span> <span class='ocrx_word' id='word_1_113' title='bbox 2488 1922 2813 2013; x_wconf 84' lang='lat' dir='ltr'>precibus</span> <span class='ocrx_word' id='word_1_114' title='bbox 2849 1927 2921 1994; x_wconf 91' lang='lat' dir='ltr'>et</span> <span class='ocrx_word' id='word_1_115' title='bbox 2956 1921 3266 1993; x_wconf 88' lang='lat' dir='ltr'>lacrimis</span> <span class='ocrx_word' id='word_1_116' title='bbox 3312 1920 3748 1995; x_wconf 88' lang='lat' dir='ltr'>Wladislaus</span> <span class='ocrx_word' id='word_1_117' title='bbox 3783 1923 3938 1995; x_wconf 82' lang='lat' dir='ltr'>Rex</span> 
     </span>
     <span class='ocr_line' id='line_1_13' title="bbox 844 2039 3932 2134; baseline 0 -22"><span class='ocrx_word' id='word_1_118' title='bbox 844 2039 919 2112; x_wconf 90' lang='lat' dir='ltr'>in</span> <span class='ocrx_word' id='word_1_119' title='bbox 976 2039 1490 2131; x_wconf 82' lang='lat' dir='ltr'>expeditionem</span> <span class='ocrx_word' id='word_1_120' title='bbox 1542 2040 1946 2114; x_wconf 87' lang='lat' dir='ltr'>huiusmodi</span> <span class='ocrx_word' id='word_1_121' title='bbox 2000 2042 2348 2115; x_wconf 87' lang='lat' dir='ltr'>consentit</span> <span class='ocrx_word' id='word_1_122' title='bbox 2403 2046 2475 2115; x_wconf 91' lang='lat' dir='ltr'>et</span> <span class='ocrx_word' id='word_1_123' title='bbox 2527 2041 2991 2133; x_wconf 89' lang='lat' dir='ltr'>personaliter</span> <span class='ocrx_word' id='word_1_124' title='bbox 3043 2062 3194 2114; x_wconf 90' lang='lat' dir='ltr'>eam</span> <span class='ocrx_word' id='word_1_125' title='bbox 3247 2042 3634 2134; x_wconf 88' lang='lat' dir='ltr'>gubernare</span> <span class='ocrx_word' id='word_1_126' title='bbox 3671 2040 3932 2113; x_wconf 88' lang='lat' dir='ltr'>consti·</span> 
     </span>
     <span class='ocr_line' id='line_1_14' title="bbox 850 2160 3942 2253; baseline 0 -21"><span class='ocrx_word' id='word_1_127' title='bbox 850 2160 1013 2232; x_wconf 91' lang='lat' dir='ltr'>tuit.</span> <span class='ocrx_word' id='word_1_128' title='bbox 1090 2160 1202 2231; x_wconf 89' lang='lat' dir='ltr'>Ad</span> <span class='ocrx_word' id='word_1_129' title='bbox 1246 2160 1681 2233; x_wconf 83' lang='lat' dir='ltr'>Fridericum</span> <span class='ocrx_word' id='word_1_130' title='bbox 1724 2166 1955 2234; x_wconf 90' lang='lat' dir='ltr'>autem</span> <span class='ocrx_word' id='word_1_131' title='bbox 1993 2163 2463 2235; x_wconf 88' lang='lat' dir='ltr'>Roma-norum</span> <span class='ocrx_word' id='word_1_132' title='bbox 2504 2163 2800 2253; x_wconf 88' lang='lat' dir='ltr'>Regem,</span> <span class='ocrx_word' id='word_1_133' title='bbox 2841 2160 3279 2234; x_wconf 90' lang='lat' dir='ltr'>Waciensem</span> <span class='ocrx_word' id='word_1_134' title='bbox 3311 2160 3372 2250; x_wconf 79' lang='lat'>³)</span> <span class='ocrx_word' id='word_1_135' title='bbox 3429 2162 3836 2253; x_wconf 88' lang='lat' dir='ltr'>episcopum</span> <span class='ocrx_word' id='word_1_136' title='bbox 3873 2165 3942 2233; x_wconf 87' lang='lat' dir='ltr'>et</span> 
     </span>
     <span class='ocr_line' id='line_1_15' title="bbox 852 2280 3940 2373; baseline -0 -21"><span class='ocrx_word' id='word_1_137' title='bbox 852 2280 1224 2352; x_wconf 87' lang='lat' dir='ltr'>Nicolaum</span> <span class='ocrx_word' id='word_1_138' title='bbox 1278 2280 1612 2353; x_wconf 83' lang='lat' dir='ltr'>decanum</span> <span class='ocrx_word' id='word_1_139' title='bbox 1667 2280 2224 2369; x_wconf 74' lang='lat' dir='ltr'>cracoviensem,</span> <span class='ocrx_word' id='word_1_140' title='bbox 2283 2303 2576 2373; x_wconf 90' lang='lat' dir='ltr'>quorum</span> <span class='ocrx_word' id='word_1_141' title='bbox 2625 2283 2804 2353; x_wconf 87' lang='lat' dir='ltr'>alter</span> <span class='ocrx_word' id='word_1_142' title='bbox 2850 2281 3251 2353; x_wconf 89' lang='lat' dir='ltr'>humilitate</span> <span class='ocrx_word' id='word_1_143' title='bbox 3295 2281 3706 2372; x_wconf 87' lang='lat' dir='ltr'>praecipua,</span> <span class='ocrx_word' id='word_1_144' title='bbox 3765 2282 3940 2352; x_wconf 86' lang='lat' dir='ltr'>alter</span> 
     </span>
     <span class='ocr_line' id='line_1_16' title="bbox 851 2382 3940 2492; baseline -0.001 -19"><span class='ocrx_word' id='word_1_145' title='bbox 851 2400 1251 2492; x_wconf 90' lang='lat' dir='ltr'>eloquentia</span> <span class='ocrx_word' id='word_1_146' title='bbox 1304 2400 1607 2472; x_wconf 83' lang='lat' dir='ltr'>maxime</span> <span class='ocrx_word' id='word_1_147' title='bbox 1660 2399 2163 2489; x_wconf 88' lang='lat' dir='ltr'>memorabilis,</span> <span class='ocrx_word' id='word_1_148' title='bbox 2222 2401 2298 2473; x_wconf 90' lang='lat' dir='ltr'>in</span> <span class='ocrx_word' id='word_1_149' title='bbox 2352 2401 2694 2474; x_wconf 91' lang='lat' dir='ltr'>Viennam</span> <span class='ocrx_word' id='word_1_150' title='bbox 2749 2382 3202 2488; x_wconf 87' lang='lat' dir='ltr'>transmittit,</span> <span class='ocrx_word' id='word_1_151' title='bbox 3269 2400 3393 2492; x_wconf 87' lang='lat' dir='ltr'>qui</span> <span class='ocrx_word' id='word_1_152' title='bbox 3453 2400 3720 2472; x_wconf 86' lang='lat' dir='ltr'>hortati</span> <span class='ocrx_word' id='word_1_153' title='bbox 3776 2404 3940 2472; x_wconf 88' lang='lat' dir='ltr'>sunt</span> 
     </span>
     <span class='ocr_line' id='line_1_17' title="bbox 849 2518 3940 2612; baseline -0 -20"><span class='ocrx_word' id='word_1_154' title='bbox 849 2521 1239 2609; x_wconf 83' lang='lat' dir='ltr'>Gaesarem,</span> <span class='ocrx_word' id='word_1_155' title='bbox 1280 2524 1361 2591; x_wconf 90' lang='lat' dir='ltr'>ut</span> <span class='ocrx_word' id='word_1_156' title='bbox 1398 2523 1639 2592; x_wconf 90' lang='lat' dir='ltr'>contra</span> <span class='ocrx_word' id='word_1_157' title='bbox 1673 2521 1934 2594; x_wconf 88' lang='lat' dir='ltr'>Turcos</span> <span class='ocrx_word' id='word_1_158' title='bbox 1970 2521 2400 2612; x_wconf 89' lang='lat' dir='ltr'>praesidium</span> <span class='ocrx_word' id='word_1_159' title='bbox 2438 2521 2670 2595; x_wconf 90' lang='lat' dir='ltr'>ferret.</span> <span class='ocrx_word' id='word_1_160' title='bbox 2728 2521 2864 2595; x_wconf 87' lang='lat' dir='ltr'>Sed</span> <span class='ocrx_word' id='word_1_161' title='bbox 2903 2541 3102 2593; x_wconf 91' lang='lat' dir='ltr'>omne</span> <span class='ocrx_word' id='word_1_162' title='bbox 3131 2520 3194 2608; x_wconf 82' lang='grc'>4)</span> <span class='ocrx_word' id='word_1_163' title='bbox 3249 2520 3402 2592; x_wconf 86' lang='lat' dir='ltr'>illic</span> <span class='ocrx_word' id='word_1_164' title='bbox 3449 2519 3846 2591; x_wconf 88' lang='lat' dir='ltr'>subsidium</span> <span class='ocrx_word' id='word_1_165' title='bbox 3879 2518 3940 2607; x_wconf 73' lang='grc'>5)</span> 
     </span>
     <span class='ocr_line' id='line_1_18' title="bbox 847 2638 3936 2734; baseline -0.001 -22"><span class='ocrx_word' id='word_1_166' title='bbox 847 2644 1180 2734; x_wconf 89' lang='lat' dir='ltr'>negatum</span> <span class='ocrx_word' id='word_1_167' title='bbox 1234 2644 1375 2728; x_wconf 90' lang='lat' dir='ltr'>est,</span> <span class='ocrx_word' id='word_1_168' title='bbox 1442 2645 1566 2713; x_wconf 88' lang='lat' dir='ltr'>aut</span> <span class='ocrx_word' id='word_1_169' title='bbox 1620 2641 1787 2732; x_wconf 88' lang='lat' dir='ltr'>quia</span> <span class='ocrx_word' id='word_1_170' title='bbox 1840 2640 2065 2713; x_wconf 90' lang='lat' dir='ltr'>odiosi</span> <span class='ocrx_word' id='word_1_171' title='bbox 2127 2646 2326 2714; x_wconf 89' lang='lat' dir='ltr'>erant</span> <span class='ocrx_word' id='word_1_172' title='bbox 2389 2644 2744 2733; x_wconf 87' lang='lat' dir='ltr'>sumptus,</span> <span class='ocrx_word' id='word_1_173' title='bbox 2811 2644 2934 2710; x_wconf 89' lang='lat' dir='ltr'>aut</span> <span class='ocrx_word' id='word_1_174' title='bbox 2987 2660 3074 2712; x_wconf 89' lang='lat' dir='ltr'>ne</span> <span class='ocrx_word' id='word_1_175' title='bbox 3127 2638 3568 2711; x_wconf 88' lang='lat' dir='ltr'>Wladislaus</span> <span class='ocrx_word' id='word_1_176' title='bbox 3624 2640 3782 2712; x_wconf 85' lang='lat' dir='ltr'>Rex</span> <span class='ocrx_word' id='word_1_177' title='bbox 3837 2661 3936 2711; x_wconf 89' lang='lat' dir='ltr'>re·</span> 
     </span>
     <span class='ocr_line' id='line_1_19' title="bbox 851 2758 3936 2853; baseline -0.002 -19"><span class='ocrx_word' id='word_1_178' title='bbox 851 2783 1129 2849; x_wconf 85' lang='lat' dir='ltr'>versus,</span> <span class='ocrx_word' id='word_1_179' title='bbox 1189 2761 1390 2853; x_wconf 89' lang='lat' dir='ltr'>signa</span> <span class='ocrx_word' id='word_1_180' title='bbox 1444 2760 1517 2833; x_wconf 95' lang='lat' dir='ltr'>in</span> <span class='ocrx_word' id='word_1_181' title='bbox 1571 2761 1935 2834; x_wconf 88' lang='lat' dir='ltr'>Austriam</span> <span class='ocrx_word' id='word_1_182' title='bbox 1992 2766 2328 2849; x_wconf 89' lang='lat' dir='ltr'>verteret;</span> <span class='ocrx_word' id='word_1_183' title='bbox 2385 2762 2704 2835; x_wconf 89' lang='lat' dir='ltr'>induciae</span> <span class='ocrx_word' id='word_1_184' title='bbox 2763 2766 2995 2832; x_wconf 88' lang='lat' dir='ltr'>tamen</span> <span class='ocrx_word' id='word_1_185' title='bbox 3051 2759 3124 2831; x_wconf 91' lang='lat' dir='ltr'>in</span> <span class='ocrx_word' id='word_1_186' title='bbox 3151 2758 3535 2833; x_wconf 90' lang='lat' dir='ltr'>&#39;biennium</span> <span class='ocrx_word' id='word_1_187' title='bbox 3599 2760 3936 2831; x_wconf 87' lang='lat' dir='ltr'>firmatae.</span> 
     </span>
     <span class='ocr_line' id='line_1_20' title="bbox 851 2878 3936 2973; baseline -0.001 -20"><span class='ocrx_word' id='word_1_188' title='bbox 851 2880 1076 2973; x_wconf 86' lang='lat' dir='ltr'>Reges</span> <span class='ocrx_word' id='word_1_189' title='bbox 1130 2880 1419 2971; x_wconf 88' lang='lat' dir='ltr'>insuper</span> <span class='ocrx_word' id='word_1_190' title='bbox 1472 2884 1541 2953; x_wconf 89' lang='lat' dir='ltr'>et</span> <span class='ocrx_word' id='word_1_191' title='bbox 1603 2882 1967 2973; x_wconf 89' lang='lat' dir='ltr'>Principes</span> <span class='ocrx_word' id='word_1_192' title='bbox 2032 2881 2446 2970; x_wconf 88' lang='lat' dir='ltr'>catholicos,</span> <span class='ocrx_word' id='word_1_193' title='bbox 2516 2902 2631 2953; x_wconf 91' lang='lat' dir='ltr'>eos</span> <span class='ocrx_word' id='word_1_194' title='bbox 2694 2879 3106 2971; x_wconf 89' lang='lat' dir='ltr'>praesertim</span> <span class='ocrx_word' id='word_1_195' title='bbox 3172 2879 3294 2971; x_wconf 90' lang='lat' dir='ltr'>qui</span> <span class='ocrx_word' id='word_1_196' title='bbox 3365 2899 3453 2951; x_wconf 88' lang='lat' dir='ltr'>ex</span> <span class='ocrx_word' id='word_1_197' title='bbox 3508 2878 3936 2971; x_wconf 85' lang='lat' dir='ltr'>professione</span> 
     </span>
     <span class='ocr_line' id='line_1_21' title="bbox 854 2997 3934 3092; baseline -0.001 -22"><span class='ocrx_word' id='word_1_198' title='bbox 854 3020 983 3071; x_wconf 89' lang='lat' dir='ltr'>sua</span> <span class='ocrx_word' id='word_1_199' title='bbox 1037 3004 1267 3071; x_wconf 88' lang='lat' dir='ltr'>castra</span> <span class='ocrx_word' id='word_1_200' title='bbox 1320 2999 1481 3071; x_wconf 91' lang='lat' dir='ltr'>fidei</span> <span class='ocrx_word' id='word_1_201' title='bbox 1538 3021 1663 3072; x_wconf 88' lang='lat' dir='ltr'>suo</span> <span class='ocrx_word' id='word_1_202' title='bbox 1717 3000 2001 3074; x_wconf 87' lang='lat' dir='ltr'>brachio</span> <span class='ocrx_word' id='word_1_203' title='bbox 2058 3001 2477 3075; x_wconf 90' lang='lat' dir='ltr'>tenebantur</span> <span class='ocrx_word' id='word_1_204' title='bbox 2529 3004 2922 3092; x_wconf 88' lang='lat' dir='ltr'>protegere,</span> <span class='ocrx_word' id='word_1_205' title='bbox 2989 3004 3071 3071; x_wconf 88' lang='lat' dir='ltr'>ut</span> <span class='ocrx_word' id='word_1_206' title='bbox 3125 2999 3261 3072; x_wconf 91' lang='lat' dir='ltr'>sibi</span> <span class='ocrx_word' id='word_1_207' title='bbox 3317 2999 3545 3071; x_wconf 87' lang='lat' dir='ltr'>ferant</span> <span class='ocrx_word' id='word_1_208' title='bbox 3600 2997 3934 3083; x_wconf 87' lang='lat' dir='ltr'>subsidia,</span> 
     </span>
     <span class='ocr_line' id='line_1_22' title="bbox 853 3116 3932 3213; baseline 0 -24"><span class='ocrx_word' id='word_1_209' title='bbox 853 3118 1125 3191; x_wconf 88' lang='lat' dir='ltr'>nuntiis</span> <span class='ocrx_word' id='word_1_210' title='bbox 1178 3122 1248 3191; x_wconf 89' lang='lat' dir='ltr'>et</span> <span class='ocrx_word' id='word_1_211' title='bbox 1302 3118 1531 3192; x_wconf 91' lang='lat' dir='ltr'>literis</span> <span class='ocrx_word' id='word_1_212' title='bbox 1583 3122 1936 3209; x_wconf 86' lang='lat' dir='ltr'>hortatur,</span> <span class='ocrx_word' id='word_1_213' title='bbox 1992 3125 2195 3213; x_wconf 86' lang='lat' dir='ltr'>rogat</span> <span class='ocrx_word' id='word_1_214' title='bbox 2249 3124 2320 3192; x_wconf 93' lang='lat' dir='ltr'>et</span> <span class='ocrx_word' id='word_1_215' title='bbox 2374 3119 2694 3211; x_wconf 89' lang='lat' dir='ltr'>requirit.</span> <span class='ocrx_word' id='word_1_216' title='bbox 2763 3119 2900 3193; x_wconf 89' lang='lat' dir='ltr'>Sed</span> <span class='ocrx_word' id='word_1_217' title='bbox 2953 3140 3081 3192; x_wconf 86' lang='lat' dir='ltr'>nec</span> <span class='ocrx_word' id='word_1_218' title='bbox 3145 3117 3558 3212; x_wconf 86' lang='lat' dir='ltr'>Magistrum</span> <span class='ocrx_word' id='word_1_219' title='bbox 3616 3122 3688 3191; x_wconf 92' lang='lat' dir='ltr'>et</span> <span class='ocrx_word' id='word_1_220' title='bbox 3741 3116 3932 3190; x_wconf 83' lang='lat' dir='ltr'>Ordi-</span> 
     </span>
     <span class='ocr_line' id='line_1_23' title="bbox 854 3237 3932 3332; baseline -0.001 -20"><span class='ocrx_word' id='word_1_221' title='bbox 854 3259 1013 3312; x_wconf 91' lang='lat' dir='ltr'>nem</span> <span class='ocrx_word' id='word_1_222' title='bbox 1068 3238 1575 3311; x_wconf 81' lang='lat' dir='ltr'>Cruciferorum</span> <span class='ocrx_word' id='word_1_223' title='bbox 1630 3241 1715 3313; x_wconf 91' lang='lat' dir='ltr'>de</span> <span class='ocrx_word' id='word_1_224' title='bbox 1768 3241 2061 3313; x_wconf 90' lang='lat' dir='ltr'>Prussia</span> <span class='ocrx_word' id='word_1_225' title='bbox 2122 3260 2246 3332; x_wconf 85' lang='lat' dir='ltr'>per</span> <span class='ocrx_word' id='word_1_226' title='bbox 2309 3240 2537 3332; x_wconf 87' lang='lat' dir='ltr'>Reges</span> <span class='ocrx_word' id='word_1_227' title='bbox 2593 3244 2662 3313; x_wconf 87' lang='lat' dir='ltr'>et</span> <span class='ocrx_word' id='word_1_228' title='bbox 2715 3239 3086 3331; x_wconf 86' lang='lat' dir='ltr'>Principes</span> <span class='ocrx_word' id='word_1_229' title='bbox 3141 3237 3474 3311; x_wconf 92' lang='lat' dir='ltr'>Poloniae</span> <span class='ocrx_word' id='word_1_230' title='bbox 3525 3259 3653 3329; x_wconf 90' lang='lat' dir='ltr'>pro</span> <span class='ocrx_word' id='word_1_231' title='bbox 3711 3238 3932 3311; x_wconf 88' lang='lat' dir='ltr'>defen-</span> 
     </span>
     <span class='ocr_line' id='line_1_24' title="bbox 856 3357 3932 3452; baseline -0.001 -21"><span class='ocrx_word' id='word_1_232' title='bbox 856 3359 1051 3431; x_wconf 90' lang='lat' dir='ltr'>sione</span> <span class='ocrx_word' id='word_1_233' title='bbox 1086 3358 1400 3431; x_wconf 88' lang='lat' dir='ltr'>fidelium</span> <span class='ocrx_word' id='word_1_234' title='bbox 1436 3364 1677 3433; x_wconf 87' lang='lat' dir='ltr'>contra</span> <span class='ocrx_word' id='word_1_235' title='bbox 1730 3362 2058 3434; x_wconf 88' lang='lat' dir='ltr'>barbaros</span> <span class='ocrx_word' id='word_1_236' title='bbox 2113 3360 2555 3449; x_wconf 89' lang='lat' dir='ltr'>institutum,</span> <span class='ocrx_word' id='word_1_237' title='bbox 2613 3360 3145 3452; x_wconf 89' lang='lat' dir='ltr'>praetermittit,</span> <span class='ocrx_word' id='word_1_238' title='bbox 3203 3363 3273 3431; x_wconf 90' lang='lat' dir='ltr'>et</span> <span class='ocrx_word' id='word_1_239' title='bbox 3301 3359 3362 3447; x_wconf 69' lang='grc' dir='ltr'>ὓ)</span> <span class='ocrx_word' id='word_1_240' title='bbox 3417 3358 3628 3431; x_wconf 90' lang='lat' dir='ltr'>illum</span> <span class='ocrx_word' id='word_1_241' title='bbox 3687 3357 3822 3431; x_wconf 86' lang='lat' dir='ltr'>sibi</span> <span class='ocrx_word' id='word_1_242' title='bbox 3871 3360 3932 3429; x_wconf 90' lang='lat' dir='ltr'>et</span> 
     </span>
     <span class='ocr_line' id='line_1_25' title="bbox 854 3477 3926 3572; baseline -0.001 -21"><span class='ocrx_word' id='word_1_243' title='bbox 854 3477 1199 3551; x_wconf 89' lang='lat' dir='ltr'>catholico</span> <span class='ocrx_word' id='word_1_244' title='bbox 1252 3479 1511 3571; x_wconf 92' lang='lat' dir='ltr'>populo</span> <span class='ocrx_word' id='word_1_245' title='bbox 1576 3480 1753 3553; x_wconf 90' lang='lat' dir='ltr'>ferre</span> <span class='ocrx_word' id='word_1_246' title='bbox 1820 3480 2212 3553; x_wconf 89' lang='lat' dir='ltr'>subsidium</span> <span class='ocrx_word' id='word_1_247' title='bbox 2277 3480 2598 3572; x_wconf 89' lang='lat' dir='ltr'>pluribus</span> <span class='ocrx_word' id='word_1_248' title='bbox 2665 3478 2897 3553; x_wconf 90' lang='lat' dir='ltr'>verbis</span> <span class='ocrx_word' id='word_1_249' title='bbox 2951 3478 3241 3568; x_wconf 90' lang='lat' dir='ltr'>invitat,</span> <span class='ocrx_word' id='word_1_250' title='bbox 3299 3478 3638 3571; x_wconf 86' lang='lat' dir='ltr'>Magistro</span> <span class='ocrx_word' id='word_1_251' title='bbox 3697 3482 3767 3551; x_wconf 90' lang='lat' dir='ltr'>et</span> <span class='ocrx_word' id='word_1_252' title='bbox 3819 3477 3926 3549; x_wconf 90' lang='lat' dir='ltr'>Or·</span> 
     </span>
     <span class='ocr_line' id='line_1_26' title="bbox 854 3596 3928 3693; baseline 0 -25"><span class='ocrx_word' id='word_1_253' title='bbox 854 3598 1014 3670; x_wconf 90' lang='lat' dir='ltr'>dine</span> <span class='ocrx_word' id='word_1_254' title='bbox 1068 3598 1459 3689; x_wconf 86' lang='lat' dir='ltr'>praefatum</span> <span class='ocrx_word' id='word_1_255' title='bbox 1517 3599 1908 3673; x_wconf 82' lang='lat' dir='ltr'>subsidium</span> <span class='ocrx_word' id='word_1_256' title='bbox 1963 3606 2262 3693; x_wconf 86' lang='lat' dir='ltr'>negante</span> <span class='ocrx_word' id='word_1_257' title='bbox 2317 3605 2386 3674; x_wconf 92' lang='lat' dir='ltr'>et</span> <span class='ocrx_word' id='word_1_258' title='bbox 2431 3600 2802 3673; x_wconf 89' lang='lat' dir='ltr'>abnuente.</span> <span class='ocrx_word' id='word_1_259' title='bbox 2859 3599 3184 3671; x_wconf 86' lang='lat' dir='ltr'>Iulianus</span> <span class='ocrx_word' id='word_1_260' title='bbox 3221 3602 3580 3689; x_wconf 88' lang='lat' dir='ltr'>praeterea</span> <span class='ocrx_word' id='word_1_261' title='bbox 3617 3596 3928 3672; x_wconf 72' lang='lat' dir='ltr'>Cardine·</span> 
     </span>
     <span class='ocr_line' id='line_1_27' title="bbox 854 3718 3924 3811; baseline -0.001 -21"><span class='ocrx_word' id='word_1_262' title='bbox 854 3718 947 3790; x_wconf 91' lang='lat' dir='ltr'>lis</span> <span class='ocrx_word' id='word_1_263' title='bbox 1004 3722 1074 3791; x_wconf 90' lang='lat' dir='ltr'>et</span> <span class='ocrx_word' id='word_1_264' title='bbox 1126 3720 1435 3809; x_wconf 89' lang='lat' dir='ltr'>Legatus</span> <span class='ocrx_word' id='word_1_265' title='bbox 1492 3719 1844 3792; x_wconf 88' lang='lat' dir='ltr'>decretum</span> <span class='ocrx_word' id='word_1_266' title='bbox 1901 3724 2143 3793; x_wconf 89' lang='lat' dir='ltr'>contra</span> <span class='ocrx_word' id='word_1_267' title='bbox 2196 3720 2456 3792; x_wconf 82' lang='lat' dir='ltr'>Turcos</span> <span class='ocrx_word' id='word_1_268' title='bbox 2511 3718 2914 3811; x_wconf 88' lang='lat' dir='ltr'>passagium</span> <span class='ocrx_word' id='word_1_269' title='bbox 2978 3718 3290 3810; x_wconf 88' lang='lat' dir='ltr'>Eugenio</span> <span class='ocrx_word' id='word_1_270' title='bbox 3347 3719 3579 3809; x_wconf 89' lang='lat' dir='ltr'>Papae</span> <span class='ocrx_word' id='word_1_271' title='bbox 3636 3718 3924 3802; x_wconf 83' lang='lat' dir='ltr'>intimat,</span> 
     </span>
     <span class='ocr_line' id='line_1_28' title="bbox 856 3835 3926 3931; baseline -0 -23"><span class='ocrx_word' id='word_1_272' title='bbox 856 3859 1142 3930; x_wconf 89' lang='lat' dir='ltr'>rogans,</span> <span class='ocrx_word' id='word_1_273' title='bbox 1207 3843 1289 3910; x_wconf 91' lang='lat' dir='ltr'>ut</span> <span class='ocrx_word' id='word_1_274' title='bbox 1348 3839 1713 3930; x_wconf 88' lang='lat' dir='ltr'>promissis</span> <span class='ocrx_word' id='word_1_275' title='bbox 1772 3839 1919 3912; x_wconf 90' lang='lat' dir='ltr'>suis</span> <span class='ocrx_word' id='word_1_276' title='bbox 1975 3845 2045 3914; x_wconf 90' lang='lat' dir='ltr'>et</span> <span class='ocrx_word' id='word_1_277' title='bbox 2098 3839 2332 3912; x_wconf 91' lang='lat' dir='ltr'>verbis</span> <span class='ocrx_word' id='word_1_278' title='bbox 2385 3844 2696 3930; x_wconf 88' lang='lat' dir='ltr'>praestet</span> <span class='ocrx_word' id='word_1_279' title='bbox 2759 3838 3096 3910; x_wconf 89' lang='lat' dir='ltr'>virtutem</span> <span class='ocrx_word' id='word_1_280' title='bbox 3151 3841 3221 3910; x_wconf 87' lang='lat' dir='ltr'>et</span> <span class='ocrx_word' id='word_1_281' title='bbox 3275 3835 3682 3931; x_wconf 83' lang='lat' dir='ltr'>efficaciam.</span> <span class='ocrx_word' id='word_1_282' title='bbox 3751 3836 3926 3909; x_wconf 81' lang='lat' dir='ltr'>Wla·</span> 
     </span>
     <span class='ocr_line' id='line_1_29' title="bbox 857 3956 3930 4049; baseline -0.001 -21"><span class='ocrx_word' id='word_1_283' title='bbox 857 3956 1127 4029; x_wconf 89' lang='lat' dir='ltr'>dislaus</span> <span class='ocrx_word' id='word_1_284' title='bbox 1180 3957 1463 4030; x_wconf 89' lang='lat' dir='ltr'>interim</span> <span class='ocrx_word' id='word_1_285' title='bbox 1518 3959 1673 4031; x_wconf 87' lang='lat' dir='ltr'>Rex</span> <span class='ocrx_word' id='word_1_286' title='bbox 1727 3980 1851 4049; x_wconf 90' lang='lat' dir='ltr'>per</span> <span class='ocrx_word' id='word_1_287' title='bbox 1886 3981 2154 4032; x_wconf 89' lang='lat' dir='ltr'>omnem</span> <span class='ocrx_word' id='word_1_288' title='bbox 2195 3963 2530 4032; x_wconf 87' lang='lat' dir='ltr'>aestatem</span> <span class='ocrx_word' id='word_1_289' title='bbox 2565 3958 2766 4031; x_wconf 89' lang='lat' dir='ltr'>illam</span> <span class='ocrx_word' id='word_1_290' title='bbox 2819 3980 2930 4030; x_wconf 88' lang='lat' dir='ltr'>res</span> <span class='ocrx_word' id='word_1_291' title='bbox 2967 3957 3258 4030; x_wconf 88' lang='lat' dir='ltr'>bellicas</span> <span class='ocrx_word' id='word_1_292' title='bbox 3295 3962 3700 4047; x_wconf 87' lang='lat' dir='ltr'>praeparat,</span> <span class='ocrx_word' id='word_1_293' title='bbox 3759 3976 3930 4028; x_wconf 85' lang='lat' dir='ltr'>arma</span> 
     </span>
    </p>
   </div>
   <div class='ocr_carea' id='block_1_3' title="bbox 858 4074 3932 4272">
    <p class='ocr_par' dir='ltr' id='par_1_3' title="bbox 858 4074 3932 4272">
     <span class='ocr_line' id='line_1_30' title="bbox 859 4074 3932 4171; baseline -0.001 -23"><span class='ocrx_word' id='word_1_294' title='bbox 859 4081 931 4148; x_wconf 92' lang='lat' dir='ltr'>et</span> <span class='ocrx_word' id='word_1_295' title='bbox 984 4097 1197 4167; x_wconf 90' lang='lat' dir='ltr'>equos</span> <span class='ocrx_word' id='word_1_296' title='bbox 1252 4078 1533 4164; x_wconf 91' lang='lat' dir='ltr'>coemit,</span> <span class='ocrx_word' id='word_1_297' title='bbox 1600 4079 1839 4168; x_wconf 89' lang='lat' dir='ltr'>plures</span> <span class='ocrx_word' id='word_1_298' title='bbox 1901 4084 2144 4171; x_wconf 88' lang='lat' dir='ltr'>gentes</span> <span class='ocrx_word' id='word_1_299' title='bbox 2201 4100 2288 4151; x_wconf 91' lang='lat' dir='ltr'>ex</span> <span class='ocrx_word' id='word_1_300' title='bbox 2343 4080 2585 4171; x_wconf 88' lang='lat' dir='ltr'>Regno</span> <span class='ocrx_word' id='word_1_301' title='bbox 2649 4077 2982 4151; x_wconf 90' lang='lat' dir='ltr'>Poloniae</span> <span class='ocrx_word' id='word_1_302' title='bbox 3046 4081 3116 4150; x_wconf 90' lang='lat' dir='ltr'>et</span> <span class='ocrx_word' id='word_1_303' title='bbox 3168 4076 3374 4150; x_wconf 90' lang='lat' dir='ltr'>terris</span> <span class='ocrx_word' id='word_1_304' title='bbox 3438 4076 3818 4149; x_wconf 86' lang='lat' dir='ltr'>Valachiae</span> <span class='ocrx_word' id='word_1_305' title='bbox 3867 4074 3932 4145; x_wconf 87' lang='lat' dir='ltr'>in</span> 
     </span>
     <span class='ocr_line' id='line_1_31' title="bbox 858 4195 2113 4272; baseline 0.003 -5"><span class='ocrx_word' id='word_1_306' title='bbox 858 4195 1247 4268; x_wconf 88' lang='lat' dir='ltr'>subsidium</span> <span class='ocrx_word' id='word_1_307' title='bbox 1302 4197 1655 4268; x_wconf 87' lang='lat' dir='ltr'>contrahit</span> <span class='ocrx_word' id='word_1_308' title='bbox 1711 4203 1779 4272; x_wconf 92' lang='lat' dir='ltr'>et</span> <span class='ocrx_word' id='word_1_309' title='bbox 1832 4198 2113 4271; x_wconf 87' lang='lat' dir='ltr'>invitat.</span> 
     </span>
    </p>
   </div>
   <div class='ocr_carea' id='block_1_4' title="bbox 856 4548 3934 4762">
    <p class='ocr_par' dir='ltr' id='par_1_4' title="bbox 856 4548 3934 4762">
     <span class='ocr_line' id='line_1_32' title="bbox 856 4548 3934 4642; baseline -0.002 -20"><span class='ocrx_word' id='word_1_310' title='bbox 856 4551 1250 4626; x_wconf 64' lang='lat' dir='ltr'>vladissaus</span> <span class='ocrx_word' id='word_1_311' title='bbox 1292 4552 1460 4638; x_wconf 73' lang='lat' dir='ltr'>lex,</span> <span class='ocrx_word' id='word_1_312' title='bbox 1507 4554 1879 4641; x_wconf 78' lang='lat' dir='ltr'>comparato</span> <span class='ocrx_word' id='word_1_313' title='bbox 1921 4552 2165 4642; x_wconf 77' lang='lat' dir='ltr'>insigni</span> <span class='ocrx_word' id='word_1_314' title='bbox 2214 4550 2535 4636; x_wconf 81' lang='lat' dir='ltr'>exercitu,</span> <span class='ocrx_word' id='word_1_315' title='bbox 2597 4552 2828 4622; x_wconf 83' lang='lat' dir='ltr'>contra</span> <span class='ocrx_word' id='word_1_316' title='bbox 2869 4548 3104 4621; x_wconf 71' lang='lat' dir='ltr'>‘l&#39;nrcot</span> <span class='ocrx_word' id='word_1_317' title='bbox 3147 4548 3504 4638; x_wconf 68' lang='lat' dir='ltr'>profectus,</span> <span class='ocrx_word' id='word_1_318' title='bbox 3565 4548 3934 4637; x_wconf 73' lang='lat' dir='ltr'>conquisitis</span> 
     </span>
     <span class='ocr_line' id='line_1_33' title="bbox 1454 4669 3355 4762; baseline -0.002 -19"><span class='ocrx_word' id='word_1_319' title='bbox 1454 4672 1741 4762; x_wconf 76' lang='lat' dir='ltr'>pluribus</span> <span class='ocrx_word' id='word_1_320' title='bbox 1786 4672 2065 4762; x_wconf 77' lang='lat' dir='ltr'>oppidis,</span> <span class='ocrx_word' id='word_1_321' title='bbox 2113 4675 2303 4762; x_wconf 78' lang='lat' dir='ltr'>parta</span> <span class='ocrx_word' id='word_1_322' title='bbox 2347 4670 2653 4757; x_wconf 79' lang='lat' dir='ltr'>victoria,</span> <span class='ocrx_word' id='word_1_323' title='bbox 2700 4669 2940 4741; x_wconf 78' lang='lat' dir='ltr'>Budam</span> <span class='ocrx_word' id='word_1_324' title='bbox 2982 4670 3355 4741; x_wconf 79' lang='lat' dir='ltr'>revertitur.</span> 
     </span>
    </p>
   </div>
   <div class='ocr_carea' id='block_1_5' title="bbox 860 4912 3927 5131">
    <p class='ocr_par' dir='ltr' id='par_1_5' title="bbox 860 4912 3927 5131">
     <span class='ocr_line' id='line_1_34' title="bbox 1066 4912 3926 5013; baseline -0.004 -20"><span class='ocrx_word' id='word_1_325' title='bbox 1066 4920 1499 5011; x_wconf 82' lang='lat' dir='ltr'>Comparatis</span> <span class='ocrx_word' id='word_1_326' title='bbox 1554 4920 1793 5010; x_wconf 89' lang='lat' dir='ltr'>itaque</span> <span class='ocrx_word' id='word_1_327' title='bbox 1849 4920 2183 5013; x_wconf 89' lang='lat' dir='ltr'>singulis,</span> <span class='ocrx_word' id='word_1_328' title='bbox 2241 4940 2418 5010; x_wconf 90' lang='lat' dir='ltr'>quae</span> <span class='ocrx_word' id='word_1_329' title='bbox 2473 4940 2598 5011; x_wconf 90' lang='lat' dir='ltr'>pro</span> <span class='ocrx_word' id='word_1_330' title='bbox 2655 4916 3097 5009; x_wconf 88' lang='lat' dir='ltr'>expeditione</span> <span class='ocrx_word' id='word_1_331' title='bbox 3159 4913 3565 4987; x_wconf 87' lang='lat' dir='ltr'>huiusmodi</span> <span class='ocrx_word' id='word_1_332' title='bbox 3619 4912 3926 4985; x_wconf 84' lang='lat' dir='ltr'>videban-</span> 
     </span>
     <span class='ocr_line' id='line_1_35' title="bbox 860 5032 3927 5131; baseline -0.004 -21"><span class='ocrx_word' id='word_1_333' title='bbox 860 5045 978 5111; x_wconf 87' lang='lat' dir='ltr'>tur</span> <span class='ocrx_word' id='word_1_334' title='bbox 1030 5039 1456 5127; x_wconf 84' lang='lat' dir='ltr'>necessaria,</span> <span class='ocrx_word' id='word_1_335' title='bbox 1522 5040 1595 5111; x_wconf 90' lang='lat' dir='ltr'>in</span> <span class='ocrx_word' id='word_1_336' title='bbox 1650 5039 1763 5113; x_wconf 90' lang='lat' dir='ltr'>die</span> <span class='ocrx_word' id='word_1_337' title='bbox 1824 5041 2069 5113; x_wconf 88' lang='lat' dir='ltr'>beatae</span> <span class='ocrx_word' id='word_1_338' title='bbox 2114 5039 2376 5112; x_wconf 85' lang='lat' dir='ltr'>Mariae</span> <span class='ocrx_word' id='word_1_339' title='bbox 2421 5038 2908 5131; x_wconf 80' lang='lat' dir='ltr'>Magdale&#39;nae,</span> <span class='ocrx_word' id='word_1_340' title='bbox 2975 5036 3412 5109; x_wconf 88' lang='lat' dir='ltr'>Wladislaus</span> <span class='ocrx_word' id='word_1_341' title='bbox 3479 5034 3635 5107; x_wconf 86' lang='lat' dir='ltr'>Rex</span> <span class='ocrx_word' id='word_1_342' title='bbox 3686 5032 3927 5104; x_wconf 86' lang='lat' dir='ltr'>habens</span> 
     </span>
    </p>
   </div>
   <div class='ocr_carea' id='block_1_6' title="bbox 864 5300 3926 5502">
    <p class='ocr_par' dir='ltr' id='par_1_6' title="bbox 864 5300 3926 5502">
     <span class='ocr_line' id='line_1_36' title="bbox 1076 5300 3924 5395; baseline -0.007 -15"><span class='ocrx_word' id='word_1_343' title='bbox 1076 5312 1121 5395; x_wconf 84' lang='grc' dir='ltr'>ι)</span> <span class='ocrx_word' id='word_1_344' title='bbox 1167 5306 1475 5394; x_wconf 78' lang='lat' dir='ltr'>perculsus</span> <span class='ocrx_word' id='word_1_345' title='bbox 1534 5312 1687 5378; x_wconf 76' lang='lat' dir='ltr'>Ood.</span> <span class='ocrx_word' id='word_1_346' title='bbox 1738 5310 1915 5378; x_wconf 83' lang='lat' dir='ltr'>Galv.</span> <span class='ocrx_word' id='word_1_347' title='bbox 1950 5312 2004 5393; x_wconf 62' lang='grc' dir='ltr'>ςῑ)</span> <span class='ocrx_word' id='word_1_348' title='bbox 2036 5315 2310 5375; x_wconf 82' lang='lat' dir='ltr'>exclusus</span> <span class='ocrx_word' id='word_1_349' title='bbox 2343 5312 2622 5373; x_wconf 85' lang='lat' dir='ltr'>exulabat</span> <span class='ocrx_word' id='word_1_350' title='bbox 2650 5307 2776 5372; x_wconf 84' lang='lat' dir='ltr'>Ed.</span> <span class='ocrx_word' id='word_1_351' title='bbox 2812 5306 2993 5391; x_wconf 79' lang='lat' dir='ltr'>Lips.</span> <span class='ocrx_word' id='word_1_352' title='bbox 3027 5306 3079 5387; x_wconf 75' lang='lat'>³)</span> <span class='ocrx_word' id='word_1_353' title='bbox 3108 5308 3512 5367; x_wconf 83' lang='lat' dir='ltr'>Varmiensem</span> <span class='ocrx_word' id='word_1_354' title='bbox 3547 5300 3702 5367; x_wconf 77' lang='lat' dir='ltr'>cod.</span> <span class='ocrx_word' id='word_1_355' title='bbox 3733 5300 3924 5364; x_wconf 64' lang='lat' dir='ltr'>Pras.</span> 
     </span>
     <span class='ocr_line' id='line_1_37' title="bbox 864 5402 3926 5502; baseline -0.007 -18"><span class='ocrx_word' id='word_1_356' title='bbox 864 5418 919 5502; x_wconf 81' lang='lat'>⁴)</span> <span class='ocrx_word' id='word_1_357' title='bbox 964 5423 1199 5483; x_wconf 89' lang='lat' dir='ltr'>omnino</span> <span class='ocrx_word' id='word_1_358' title='bbox 1250 5416 1402 5483; x_wconf 82' lang='lat' dir='ltr'>Cod.</span> <span class='ocrx_word' id='word_1_359' title='bbox 1447 5417 1664 5482; x_wconf 80' lang='lat' dir='ltr'>Przez.</span> <span class='ocrx_word' id='word_1_360' title='bbox 1711 5417 1763 5499; x_wconf 80' lang='lat'>³)</span> <span class='ocrx_word' id='word_1_361' title='bbox 1808 5419 2089 5479; x_wconf 84' lang='lat' dir='ltr'>auxilium</span> <span class='ocrx_word' id='word_1_362' title='bbox 2138 5411 2290 5479; x_wconf 83' lang='lat' dir='ltr'>Cod.</span> <span class='ocrx_word' id='word_1_363' title='bbox 2337 5413 2471 5477; x_wconf 75' lang='lat' dir='ltr'>Lis.</span> <span class='ocrx_word' id='word_1_364' title='bbox 2516 5414 2876 5492; x_wconf 84' lang='lat' dir='ltr'>praesidium</span> <span class='ocrx_word' id='word_1_365' title='bbox 2920 5408 3048 5472; x_wconf 78' lang='lat' dir='ltr'>Ed.</span> <span class='ocrx_word' id='word_1_366' title='bbox 3097 5407 3278 5492; x_wconf 79' lang='lat' dir='ltr'>Lips.</span> <span class='ocrx_word' id='word_1_367' title='bbox 3327 5406 3379 5486; x_wconf 77' lang='lat'>⁶)</span> <span class='ocrx_word' id='word_1_368' title='bbox 3426 5407 3533 5469; x_wconf 85' lang='lat' dir='ltr'>sed</span> <span class='ocrx_word' id='word_1_369' title='bbox 3577 5403 3729 5470; x_wconf 82' lang='lat' dir='ltr'>God.</span> <span class='ocrx_word' id='word_1_370' title='bbox 3772 5402 3926 5467; x_wconf 71' lang='lat' dir='ltr'>Kost.</span> 
     </span>
    </p>
   </div>
  </div>
 </body>
</html>
