4342 6384
690 563 849 638 28⁰
1875 582 2103 636 ntem
2153 579 2615 635 annuemus.
3247 553 3385 654 (Α.
3421 551 3514 628 D.
3553 545 3788 647 1421.)

687 768 1193 862 regrederetur,
1258 787 1301 841 a
1354 764 1805 860 Sigismundo
1860 766 2054 859 Rege
2120 766 2508 841 subsistere
2571 769 2643 839 et
2695 769 2957 840 certam
3019 759 3537 854 expeditionem
3589 759 3782 850 lega-

688 887 907 962 tionis
970 908 1139 961 suae
1198 886 1456 980 operiri
1529 885 1800 976 iussus,
1876 886 2287 961 Bohemiam
2349 891 2418 962 et
2479 888 2632 978 ipse
2695 889 2943 977 (turpe
3012 889 3214 956 ratus
3275 881 3542 974 Regem
3592 879 3788 952 bella

687 1012 1046 1101 gerentem
1098 1008 1445 1096 deserere)
1500 1007 1855 1098 profectus
1912 1011 2045 1081 est.
2102 1007 2411 1100 Cumque
2459 1005 2954 1101 Sigismundus
3007 1004 3163 1077 Rex
3217 1002 3292 1075 in
3329 998 3788 1074 multitudine

688 1126 891 1220 gravi
954 1147 1043 1200 ex
1106 1126 1501 1220 Hungaris,
1569 1126 1890 1217 PoloniS,
1965 1127 2333 1216 Bohemis,
2397 1125 2804 1215 Almannis,
2877 1123 3312 1214 caeterisque
3379 1119 3790 1192 nationibus

696 1246 1028 1336 collecta,
1110 1244 1519 1320 Bohemiam
1588 1245 1773 1319 circa
1844 1246 2127 1319 Natalis
2203 1245 2468 1320 Christi
2527 1247 2788 1319 festum
2866 1244 3232 1332 intrasset,
3305 1240 3393 1313 ad
3455 1238 3790 1332 oppidum

692 1365 877 1441 Gora
898 1421 919 1455 ,
1000 1365 1185 1458 quod
1254 1365 1475 1440 latine
1548 1365 1847 1440 Cuthnei
1894 1367 1949 1456 ¹)
2031 1371 2304 1440 montes
2386 1367 2816 1458 appellatur,
2890 1363 3196 1456 primum
3267 1360 3646 1453 applicuit,
3719 1362 3792 1432 et

690 1484 915 1580 primo
968 1485 1238 1578 impetu
1294 1489 1551 1578 (neque
1612 1485 1801 1560 enim
1863 1489 1989 1558 aut
2042 1485 2191 1558 situ
2257 1488 2381 1558 aut
2434 1489 2584 1559 arte
2647 1485 2735 1558 ad
2788 1482 3260 1556 resistendum
3325 1480 3500 1554 satis
3553 1483 3792 1551 tntum

692 1608 885 1697 erat)
956 1605 1148 1698 capit
1206 1605 1415 1679 illud.
1496 1605 1710 1679 Multi
1771 1611 2007 1679 autem
2072 1627 2163 1678 ex
2229 1605 2562 1678 Bohemis
2627 1609 2698 1678 et
2758 1603 3130 1678 Almannis
3146 1657 3164 1692 ,
3232 1601 3358 1694 qni
3411 1598 3792 1672 Bohemiae

692 1724 1017 1817 Regnum
1068 1724 1155 1798 ab
1194 1724 1398 1798 annis
1434 1725 1681 1799 multis
1717 1725 2141 1815 incolebant,
2178 1727 2532 1800 haeretica
2564 1726 2723 1799 labe
2759 1724 3128 1817 indignum
3164 1723 3498 1796 ducentes
3533 1717 3790 1812 pollui,

696 1865 855 1918 cum
910 1844 1101 1918 omni
1171 1866 1297 1919 suo
1372 1845 1661 1939 pignore
1724 1849 1796 1919 et
1858 1847 2324 1938 supellectili,
2403 1867 2614 1938 quam
2675 1846 2852 1918 ferre
2914 1847 3272 1935 poterant,
3339 1839 3792 1934 Sigismundo

696 1963 875 2057 Regi
928 1964 1247 2038 adiuncti
1301 1970 1490 2039 sunt.
1568 1965 1835 2058 Quibus
1896 1966 2196 2059 benigne
2260 1967 2640 2059 appellatis
2702 1969 2774 2040 et
2833 1963 3261 2056 recollectiS,
3324 1963 3505 2035 bono
3561 1959 3792 2032 animo

698 2103 817 2156 eos
872 2105 1059 2173 esse,
1114 2084 1199 2156 de
1252 2104 1469 2176 seque
1530 2083 1821 2157 meliora
1883 2105 2163 2177 sperare
2216 2084 2452 2158 iussit.
2525 2084 2822 2158 Interim
2888 2085 3354 2158 Bohemorum
3408 2079 3792 2154 haeretico-

695 2223 853 2276 rum
906 2203 1263 2278 exercitus
1318 2223 1407 2276 ex
1460 2203 1895 2294 Thaboritis,
1950 2204 2462 2298 PragensibuS,
2519 2205 2954 2296 caeterisque
3007 2203 3371 2290 Bohemis,
3425 2204 3628 2293 rapto
3683 2199 3790 2271 vi-

698 2343 863 2396 vere
916 2323 1183 2412 solitis,
1250 2327 1373 2396 aut
1426 2343 1583 2397 aere
1646 2323 1876 2397 alieno
1938 2323 2252 2417 gravatis
2269 2379 2286 2413 ,
2353 2325 2690 2399 collectus
2761 2325 2938 2398 duce
2989 2323 3288 2397 Zischka
3320 2321 3408 2413 2),
3466 2320 3792 2412 quamvis

699 2463 935 2532 coeco,
989 2448 1233 2516 contra
1285 2443 1547 2536 Regem
1604 2443 2167 2536 sigismundum,
2227 2449 2470 2536 septus
2526 2467 2855 2518 curruum
2909 2445 2996 2517 ab
3051 2443 3240 2516 omni
3292 2447 3492 2535 parte
3545 2441 3789 2514 multi-

700 2563 976 2654 tudine,
1032 2564 1343 2638 advenit.
1417 2565 1635 2655 Quem
1690 2564 2188 2657 sigismundus
2241 2566 2396 2639 Rex
2413 2621 2430 2654 ‚
2497 2587 2654 2638 cum
2707 2586 2993 2639 numero
3048 2585 3128 2638 ac
3179 2563 3426 2636 robore
3475 2560 3794 2654 gentium

698 2683 1002 2757 validior
1054 2685 1276 2757 multo
1340 2685 1795 2776 superiorque
1858 2686 2037 2759 foret
2065 2683 2153 2774 ³),
2221 2685 2536 2760 exercitu
2592 2708 2718 2758 suo
2781 2686 2856 2758 in
2908 2707 3156 2779 gyrum
3211 2682 3442 2756 cinxit
3501 2685 3576 2753 et
3627 2701 3790 2755 con-

698 2805 941 2878 clusit.
994 2805 1064 2880 N
1066 2827 1155 2878 on
1208 2805 1298 2879 ob
1350 2805 1423 2878 id
1477 2811 1711 2879 tamen
1766 2806 2188 2879 Bohemicus
2242 2807 2596 2881 exercitus
2651 2807 2929 2899 segnior
2965 2807 3286 2894 effectus,
3339 2802 3592 2896 praelii
3627 2823 3792 2874 con-

700 2945 1020 3018 gressum
1074 2931 1277 3000 nocte
1332 2929 1405 3000 et
1439 2925 1583 3015 die,
1640 2947 1782 2999 una
1814 2931 2105 3020 paratus
2161 2927 2314 3019 ipse
2366 2928 2454 3001 ad
2491 2927 3030 3018 decernendum,
3089 2925 3552 3019 operiebatur.
3609 2923 3794 2993 Dum

702 3065 865 3118 vero
930 3066 1005 3119 se
1074 3066 1301 3138 neque
1364 3045 1636 3136 invadi,
1712 3047 1833 3120 sed
1895 3068 2121 3139 neque
2187 3048 2507 3123 infestari
2577 3070 2620 3121 a
2682 3047 3117 3142 Sigismundi
3187 3045 3404 3139 Regis
3477 3041 3793 3117 exercitu

704 3165 1240 3255 animadvertit,
1296 3187 1511 3240 ausus
1564 3165 1859 3241 maiores
1914 3189 2233 3259 sumens,
2289 3189 2378 3242 ex
2433 3168 2720 3242 stativis
2785 3168 2936 3242 suis
2990 3172 3065 3241 et
3111 3165 3590 3255 conclusione,
3655 3184 3798 3255 qua

704 3287 905 3380 velut
956 3307 1210 3383 corona
1263 3290 1507 3378 septus
1560 3291 1743 3375 erat,
1799 3308 1875 3360 se
1926 3288 2180 3378 movit,
2236 3294 2308 3364 et
2347 3291 2676 3382 gentibus
2733 3288 3168 3383 Sigismnndi
3219 3286 3436 3380 Regis
3491 3284 3631 3360 sibi
3683 3306 3794 3358 ce·
3885 3355 3902 3368 ,

702 3405 1065 3497 dentibuS,
1132 3407 1375 3480 salvus
1438 3406 1785 3481 discessit.
1866 3407 2169 3503 Fugisse
2241 3415 2476 3484 autem
2549 3410 3042 3504 Sigismundus
3112 3412 3270 3483 Rex
3341 3407 3796 3480 Bohemicum

704 3527 1093 3601 exercitum
1146 3548 1405 3620 pavore
1459 3548 1599 3600 non
1653 3528 2049 3624 conditione
2104 3552 2147 3603 a
2185 3552 2311 3603 suo
2365 3538 2742 3624 conspectu
2794 3537 3026 3621 ratus,
3081 3536 3315 3604 movet
3367 3535 3440 3603 et
3492 3527 3645 3620 ipse
3683 3528 3798 3600 sui

702 3647 1057 3722 exercitus
1110 3648 1380 3740 copias,
1446 3653 1519 3720 et
1570 3652 1803 3721 tutum
1868 3669 1945 3722 se
1998 3651 2457 3726 multitudine
2520 3657 2732 3744 atque
2785 3673 3106 3732 securum
3169 3650 3616 3738 existimans,
3685 3671 3795 3722 so-

701 3768 880 3841 lutis
934 3767 1329 3856 ordinibuS,
1393 3770 1595 3841 nulla
1659 3769 1847 3842 iusta
1907 3770 2055 3844 acie
2118 3772 2580 3864 compositus,
2653 3795 2792 3844 non
2857 3793 3056 3845 secus
3111 3793 3320 3864 quam
3383 3771 3568 3843 inter
3621 3770 3798 3842 fidos

706 3892 779 3960 et
828 3885 1280 3977 domesticos,
1338 3889 1609 3961 nullam
1646 3890 1976 3963 hostilem
2016 3890 2451 3966 invasionem
2505 3893 2940 3985 suspicatus,
2996 3893 3396 3985 palatisque
3431 3913 3558 3984 per
3593 3911 3802 3984 agros

706 4011 779 4081 et
812 4007 1236 4082 diverticula
1270 4009 1647 4100 militibus,
1686 4011 2292 4103 progrediebatur:
2347 4035 2508 4086 cum
2545 4014 2778 4088 subito
2815 4013 3002 4087 acies
3039 4013 3417 4086 Bohemica
3451 4033 3526 4086 se
3567 4016 3798 4084 osten-

704 4128 847 4214 dit,
904 4133 977 4201 et
1028 4129 1308 4202 sublato
1347 4130 1581 4202 valido
1636 4132 1971 4220 clamore,
2028 4131 2103 4203 in
2138 4132 2493 4225 dispersos
2549 4139 2618 4208 et
2653 4134 3151 4226 incompositos
3207 4134 3448 4221 irruit,
3503 4133 3802 4224 primos-

709 4269 845 4339 que
900 4251 973 4320 et
1024 4247 1351 4322 resistere
1406 4270 1613 4322 ausos
1669 4254 1989 4323 sternens
2017 4253 2106 4340 ⁴),
2164 4253 2240 4324 in
2293 4259 2601 4327 caeteros
2657 4275 2978 4346 magnam
3032 4254 3310 4326 caedem
3366 4253 3532 4326 edit.
3591 4251 3806 4324 Multi

708 4367 977 4441 milites
1030 4367 1377 4460 insignes,
1442 4369 1608 4442 dum
1665 4375 1869 4462 turpe
1934 4373 2171 4464 fugere
2225 4373 2672 4463 existimant,
2739 4380 2863 4447 aut
2917 4373 3131 4446 occisi
3185 4379 3310 4446 aut
3363 4372 3552 4464 capti
3607 4376 3801 4444 sunt.

706 4487 867 4560 Rex
918 4487 1074 4579 ipse
1130 4487 1661 4581 sigismundum
1714 4497 1827 4562 ne·
1857 4491 2065 4564 vivus
2122 4493 2196 4564 in
2234 4495 2543 4567 hostium
2598 4517 2848 4569 manus
2902 4495 3207 4580 veniret,
3263 4515 3424 4566 cum
3476 4491 3802 4565 multitu-

706 4607 870 4680 dine
942 4607 1297 4682 exercitus
1379 4609 1491 4681 sni
1564 4593 1729 4702 fuga
1808 4610 1883 4682 in
1956 4613 2290 4704 oppidum
2369 4614 2438 4685 N
2440 4616 2855 4707 yemyeczky
2929 4614 3117 4686 Brod
3142 4670 3161 4701 ,
3253 4613 3440 4705 quod
3509 4611 3805 4685 ditionis

708 4751 877 4804 suae
932 4731 1190 4818 fuerat,
1255 4729 1599 4823 pervenit.
1683 4731 1975 4805 Bohemi
2037 4733 2410 4822 haeretici,
2477 4736 2748 4807 occulto
2803 4734 2936 4806 Dei
2997 4734 3446 4825 permittente
3511 4733 3798 4818 iudicio,

707 4849 1004 4924 victoria
1057 4849 1362 4944 ingenti,
1420 4851 1615 4924 facili
1662 4855 1741 4924 ‘et
1777 4852 2460 4930 brevi-dimicatione
2496 4857 2742 4947 potiti,
2801 4855 3012 4928 etiam
3065 4856 3318 4928 castris
3373 4859 3444 4928 et
3479 4854 3804 4927 curribus

704 4970 955 5063 regiis,
1018 4970 1407 5064 multisque
1466 4970 1825 5045 nobilibus
1890 4974 2138 5064 spoliis
2203 4975 2594 5065 potiuntur.
2679 4976 2946 5068 Oppido
3010 4975 3260 5048 deinde
3323 4977 3509 5050 Gora
3577 4975 3802 5048 altero

706 5095 869 5184 post
920 5092 1321 5166 conflictum
1374 5091 1487 5168 die
1523 5092 1859 5183 spoliate,
1914 5095 2247 5185 oppidum
2283 5095 2768 5189 Nyemyeczky
2807 5097 3027 5186 Brod,
3082 5097 3222 5169 rati
3276 5097 3538 5188 Regem
3575 5093 3800 5186 Sigis-

928 5365 971 5446 ¹)
1018 5366 1235 5428 Outhin
1283 5362 1436 5429 cod.
1480 5364 1659 5430 Koet.
1732 5365 1784 5448 ⁹¹)
1832 5369 2009 5432 Siska
2056 5365 2210 5434 Ood.
2273 5367 2450 5434 Calv.
2521 5369 2575 5450 ⁸)
2621 5376 2780 5433 esset
2827 5365 2980 5433 Coa.
3024 5365 3217 5432 Rozr.
3287 5367 3344 5450 ⁴)
3387 5375 3674 5450 sternens,
3719 5368 3806 5430 fe-

709 5470 1009 5552 rien-que,
1038 5471 1216 5534 etiam
1263 5465 1417 5534 Coa.
1460 5467 1655 5536 Rozr.
2138 5523 2145 5528 .
2961 5519 2966 5526 .
