4342 6384
418 547 553 662 (Α.
594 559 685 636 D.
729 550 981 659 1420.)
1588 582 1816 638 mann
1867 544 2328 638 unnncmus.
3368 563 3517 640 247

412 773 565 842 ctae
620 767 887 842 Mariae
920 769 973 858 ¹)
1030 763 1563 842 wratislaviam
1617 768 1868 843 itinere
1922 769 2194 844 concito
2257 767 2708 860 perveniunt,
2769 773 2852 844 et
2905 771 3056 845 dari
3112 771 3252 847 sibi
3309 794 3351 845 a
3405 771 3516 846 Si·
3651 750 3664 760 ’

413 889 787 982 gismundo
842 889 1035 982 Rege
1088 888 1515 962 audientiam
1574 889 1893 982 exigunt.

410 1242 787 1330 negationi·
829 1241 1163 1314 wladislai
1209 1240 1404 1330 nogi-
1452 1244 1523 1312 οι
1568 1241 1919 1314 Withavdi
1960 1241 2159 1323 nucu.
2201 1243 2286 1314 ad
2329 1243 2802 1332 sigis-undu
2830 1243 3251 1317 nonmnun
3280 1244 3517 1334 negem

409 1361 492 1434 dn
534 1378 672 1434 uon
716 1361 1001 1452 parendo
1045 1360 1425 1434 sententiae
1468 1378 1580 1452 por
1620 1362 1833 1451 ipsu
1876 1363 2057 1434 latae
2099 1363 2364 1450 relatio,
2413 1366 2484 1434 ot
2523 1363 2808 1436 eiusdem
2839 1364 3226 1454 figis-nunu
3257 1364 3514 1438 tainu

1636 1481 1871 1571 impius
1912 1481 1981 1554 in
2026 1481 2308 1572 legatos.

620 1728 831 1800 Feria
884 1727 1127 1814 tertia,
1196 1747 1373 1817 quae
1428 1726 1564 1798 fuit
1616 1727 2009 1818 penultima
2071 1725 2420 1816 Ianuarii,
2491 1726 2988 1819 sigismundus
3043 1730 3516 1802 Romanorum

414 1852 485 1920 et
538 1847 943 1939 Hungariae
995 1848 1185 1934 Rex,
1252 1845 1601 1937 frequenti
1653 1846 1949 1920 consilio
2004 1845 2524 1934 Praelatorum,
2589 1847 3000 1939 Principum
3054 1852 3124 1921 et
3177 1849 3514 1922 baronum

416 1967 749 2040 advocato
768 2022 785 2054 ,
842 1966 957 2038 cui
1012 1965 1397 2039 intererant
1452 1966 2031 2038 Bartholomaeus
2078 1966 2302 2057 Capra
2337 1965 2908 2059 archiepiscopus
2943 1967 3512 2055 Mediolanensis,

414 2086 903 2160 Ferdinandus
956 2086 1329 2174 Lucensis,
1387 2085 1687 2158 Iacobus
1724 2084 2250 2177 Spoletanensis
2280 2084 2368 2174 ²),
2423 2085 2764 2178 episcopi,
2805 2086 3177 2180 apostolici
3213 2087 3281 2158 N
3285 2087 3506 2174 untii3

414 2207 579 2279 item
634 2206 995 2278 Cunradus
1049 2204 1613 2296 archiepiscopus
1668 2204 2148 2293 Treverensis,
2207 2204 2553 2298 Georgius
2608 2186 3055 2280 Patavi‘ensis
3109 2206 3507 2297 episcopus,

414 2325 815 2398 Ludovicus
880 2326 1043 2397 Dux
1110 2323 1483 2412 Bavariae,
1548 2325 1790 2397 Comes
1852 2323 2226 2397 Palatinus
2279 2325 2545 2413 Rheni,
2612 2325 3014 2400 Fridericus
3070 2325 3510 2398 Brandebur-

414 2445 684 2537 gensiS,
725 2445 1154 2517 Wilhelmus
1192 2443 1642 2531 Misenensis,
1680 2442 2149 2531 Marchione83
2189 2443 2357 2516 item
2395 2443 2762 2535 Principes
2801 2444 3104 2533 mesiae,
3144 2445 3314 2518 item
3350 2445 3507 2536 plu-

410 2586 521 2637 res
574 2565 871 2636 barones
924 2585 1013 2636 ex
1067 2563 1331 2657 Regnis
1386 2563 1793 2656 Hungariae
1848 2568 1919 2636 et
1971 2563 2382 2651 Bohemiae‚
2439 2565 2844 2637 nuntiorum
2883 2563 3266 2637 wladislai
3302 2564 3508 2636 Polo-

412 2685 569 2756 niae
624 2684 845 2776 Regis
900 2691 971 2756 et
1023 2683 1407 2757 Withawdi
1461 2683 1695 2776 Magni
1750 2681 1968 2756 Ducis
2022 2683 2448 2756 Lithuaniae
2502 2683 2926 2776 legationem
2974 2683 3378 2772 auditurus,
3435 2682 3510 2756 in

412 2805 679 2876 curiam
733 2804 997 2896 regiam
1045 2802 1702 2877 Wratislaviensem
1758 2802 2065 2877 advenit.
2126 2801 2276 2894 Quo
2331 2824 2488 2875 cnm
2543 2808 2616 2876 et
2669 2803 2905 2876 nuntii
2957 2803 3290 2895 praefati,
3347 2803 3504 2876 Sbi-

406 2943 631 3014 gnens
685 2924 769 2996 de
825 2923 1281 2996 Oleschnicza
1332 2929 1403 2997 et
1446 2923 1513 2995 N
1520 2923 1789 2995 icolaus
1843 2922 2222 3014 Ozebulka,
2279 2923 2658 2997 baronibus
2705 2922 3038 2996 Poloniae
3075 2943 3192 2996 eos
3231 2923 3501 2996 vallan-

406 3043 633 3130 tibus,
694 3043 993 3116 fuissent
1046 3042 1464 3128 introducti,
1524 3041 1869 3134 Sbigneus
1906 3041 1993 3114 de
2030 3042 2484 3116 Oleschnicza
2548 3042 2926 3126 Wladislai
2980 3042 3314 3117 Poloniae
3365 3041 3502 3115 Re-

407 3163 515 3255 gis
570 3163 851 3236 nomine
914 3162 1216 3253 primum
1271 3161 1359 3234 ad
1406 3161 1933 3254 sigismundum
1988 3161 2252 3254 Regem
2303 3167 2608 3236 stantem
2649 3162 2858 3250 verba
2897 3161 3087 3236 facit.
3145 3161 3504 3254 QuamviS,

407 3282 677 3374 inquit,'
732 3281 1177 3356 serenissime
1230 3282 1419 3370 Rex,
1478 3280 1819 3354 Dominus
1874 3301 2071 3354 meus
2128 3281 2768 3356 excellentissimus
2815 3281 3152 3373 Princeps
3190 3281 3498 3356 Wladis-

407 3404 561 3474 laus
618 3402 955 3475 Poloniae
1006 3402 1195 3490 Rex,
1264 3401 1347 3474 de
1402 3399 1693 3473 arbitrio
1758 3399 1999 3491 iniquo
2055 3405 2127 3472 et
2181 3399 2480 3486 iniusto,
2537 3421 2580 3472 a
2633 3405 2704 3474 te
2756 3399 2944 3472 inter
2997 3421 3152 3472 eum
3207 3405 3278 3472 et
3333 3399 3498 3473 Cru-

408 3522 657 3596 ciferos
711 3522 979 3613 pridem
1034 3520 1522 3612 pronuntiato,
1576 3521 2023 3594 vehementer
2058 3520 2365 3592 afflictus
2405 3519 2652 3605 fuerit,
2709 3525 2781 3593 et
2833 3518 3303 3593 amaritudine
3357 3519 3504 3592 sin-

406 3641 637 3734 gulari
691 3646 991 3714 mentem
1046 3640 1493 3733 animumque
1528 3638 1961 3731 impleverit,
2021 3639 2312 3712 audiens
2353 3639 2814 3713 Serenitatem
2855 3642 3050 3711 tuam
3088 3638 3160 3710 in
3202 3639 3505 3712 favorem

409 3763 915 3836 cruciferorum
972 3764 1041 3834 et
1096 3781 1293 3832 suam
1346 3760 1895 3851 depressionem,
1952 3759 2025 3832 in
2081 3757 2728 3850 pronuntiationem
2788 3757 3196 3838 huiusmodi
3259 3779 3502 3850 proru-

404 3881 624 3973 pisse:
683 3885 989 3954 mentem
1046 3885 1277 3980 tamen
1334 3887 1403 3954 et
1456 3879 2037 3954 considerationis
2092 3903 2260 3954 suae
2313 3880 2532 3954 aciem
2585 3879 3032 3972 primumad
3071 3879 3326 3968 Deum,
3383 3881 3500 3952 de-

412 4003 571 4074 indo
610 4001 699 4072 ad
740 4000 1047 4088 foedera,
1107 4000 1601 4092 inscriptiones
1631 3999 1694 4089 ³)
1749 4005 1821 4073 et
1856 4000 2282 4088 iuramenta,
2339 4021 2496 4072 cum
2543 4004 2668 4072 tua
2705 3998 3095 4072 Serenitate
3131 3997 3339 4085 inita,
3395 4020 3502 4072 re·

401 4123 663 4207 ferens,
723 4141 991 4194 omnem
1050 4121 1355 4194 dolorem
1410 4126 1481 4194 et
1533 4120 2103 4208 amaritudinem,
2160 4141 2250 4192 ex
2303 4118 2698 4211 praedictae
2753 4118 3140 4191 sententiae
3194 4138 3496 4210 pronun-

400 4241 697 4314 tiatione
767 4239 1323 4330 provenientem,
1400 4241 1604 4314 facile
1667 4239 2023 4332 deposuit,
2098 4260 2318 4330 eoque
2378 4260 2518 4312 uno
2581 4241 2904 4328 respectu
2970 4237 3229 4329 gaudet
3293 4243 3365 4310 et
3427 4259 3502 4310 se

400 4363 705 4447 solatur,
774 4359 959 4450 qnod
1023 4359 1265 4432 foedus
1329 4358 1547 4433 initae
1611 4358 1995 4447 amicitiae,
2053 4381 2094 4431 a
2148 4358 2444 4432 Domino
2499 4378 2651 4430 meo
2708 4355 3100 4430 Wladislao
3167 4357 3501 4430 Poloniae

398 4481 593 4573 Rege
649 4479 917 4552 sincere
972 4479 1397 4551 custoditum
1418 4535 1435 4566 ‚
1492 4500 1533 4550 a
1590 4484 1657 4551 te
1712 4499 1875 4552 vero
1939 4483 2352 4550 temeratum
2409 4481 2480 4550 et
2535 4477 2911 4565 violatum,
2977 4480 3050 4550 et
3103 4477 3328 4550 omnis
3382 4478 3498 4550 de·

401 4602 629 4673 fectus
684 4597 881 4691 pacis
938 4601 1007 4672 et
1060 4598 1355 4671 foederis
1412 4599 1771 4683 servandi,
1830 4620 1873 4670 a
1926 4604 1995 4670 te
2048 4598 2352 4688 primum
2419 4596 2674 4689 erupit.
2741 4597 2846 4668 Tu
2901 4594 3284 4688 siquidem,
3340 4597 3498 4670 Rex

398 4719 883 4806 serenissime,
952 4717 1220 4790 sancito
1274 4723 1345 4790 et
1400 4717 1847 4792 iureiurando
1904 4719 2178 4790 firmato
2235 4717 2540 4805 foedere,
2595 4715 2962 4809 pollicitus
3017 4737 3092 4788 es
3147 4715 3236 4788 ad
3291 4735 3494 4789 occu·

396 4838 709 4930 pandum
762 4842 1018 4925 terras,
1074 4837 1584 4929 possessionem
1643 4839 1887 4930 Regna
1942 4842 2012 4910 et
2066 4836 2391 4910 Dominia
2444 4835 2725 4910 Domini
2771 4833 2908 4908 mei
2946 4833 3323 4908 Wladislai
3361 4836 3495 4908 Po·

395 4957 635 5033 Ioniae
688 4957 905 5050 Regis
961 4955 1221 5030 directe
1291 4958 1408 5030 vel
1479 4956 1847 5045 indirecte,
1920 4977 2059 5028 non
2134 4960 2204 5029 te
2273 4955 2526 5048 quovis
2601 4953 2919 5047 quaesito
2983 4954 3210 5028 colore
3281 4956 3492 5028 anhe-

396 5078 743 5150 laturum:
812 5077 887 5148 in
950 5097 1030 5150 ea
1092 5096 1253 5149 vero
1318 5075 1641 5151 arbitrali
1702 5075 2053 5150 sententia
2114 5081 2406 5149 conatus
2473 5097 2546 5150 es
2611 5081 2834 5149 terras
2898 5095 3064 5146 suas
3135 5075 3495 5148 naturales

496 5445 548 5509 d
620 5345 665 5426 ¹)
712 5347 966 5410 Sanctae
1010 5349 1235 5410 Mariae
1278 5349 1541 5425 Virginis
1590 5343 1741 5411 Cod.
1783 5345 1976 5411 Rozr.
2026 5347 2075 5428 ²)
2122 5349 2517 5426 Spolethanus
2561 5345 2688 5410 Ed.
2735 5344 2917 5432 Lips.
2941 5327 2945 5332 ⁷
2967 5346 3024 5436 ³)
3068 5348 3495 5428 descriptiones

402 5446 495 5512 Co
549 5493 565 5509 .
608 5446 783 5517 Kosa
