4342 6384
848 551 998 626 314
2005 565 2232 624 mnan
2283 563 2740 624 muamus.
3366 536 3502 643 (Α.
3539 537 3631 616 D.
3669 535 3922 640 1423.)

1600 873 1991 948 wladislaus
2033 876 2172 948 Rex
2218 876 2518 947 Polouiae
2563 873 2929 946 cracoviam
2973 871 3178 944 venit.

1054 1095 1261 1170 Feria
1314 1099 1515 1168 sexta
1576 1099 1736 1188 post
1789 1097 2046 1167 festum
2100 1095 2442 1182 Paschae,
2509 1093 2737 1165 exivit
2773 1093 2828 1182 ¹)
2883 1091 3322 1164 wladislaus
3384 1087 3718 1161 Polouiae
3769 1088 3926 1160 Rex

716 1210 727 1218 “
849 1216 934 1288 de
987 1215 1384 1308 Lyubocza,
1452 1214 1901 1307 Sigismundo
1965 1215 2153 1304 Rege
2183 1211 2246 1302 2)
2300 1212 2506 1284 illum
2567 1231 2789 1303 usque
2852 1211 2928 1283 in
2981 1209 3372 1301 Barduyow
3399 1205 3478 1299 3)·
3515 1208 3926 1293 comitante;

850 1338 922 1406 et
974 1335 1049 1406 in
1104 1335 1326 1425 Byecz
1390 1333 1832 1424 pervenienS,
1898 1333 1986 1404 ad
2047 1336 2272 1404 terras
2336 1330 2636 1403 Russiae
2699 1329 3079 1402 descendit.
3153 1328 3422 1420 Quibus
3491 1347 3616 1419 per
3679 1326 3930 1397 solitas

852 1453 1189 1525 stationes
1242 1473 1464 1543 usque
1528 1453 1615 1524 ad
1679 1451 1861 1526 diem
1926 1451 2169 1523 Sancti
2231 1449 2566 1521 Iohannis
2623 1447 2986 1538 Baptistae
3047 1446 3468 1538 peragratis,
3533 1445 3611 1518 in
3663 1443 3928 1517 Sando-

852 1571 1125 1643 miriam
1177 1592 1302 1661 pro
1358 1573 1535 1644 festo
1592 1571 1885 1643 Sanctae
1937 1569 2199 1641 Mariae
2253 1567 2702 1660 Magdalenae
2767 1566 3076 1639 advenit.
3149 1565 3261 1636 Ex
3317 1561 3756 1637 Sandomiria
3807 1583 3935 1654 per

853 1690 1212 1782 Opathow,
1268 1689 1711 1763 Bodzanczin
1740 1690 1828 1779 ⁴),
1870 1688 2278 1776 chanczini,
2317 1687 2769 1778 Audrzeyow,
2818 1687 3295 1775 Zarnowyecz,
3361 1683 3688 1770 Ilkusch,
3744 1680 3931 1753 Rab-

854 1809 1079 1897 sthiu,
1138 1809 1496 1898 Slawkow,
1552 1809 2049 1901 Byalebrzegy,
2088 1806 2474 1894 Thanczin,
2513 1806 2892 1897 Thinyecz,
2948 1802 3144 1876 venit
3181 1801 3614 1890 cracoviam,
3671 1803 3744 1871 et
3779 1798 3934 1871 illic

856 1928 1116 2001 festum
1170 1927 1697 2018 Assumptionis
1753 1927 2049 2000 Sanctae
2102 1925 2364 1998 Mariae
2393 1925 2454 2017 5)
2513 1924 2680 2018 egit.

1619 2404 1901 2475 nuestus
1944 2401 2327 2475 Lithuanise
2372 2417 2514 2472 cum
2554 2397 2809 2471 nussia
2851 2399 3188 2472 limitatur.

1064 2641 1197 2713 Die
1262 2639 1714 2713 Asceusionis
1775 2637 2059 2710 Domini
2120 2638 2563 2726 adveniente,
2628 2637 2996 2710 conventio
3059 2633 3405 2727 generalis
3475 2634 3663 2726 apud
3722 2633 3938 2724 Wye-

861 2761 1061 2833 lunia
1113 2781 1325 2851 supra
1377 2759 1669 2832 fluvium
1707 2757 2069 2849 Nyemyen
2122 2760 2320 2829 teuta
2373 2761 2511 2828 est:
2569 2756 2658 2827 ad
2693 2776 2898 2847 quam
2935 2755 3374 2828 Wladislaus
3409 2753 3744 2825 Polouiae
3779 2751 3943 2824 Rex

867 2879 1246 2971 Sbigneum
1299 2877 1820 2950 cracoviensem
1874 2876 2207 2962 electum,
2265 2874 2695 2948 Stanislaum
2733 2874 2983 2947 czolek
3002 2874 3066 2963 6)
3119 2871 3348 2966 Regni
3384 2873 3716 2946 Polouiae
3752 2872 3942 2946 vice-

866 2995 1389 3083 cancellarium,
1448 2994 1944 3086 Sandivogium
2001 2994 2085 3066 de
2139 2993 2472 3086 Ostrorog
2521 2992 2912 3084 palatinum
2975 2997 3044 3065 et
3094 2993 3634 3086 Dobrogostium
3685 2994 3944 3065 castel-

866 3116 1139 3202 lanum,
1194 3113 1737 3202 Posnanienses‚
1804 3113 2248 3185 transmittit.
2329 3113 2429 3184 Hi
2493 3123 2650 3186 cum
2712 3133 2852 3184 una
2903 3113 3234 3185 comitiva
3295 3112 3385 3184 ad
3435 3112 3666 3184 locum
3718 3112 3943 3184 desti-

868 3237 1112 3304 natum
1159 3231 1221 3324 ⁷)
1288 3231 1733 3324 gradiuntur,
1806 3253 1847 3304 a
1923 3233 2117 3304 Duce
2196 3232 2616 3305 Lithuaniae
2686 3230 3088 3304 Alexandro
3149 3231 3546 3304 Withawdo
3619 3231 3948 3304 omnibus

870 3350 1280 3425 necessariis
1335 3352 1527 3423 fuere
1578 3349 1953 3441 procurati.
2025 3350 2119 3422 Et
2174 3350 2534 3443 quadrigis
2587 3350 2771 3442 apud
2833 3333 3109 3423 Grodno
3163 3351 3596 3443 caeterisque
3648 3349 3948 3442 impedi-

872 3470 1125 3542 mentis
1177 3468 1471 3559 relictis,
1526 3470 1765 3541 navali
1818 3466 2068 3542 itinere
2120 3489 2246 3560 per
2297 3468 2587 3540 fiuvium
2640 3468 2709 3541 N
2711 3489 3000 3560 yemyen
3054 3489 3300 3542 versus
3354 3469 3732 3562 Wyelunia
3781 3489 3950 3560 pro·

872 3587 1234 3677 cedebant,
1290 3588 1715 3679 reperientes
1775 3589 1852 3659 in
1903 3586 2080 3679 ripis
2132 3586 2536 3660 habitacula
2587 3588 2948 3661 frondibus
3013 3593 3081 3660 et
3132 3588 3349 3682 lignis
3403 3593 3762 3677 contexta,
3815 3609 3953 3680 pro

871 3707 1208 3780 descensu
1270 3728 1505 3779 eorum
1567 3711 2009 3798 praeparata,
2083 3706 2405 3778 omnibus
2468 3706 2894 3779 victualibus
2965 3711 3035 3779 et
3096 3708 3594 3780 commeatibus
3662 3709 3949 3781 referta.

872 3825 1139 3898 Aderat
1208 3824 1651 3899 conventioni
1710 3827 2063 3916 praefatae
2126 3823 2527 3897 Alexander
2579 3823 3020 3896 Withawdus
3081 3826 3246 3898 Dux
3309 3846 3466 3898 cum
3519 3825 3952 3898 consiliariis

876 3943 1025 4015 suis
1088 3943 1544 4030 Lithuaniae;
1624 3943 1864 4014 aderat
1934 3946 2004 4015 et
2064 3941 2394 4015 Prussiae
2465 3941 2802 4033 Magister
2870 3943 3136 4014 Paulus
3206 3943 3291 4016 de
3352 3943 3725 4016 Russdorff
3789 3963 3955 4016 cum

874 4061 1223 4134 Praelatis
1278 4065 1349 4134 et
1401 4060 2086 4134 commendatoribus
2139 4061 2502 4149 Prussiae3
2557 4061 2842 4152 diesque
2896 4065 3080 4150 octo,
3138 4061 3392 4152 quibus
3429 4062 3954 4136 conditionibus

877 4179 1072 4270 pacis
1126 4179 1309 4271 apud
1362 4178 1592 4251 Melno
1646 4180 1863 4252 initae
1916 4179 2228 4252 efficacia
2279 4179 2598 4267 dabatur,
2656 4179 3010 4271 absumpti
3028 4179 3115 4268 8).
3172 4180 3337 4253 Illic
3391 4185 3616 4254 terrae
3651 4182 3952 4254 Lithua-

879 4297 1068 4387 niae,
1125 4296 1582 4390 Samagittiae
1636 4301 1705 4370 et
1759 4297 2136 4387 Sudorum,
2195 4319 2236 4369 a
2287 4297 2494 4369 terris
2530 4297 2860 4370 Prussiae
2914 4297 3364 4372 distinctione
3415 4301 3589 4373 reali
3639 4321 3764 4392 per
3799 4321 3954 4386 sco-

878 4416 1085 4508 pulos
1137 4420 1209 4488 et
1259 4436 1384 4507 per
1418 4416 1648 4507 signa,
1706 4415 1907 4487 iuxta
1942 4405 2127 4507 quod
2179 4416 2365 4489 inter
2400 4417 2692 4509 Regem,
2748 4417 3010 4489 Ducem
3065 4421 3134 4490 et
3169 4419 3500 4492 Prussiae
3533 4419 3958 4512 Magistrum

881 4539 1325 4622 convenerat,
1382 4533 1725 4607 limitatae
1778 4538 1974 4624 sunt,
2032 4538 2103 4606 et
2156 4535 2588 4625 protensioni
2639 4555 2876 4607 earum
2928 4535 3211 4609 termini
3263 4538 3501 4629 positi.
3573 4539 3685 4610 Ex
3739 4537 3957 4630 Wye-

877 4653 1109 4742 lunia,
1146 4651 1643 4726 consummatis
1681 4653 2159 4726 conventionis
2195 4653 2527 4745 negotiiS,
2564 4652 2742 4745 regii
2775 4654 3011 4726 nuntii
3063 4655 3432 4729 discedunt
3485 4662 3554 4729 et
3590 4677 3744 4730 cum
3781 4657 3956 4730 Ale-

880 4773 1145 4846 xandro
1201 4771 1597 4845 Withawdo
1650 4791 1873 4863 usque
1926 4771 2000 4843 in
2054 4772 2332 4864 Trokky
2382 4772 2821 4863 perveniunt.
2895 4773 3039 4846 Ubi
3091 4775 3178 4847 ab
3234 4795 3314 4847 eo
3365 4777 3821 4866 remunerati,
3876 4777 3960 4849 iu

880 4893 1202 4984 Regnum
1255 4889 1588 4963 Polouiae
1648 4889 2031 4963 incolumes
2091 4895 2564 4980 revertuntur,
2630 4895 2701 4963 et
2762 4891 3232 4966 Wladislaum
3295 4894 3628 4968 Polouiae
3691 4896 3962 4988 Regem

1100 5177 1146 5258 ¹)
1194 5179 1449 5240 discedit
1495 5168 1646 5240 Cod.
1691 5174 1883 5240 Rom.
1932 5174 1984 5258 2)
2027 5179 2422 5240 Romanorum
2466 5183 2526 5240 et
2553 5181 2894 5255 Hungariae
2935 5177 3101 5256 Rege
3149 5175 3302 5243 θοοὶ.
3349 5177 3542 5243 Rozr.
3591 5179 3643 5260 ³)
3686 5181 3968 5244 Bardiow

884 5277 1012 5342 Ed.
1068 5277 1247 5362 Lips.
1308 5277 1361 5358 ⁴)
1404 5281 1759 5358 Bodzaczini
1800 5276 1927 5341 Ed.
1975 5277 2155 5362 Lips.
2219 5279 2274 5360 ⁶)
2317 5281 2378 5341 S.
2421 5282 2644 5342 Mariae
2685 5281 2950 5356 Virginis
2997 5276 3149 5344 God.
3195 5281 3385 5345 Rozr.
3449 5281 3502 5364 ⁸)
3551 5283 3760 5344 ciolek
3805 5277 3964 5346 God.

887 5377 1065 5445 Koet.
1115 5378 1165 5464 ⁷)
1213 5382 1583 5458 designatum
1629 5377 1781 5447 cod.
1810 5378 2002 5444 Rozr.
2052 5380 2104 5454 θ)
2149 5383 2444 5460 absumpti
2488 5390 2627 5444 sunt
2673 5378 2824 5445 cod.
2876 5379 3068 5446 Rozr.
