4342 6384
844 583 995 654 260
2028 600 2258 654 mnan
2316 599 2776 653 111111116111116.
3382 573 3524 676 (Α.
3560 575 3652 651 D.
3693 571 3948 674 1420.)

844 787 1301 880 sugillatione
1373 791 1443 860 et
1506 785 1891 880 ignominia
1930 787 1983 876 ²)
2048 787 2261 878 plena
2333 783 2876 876 conscripserat3
2949 805 3230 875 porcam
3295 783 3496 856 1116111
3567 782 3942 870 scribebat,

845 909 1073 981 foetus
1128 906 1661 998 multiplicitate
1698 907 2147 995 exhaustam,
2205 909 2489 998 propter
2524 907 2894 978 thesauros
2931 904 3218 978 dolabro
3267 902 3410 976 oris
3447 903 3562 975 sui
3605 923 3698 976 ex
3729 904 3945 974 humo

846 1031 1153 1120 egestos,
1210 1031 1499 1118 decepto
1552 1047 1679 1120 per
1714 1026 2149 1100 mendacium
2188 1026 2420 1114 leone,
2479 1024 2882 1118 coniugium
2920 1046 3126 1097 suum
3164 1043 3562 1116 occupasse.
3619 1023 3726 1096 Ob
3763 1022 3946 1114 quod

845 1146 1115 1221 facinus
1170 1146 1571 1220 Stanislaus
1626 1146 1777 1238 ipse
1814 1147 2066 1220 czolek
2120 1146 2446 1218 mandato
2481 1145 2674 1238 regio
2715 1167 2754 1218 a
2790 1144 2986 1218 curia
3022 1143 3158 1216 fuit
3197 1143 3538 1217 exiliatus
3567 1141 3656 1232 ²),
3695 1147 3952 1234 postea

842 1287 1009 1340 vero
1063 1271 1346 1359 propter
1399 1265 1711 1340 dictandi
1771 1265 2099 1357 peritiam
2164 1269 2570 1356 resumptus
2635 1271 2706 1337 et
2759 1265 2834 1336 in
2889 1262 3452 1338 vicecancellarii
3523 1285 3606 1336 ac
3658 1261 3947 1356 pontifi-

852 1387 1077 1460 calem
1132 1391 1395 1460 statum
1428 1383 1489 1475 3)
1545 1390 1930 1477 promotus.

975 1749 1193 1822 Poloni
1233 1749 1643 1820 emotionem
1686 1749 2153 1821 nanciscuntur
2196 1747 2587 1819 reiiciendae
2631 1746 3009 1818 sententiae
3053 1744 3384 1818 arbitrali·
3429 1746 3821 1835 aisis-udi

2056 1868 2480 1940 Romanorum
2521 1867 2739 1957 nogia.

1056 2104 1298 2179 Sancti
1353 2105 1647 2198 Georgii
1666 2105 1729 2194 ⁴)
1793 2104 1905 2178 die
1968 2109 2371 2196 appetente,
2451 2105 2884 2177 Wladislaus
2949 2103 3283 2178 Poloniae
3345 2105 3502 2178 Rex
3567 2104 3956 2198 Sbigneum

847 2229 943 2300 (16·
989 2225 1445 2299 Oleschnicza
1499 2225 1987 2316 Praepositum
2042 2225 2284 2297 Sancti
2339 2224 2657 2298 Floriani
2713 2231 2784 2298 et
2835 2224 3244 2298 Ianussium
3299 2225 3384 2298 de
3437 2225 3957 2318 Kosczyelyecz

852 2347 1245 2439 palatinum
1300 2344 1997 2432 wladislaviensem,
2056 2344 2142 2418 ad
2198 2345 2617 2418 laevandum
2673 2367 2712 2417 a
2749 2345 3088 2438 Magistro
3145 2349 3216 2417 et
3253 2344 3512 2418 Ordine
3565 2344 3954 2418 Crucifero-

845 2489 1001 2540 rum
1054 2467 1137 2538 de
1176 2463 1467 2538 Prussia
1520 2465 1881 2538 duodecim
1919 2464 2146 2537 millia
2203 2465 2614 2538 florenorum
2679 2470 2748 2537 et
2785 2465 3206 2558 quingentos
3259 2465 3682 2538 florenorum
3735 2466 3946 2537 Hun-

846 2586 1261 2680 garicalinm
1294 2584 1380 2674 5),
1439 2584 1527 2656 ad
1564 2606 1858 2677 quorum
1914 2584 2338 2658 solutionem
2393 2585 2558 2657 illos
2597 2585 3092 2676 Sigismnndus
3129 2585 3603 2658 Romanorum
3641 2591 3712 2658 et
3747 2585 3955 2657 Hun-

846 2707 1083 2800 gariae
1120 2707 1277 2778 Rex
1332 2725 1456 2797 per
1492 2705 1897 2778 arbitralem
1938 2705 2360 2778 sententiam
2416 2705 2600 2796 apud
2628 2705 3164 2778 wratislaviam
3199 2706 3418 2778 latam
3474 2707 3955 2794 damnaverat,

846 2826 923 2900 iu
977 2828 1261 2900 Thorun
1314 2825 1761 2898 transmittit.
1845 2824 1939 2897 Et
2004 2824 2174 2898 licet
2237 2824 2574 2898 cruciferi
2637 2825 2822 2922 datis
2887 2824 2964 2898 in
2991 2825 3055 2915 θ)
3111 2825 3532 2899 solutionem
3595 2826 3958 2918 praefatae

848 2966 1162 3019 summae
1228 2945 1499 3036 aliquot
1571 2943 1889 3017 millibus
1956 2945 2372 3018 florenorum
2445 2945 2520 3017 in
2583 2966 2784 3033 aure,
2859 2945 3220 3018 residuum
3282 2949 3568 3038 argento
3639 2967 3816 3038 puro
3881 2967 3960 3019 se

850 3064 1277 3139 obtulissent
1330 3065 1777 3156 suppleturos
1798 3119 1815 3152 ,
1880 3063 2058 3157 regii
2124 3071 2356 3138 tamen
2421 3065 2655 3137 nuntii
2721 3065 2866 3156 (ita
2929 3064 3114 3138 enim
3180 3087 3220 3138 a
3283 3065 3476 3158 Rege
3545 3065 3960 3138 mandatum

854 3187 1301 3276 acceperunt)
1323 3251 1331 3256 .
1356 3185 1765 3256 nullatenus
1818 3185 1905 3256 ad
1961 3183 2189 3272 aliud,
2247 3206 2454 3276 quam
2503 3207 2750 3257 aurum
2798 3189 3228 3258 monetatum
3283 3184 3790 3277 recipiendum,
3827 3207 3956 3277 po-

852 3309 1086 3378 terant
1140 3304 1399 3378 induci.
1456 3303 1617 3377 Non
1674 3309 1815 3376 tam
1870 3303 2220 3395 siquidem
2271 3326 2486 3396 grave
2539 3325 2748 3396 quam
2800 3303 3244 3378 intolerabile
3293 3303 3690 3377 Wladislao
3743 3305 3961 3377 Polo·

850 3425 1009 3499 11166
1064 3425 1247 3517 Regi
1302 3428 1371 3497 et
1425 3423 1828 3497 Alexandro
1883 3423 2284 3496 Withawdo
2347 3424 2772 3498 Lithuaniae
2836 3424 3016 3497 Duci
3081 3425 3312 3497 visum
3369 3429 3510 3514 est,
3579 3425 3786 3498 iuxta
3843 3425 3959 3498 Si-

851 3544 1209 3638 gismundi
1263 3543 1481 3637 Regis
1548 3543 1898 3616 decretum
1916 3600 1932 3632 ,
2000 3544 2083 3616 (16
2132 3548 2322 3617 16116
2365 3545 2677 3617 naturali
2740 3551 2810 3618 61
2873 3544 3156 3636 propria
3204 3543 3666 3637 Samagittiae
3729 3546 3962 3618 facere

851 3687 977 3758 pro
1049 3664 1423 3738 cruciferis
1494 3663 1909 3736 cessionem:
1986 3684 2556 3756 emersurumque
2627 3666 2968 3738 defectum
3041 3665 3352 3757 aliquem
3381 3665 3446 3754 ⁷)
3519 3685 3965 3757 summopere

852 3809 894 3860 a
948 3784 1319 3859 Cruciferis
1376 3783 1741 3874 optabant,
1810 3805 1945 3874 quo
2001 3785 2157 3856 Rex
2223 3806 2382 3856 cum
2437 3807 2564 3886 sua
2627 3785 2993 3858 honestate
3049 3789 3120 3858 et
3173 3784 3684 3858 cruciferorum
3745 3784 3958 3858 dede-

853 3926 1010 3980 core
1062 3909 1303 3996 posset
1356 3902 1649 3977 arbitrio
1713 3903 2228 3992 contravenire,
2299 3910 2370 3976 et
2433 3905 2812 3994 defectum,
2881 3906 3299 3998 culpamque
3373 3904 3964 3997 transgressionis

854 4026 929 4098 111
983 4024 1373 4097 cruciferos
1438 4025 1914 4115 contorquere.
1999 4024 2351 4115 Optimam
2417 4025 2638 4118 igitur
2699 4025 3126 4099 occasionem
3191 4023 3369 4118 regii
3429 4024 3698 4113 nuntii,
3767 4025 3962 4098 defe-

854 4148 1045 4217 ctum
1076 4142 1165 4232 8),
1226 4143 1349 4234 qui
1404 4142 1477 4214 iu
1533 4143 1909 4215 solutionis
1964 4145 2289 4236 neglectu
2343 4151 2789 4236 provenerat,
2846 4146 3016 4233 rati,
3075 4166 3162 4218 ex
3201 4147 3483 4218 Thorun
3537 4144 3612 4216 in
3649 4145 3964 4218 crastino

858 4262 1101 4339 Sancti
1157 4261 1473 4354 Georgii,
1532 4263 1859 4352 quoniam
1915 4264 2174 4337 solutio
2231 4264 2304 4336 in
2347 4265 2638 4337 formato
2677 4287 2844 4339 auro
2898 4287 3036 4337 non
3074 4265 3523 4357 implebatur,
3581 4263 3968 4338 cruciferis

854 4383 1021 4456 illos
1076 4402 1301 4474 usque
1355 4381 1443 4453 ad
1496 4381 1782 4475 navigia
1835 4385 2422 4477 prosequentibus
2488 4390 2559 4458 61
2613 4385 2900 4474 obnixe,
2965 4392 3048 4457 ut
3103 4384 3736 4477 compensationem
3803 4385 3970 4458 auri

859 4503 935 4578 in
990 4507 1277 4596 argento
1342 4502 1811 4594 susciperent,
1884 4505 2330 4595 rogantibus,
2396 4505 2794 4593 discedunt,
2871 4511 2941 4578 et
3005 4505 3091 4577 ad
3155 4504 3630 4578 Wladislaum
3691 4504 3968 4598 Regem

855 4625 929 4698 iu
986 4624 1363 4696 Brzeszcze
1394 4621 1457 4711 ⁰)
1512 4621 1807 4710 reversi,
1864 4623 2129 4696 laetum
2192 4624 2306 4696 >illi
2359 4628 2570 4716 atque
2622 4630 2902 4716 gratum
2955 4645 3215 4697 novum
3269 4625 3568 4699 afferunt
3605 4625 3730 4714 ¹⁰):
3789 4625 3968 4698 cru·-

854 4744 1109 4818 ciferos'
1160 4742 1581 4815 solutionem
1645 4741 2019 4816 duodecem
2082 4743 2384 4816 millium
2453 4747 2524 4816 et
2587 4744 3130 4836 quingentorum
3195 4745 3608 4817 florenorum
3663 4745 3968 4837 Hungu-

854 4863 1177 4936 ricalium
1232 4883 1371 4934 non
1425 4860 1779 4952 implesse.
1838 4861 1947 4933 Ex
2003 4883 2137 4954 quo
2195 4884 2410 4953 parva
2465 4867 2578 4954 (ut
2629 4865 3042 4955 plerumque
3099 4865 3311 4954 solet)
3368 4869 3438 4938 et
3491 4864 3750 4952 tenuis,
3809 4865 3968 4938 bel-

1072 5169 1120 5248 ¹)
1166 5171 1561 5246 sugillationis
1594 5177 1653 5230 et
1681 5170 2040 5246 ignominiae
2092 5165 2244 5234 God.
2277 5167 2468 5232 Rozr.
2519 5170 2569 5249 ⁸²)
2618 5173 2840 5232 eiectus
2890 5167 3041 5233 Cod.
3073 5169 3266 5233 Rozr.
3317 5167 3374 5253 3)
3423 5173 3771 5249 dignitatem
3805 5167 3971 5236 God.

854 5269 1047 5334 Rozr.
1118 5267 1173 5350 ⁴)
1222 5273 1496 5349 Gregorii
1560 5267 1713 5335 Ood.
1764 5269 1942 5334 Calc.
2008 5271 2063 5352 ⁶)
2106 5275 2362 5334 florenos·
2405 5275 2838 5350 Hungarioales
2911 5271 3062 5336 cod.
3109 5271 3300 5336 Rozr.
3370 5272 3424 5353 ⁶)
3471 5276 3551 5336 ad
3602 5271 3731 5336 Ed.
3777 5273 3974 5359 [Αἶρε.

865 5371 913 5458 ²)
959 5379 1143 5450 utque
1207 5376 1423 5451 aliquis
1492 5375 1757 5437 defectus
1826 5381 2153 5452 emergeret
2231 5372 2382 5439 Cod.
2443 5375 2634 5439 Rozr.
2730 5375 2782 5456 θ)
2831 5377 3123 5438 defectum
3189 5377 3469 5439 videlicet
3544 5372 3696 5441 God.
3765 5375 3974 5445 Rozr.

862 5475 919 5556 ¹³)
963 5477 1237 5538 Brzescie
1285 5472 1435 5540 Ood.
1483 5475 1659 5540 Kost.
1716 5477 1796 5556 ¹⁰)
1840 5479 2107 5539 nuntium
2153 5479 2416 5540 referunt
2464 5475 2615 5543 Cod.
2650 5477 2823 5542 Kost.
