4342 6384
364 559 493 660 (Α.
530 559 625 636 D.
668 557 923 659 1420.)
1544 583 1765 636 menn
1816 579 2274 636 annuemus.
3311 557 3460 632 253

368 767 539 841 citer
591 767 964 841 laboravit.
1023 767 1318 858 Propter
1370 767 1555 859 quod
1610 771 1803 840 tuam
1860 765 2323 840 serenitatem
2377 765 2615 839 avisat
2667 770 2739 837 et
2777 764 3147 854 certificat,
3205 785 3344 837 non
3383 785 3460 837 se

366 891 595 962 tecum
649 887 987 979 amplius,
1044 887 1167 980 qui
1219 886 1413 979 prior
1466 887 1705 960 foedus
1762 890 1832 960 et
1885 886 2089 960 fidem
2140 885 2436 978 rupisti,
2494 885 2568 959 iu
2605 883 2918 959 amicitia
2973 889 3042 958 et
3095 884 3242 979 liga
3295 905 3456 957 con-

366 1012 591 1080 tracta
642 1028 1196 1099 permansurum.
1284 1007 1423 1081 Sed
1484 1013 1555 1080 et
1615 1007 1749 1080 tibi
1814 1011 1885 1080 et
1948 1007 2242 1081 cuilibet
2303 1007 2544 1096 alteri,
2620 1011 2842 1081 terras
2897 1027 3062 1079 suas
3128 1025 3464 1098 occupare

368 1127 657 1216 nitenti,
714 1128 800 1200 ad
854 1125 1264 1219 sanguinem
1320 1131 1391 1200 et
1443 1131 1735 1201 mortem
1790 1128 2356 1216 adversaturum,
2413 1147 2552 1199 non
2590 1126 2923 1200 dubitans
2977 1125 3149 1219 quin
3204 1129 3276 1198 et
3309 1124 3464 1217 qui·

367 1246 543 1320 libet
596 1267 769 1318 suus
833 1265 1217 1336 successor,
1283 1248 1445 1318 Dux
1511 1247 1807 1338 Magnus
1870 1247 2327 1334 Lithuaniae,
2395 1265 2634 1338 parem
2695 1250 3001 1320 mentem
3064 1244 3339 1333 induet,
3395 1250 3468 1318 et

372 1366 723 1459 quoslibet
792 1369 1136 1438 terrarum
1200 1365 1779 1438 Lithuanicarum
1844 1366 2236 1455 invasoreS,
2302 1368 2526 1439 fretus
2590 1365 2855 1438 virtute
2919 1364 3194 1452 divina,
3263 1363 3466 1437 facile

369 1483 835 1577 propulsabit.
892 1485 1285 1558 Renuntiat
1338 1505 1613 1578 quoque
1664 1505 1790 1578 per
1842 1507 1953 1558 me
2006 1485 2331 1559 nuntium
2389 1507 2592 1558 sunm
2649 1484 2944 1558 cuilibet
2997 1490 3228 1558 tecum
3282 1481 3462 1556 inito

373 1605 664 1693 foederi,
720 1609 793 1678 et
844 1604 1063 1697 ligam
1118 1625 1388 1678 omnem
1442 1609 1868 1678 contractam
1925 1605 2288 1678 dissolvit:
2362 1607 2639 1678 hostem
2693 1609 2764 1679 to
2819 1623 3023 1677 suum
3091 1623 3180 1676 ex
3234 1603 3463 1676 foede·

372 1728 523 1796 rato
576 1727 649 1797 et
700 1723 953 1812 amico,
1020 1723 1143 1816 qui
1206 1724 1399 1816 prior
1462 1724 1701 1798 foedus
1766 1729 1837 1798 et
1897 1723 2011 1797 ius
2075 1723 2428 1798 amicitiae
2492 1723 2813 1813 violasti,
2881 1725 2966 1797 de
3019 1729 3288 1797 caetero
3340 1723 3464 1794 ha·

372 1843 677 1917 bitume.

578 1963 1000 2055 Utriusque,
1056 1963 1273 2056 Regis
1327 1964 1657 2037 videlicet
1694 1969 1767 2036 et
1801 1965 2051 2053 DuciS‚
2110 1964 2607 2057 Sigismuudus
2645 1965 3114 2037 Romanorum
3161 1967 3234 2038 et
3266 1965 3466 2035 Hun-

371 2082 607 2176 gariae
662 2084 816 2156 Rex
833 2139 851 2172 ,
908 2083 1149 2156 audita
1200 2083 1581 2176 legatione,
1638 2104 1923 2176 corpore
1976 2085 2435 2176 torquebatur
2497 2083 2754 2156 anxius
2809 2087 2880 2158 et
2935 2083 3194 2176 spiritu
3211 2139 3227 2172 ,
3287 2082 3472 2176 quod

374 2203 503 2275 snb
558 2201 959 2294 praesentia
1018 2206 1127 2274 tot
1188 2201 1507 2295 gravium
1570 2215 2022 2295 personarum
2094 2205 2292 2277 varia
2353 2203 2776 2297 improperia
2845 2208 2918 2276 et
2980 2203 3292 2278 facinora
3355 2202 3469 2276 illi

372 2321 655 2395 nomine
708 2321 926 2415 Regis
982 2325 1051 2393 et
1088 2321 1335 2409 Ducis,
1392 2321 1889 2396 contumeliam
1926 2343 2124 2396 suam
2161 2324 2366 2417 longe
2402 2324 2687 2416 lateque
2740 2323 3111 2413 diffusura,
3171 2323 3474 2395 fuissent

374 2441 818 2534 exprobrata.
875 2442 962 2513 In
998 2440 1287 2514 nuntios
1340 2441 1580 2534 itaque
1613 2442 1847 2535 regios
1886 2447 1955 2515 et
1992 2443 2276 2517 ducales
2314 2443 2669 2518 crudelius
2708 2443 3066 2518 desaevire
3103 2449 3174 2517 et
3199 2448 3469 2516 utrum-

374 2583 509 2654 que
564 2561 777 2633 undis
834 2560 1194 2649 suffocare,
1252 2561 1403 2635 iure
1438 2561 1755 2655 gentium
1794 2566 2159 2651 temerato,
2219 2567 2594 2652 statuerat,
2651 2563 2794 2636 nisi
2847 2563 3052 2636 illum
3105 2562 3246 2636 viri
3282 2561 3471 2650 boni,

376 2680 633 2773 quibus
688 2701 1015 2753 arcanum
1082 2680 1195 2752 sui
1258 2682 1659 2756 exacerbati
1722 2683 1949 2756 cordis
2014 2683 2436 2772 crediderat,
2502 2704 2544 2755 a
2596 2688 2741 2756 tam
2806 2681 3086 2757 nefandi
3150 2686 3219 2756 et
3273 2681 3478 2774 impii

376 2799 689 2873 muneris
761 2799 1215 2891 occupatione
1286 2801 1553 2874 salubri
1626 2801 1921 2876 consilio
1992 2801 2438 2876 avertissent.
2522 2801 2909 2876 Verebatur
2977 2806 3050 2875 et
3118 2801 3476 2876 Electores

376 2918 670 3012 Imperii
734 2923 809 2992 et
867 2919 1234 3012 Principes
1299 2921 1719 2996 Almanniae
1789 2928 1961 2994 tune
2020 2923 2208 3015 apud
2271 2921 2802 2996 Wratislaviam
2874 2925 3314 3014 praesentes,
3389 2945 3475 2996 ne

378 3039 675 3132 impium
730 3039 1003 3112 facinus
1060 3062 1263 3113 suum
1320 3061 1407 3114 ex
1462 3062 1699 3114 eorum
1752 3042 2182 3134 praesentia,
2241 3042 2327 3115 ad
2376 3041 2602 3134 ipsius
2657 3040 3063 3133 ampliorem
3119 3047 3191 3114 et
3227 3041 3474 3136 vulga-

378 3158 628 3233 tiorem
682 3159 1195 3253 turpitudinem
1248 3160 1637 3235 recidisset.

388 3523 637 3596 Ιιιῆὶι
684 3541 725 3596 ι
770 3523 1175 3613 sigimundo
1231 3522 1655 3596 nomenon-
1698 3523 1872 3614 ιαμ
1931 3524 2016 3597 ιιι
2058 3523 2476 3596 'ladissaum
2521 3501 2776 3612 negem
2819 3519 3118 3596 Poloniae
3176 3524 3480 3610 revertis,

1460 3644 1544 3717 de
1586 3643 1925 3717 sententia
1968 3645 2404 3718 consultatur.

590 3878 803 3953 Feria
856 3885 1137 3972 quarta,
1196 3880 1451 3953 ultima
1486 3880 1833 3970 Ianuarii,
1890 3882 2163 3955 nuntiis
2198 3881 2612 3974 praedictiS,
2655 3880 2956 3974 Sbigneo
2993 3881 3078 3953 de
3114 3881 3478 3954 Oleschui-

393 4019 507 4070 cza
577 4005 651 4073 et
710 3999 1005 4072 Nicolao
1073 3999 1451 4088 Ozebulka,
1528 3999 2054 4092 Sigismundum
2119 4001 2590 4074 Romanorum
2654 4000 2919 4092 Regem
2989 4000 3074 4073 de
3147 3993 3482 4092 responso

394 4118 943 4208 solicitantibus,
1019 4119 1213 4192 locus
1280 4119 1613 4193 ecclesiae
1678 4120 1939 4193 Beatae
2006 4117 2322 4212 Virginis
2385 4119 2646 4192 Mariae
2717 4119 2791 4192 in
2853 4121 3117 4208 Arena,
3193 4124 3265 4192 et
3300 4114 3483 4193 'dies

394 4237 714 4324 Veneris,
780 4237 1301 4312 Purificationis
1368 4238 1665 4311 Sanctae
1727 4239 1989 4312 Mariae
2029 4241 2107 4328 ¹),
2175 4239 2628 4332 consignatus
2658 4237 2746 4328 ²).
2829 4239 2978 4331 Quo
3043 4239 3482 4327 adveniente,

391 4358 597 4450 longa
646 4357 951 4450 primum
1006 4357 1247 4431 habita
1300 4378 1457 4430 cum
1512 4357 1938 4433 consiliariis
1994 4358 2143 4432 suis
2201 4359 2692 4453 Sigismundus
2751 4361 2906 4433 Rex
2961 4353 3484 4447 deliberatione,

390 4478 761 4568 respondet
811 4497 937 4568 per
988 4475 1329 4550 Friderici
1384 4476 1809 4551 Marchiouis
1864 4479 2516 4572 Brandebnrgensis
2581 4499 2947 4572 organum,
3015 4479 3356 4571 speciales
3413 4499 3489 4551 se

390 4595 675 4668 nuntios
728 4595 817 4668 ad
873 4595 1345 4668 wladislaum
1398 4597 1731 4671 Poloniae
1769 4598 2032 4692 Regem
2086 4598 2468 4671 missurum
2523 4603 2592 4672 et
2645 4598 2731 4671 ad
2770 4597 3056 4690 singula
3105 4596 3482 4690 legationis

392 4713 625 4806 capita
673 4735 1199 4806 responsurum.
1255 4717 1361 4788 Ea
1410 4717 1863 4808 responsione
1918 4717 2153 4790 nuntii
2209 4717 2423 4810 regii,
2491 4716 2838 4810 Sbigneus
2893 4718 2978 4790 de
3032 4715 3486 4791 Oleschnicza

394 4839 465 4906 et
518 4833 585 4905 N
588 4833 855 4907 icolaus
910 4833 1289 4923 Ozebulka,
1348 4841 1663 4927 accepta,
1722 4836 1809 4909 ad
1865 4835 2338 4909 Wladislaum
2393 4836 2726 4910 Poloniae
2763 4835 3025 4930 Regem
3080 4836 3193 4910 die
3247 4835 3485 4909 Domi-

393 4953 552 5026 nico
607 4934 1067 5046 carnisprivii
1130 4955 1313 5046 apud
1376 4956 1627 5030 Iedlna
1658 4954 1721 5045 ³)
1785 4962 2139 5049 agentem,
2207 4956 2662 5049 perveniunt,
2721 4975 2800 5029 ac
2863 4975 3030 5029 suae
3103 4954 3489 5030 Serenitati

391 5094 481 5147 ex
540 5074 774 5148 ordine
838 5077 1123 5162 cuncta,
1198 5095 1377 5166 quae
1440 5080 1969 5167 peroraverant,
2044 5096 2360 5168 quaeque
2421 5096 2547 5167 pro
2602 5094 2932 5165 responso
2998 5075 3342 5164 tulerant,
3416 5074 3490 5146 in

613 5343 663 5431 ¹)
713 5347 773 5409 S.
832 5348 1059 5408 Mariae
1115 5347 1379 5424 Virginis
1450 5341 1602 5410 cod.
1668 5342 1858 5408 Romu
1929 5343 1977 5425 ²)
2040 5347 2423 5422 consignatus
2481 5349 2592 5406 est-
2662 5337 2814 5406 Coa.
2875 5341 3067 5409 Rom.
3137 5345 3193 5428 ⁸)
3261 5346 3496 5410 Gedlna

396 5447 561 5517 cad.
608 5447 783 5515 Calv.
