4342 6384
932 532 1081 609 618
2103 548 2331 605 Lmsn
2383 548 2895 605 Duonncnms.
3468 524 3605 628 (Α.
3643 526 3740 602 D.
3780 526 4047 626 mo.)

935 742 1086 815 ulla
1139 740 1526 832 cupiditate
1579 736 2012 826 dominandi,
2081 736 2202 811 sed
2258 735 2685 809 christianae
2746 735 2848 810 rei
2914 734 3238 827 publicae
3300 734 3653 808 duntaxat
3718 754 4043 827 compas-

929 861 1125 934 sione
1178 860 1497 934 diadema
1549 858 1779 951 Regni
1830 857 2221 931 Pannonici
2275 861 2697 949 acceptasse.

1029 1212 1360 1287 Elisabeth
1404 1214 1652 1304 Regina
1698 1214 2004 1285 electioni
2049 1211 2383 1285 wladislai
2426 1230 2558 1283 11011
2604 1212 2941 1283 consentit
2986 1213 3186 1301 atque
3232 1213 3529 1282 oratores
3572 1210 3951 1300 Hungariae

1903 1351 1989 1406 ex
2031 1332 2293 1405 folonia
2338 1334 2691 1405 redeuntes
2737 1333 3055 1422 captivat.

1135 1580 1460 1653 Oratores
1513 1578 1742 1672 Regni
1797 1578 2232 1671 Hungariae,
2290 1578 2594 1671 acceptis
2650 1598 2691 1649 a
2744 1576 3137 1651 Wladislao
3192 1578 3384 1670 Rege
3438 1578 3783 1651 Poloniae
3840 1600 4035 1671 rega·

928 1701 1119 1774 libus
1175 1706 1246 1774 et
1299 1698 1760 1792 amplissimis
1815 1698 2254 1787 muneribuS,
2322 1698 2611 1771 licentia
2675 1698 2889 1771 etiam
2944 1698 3031 1769 ab
3087 1696 3240 1789 ipso
3306 1698 3533 1789 petita
3594 1702 3669 1770 et
3722 1698 4037 1781 obtenta,

930 1820 1104 1894 laeti
1159 1821 1247 1892 ad
1301 1818 1740 1913 Hungariam
1785 1822 1930 1892 tres
1978 1822 2459 1909 revertuntur,
2517 1817 2848 1892 videlicet
2886 1818 3173 1891 Mathko
3212 1819 3488 1907 Banus,
3546 1818 3923 1892 Emericns
3962 1820 4041 1891 de

931 1940 1287 2014 Marcellis
1353 1954 1424 2014 et
1485 1941 1833 2013 Iohannes
1897 1939 1981 2012 de
2047 1940 2305 2027 Peren,
2371 1938 2676 2028 duobus,
2742 1938 3073 2012 videlicet
3136 1938 3449 2011 Iohanne
3518 1938 3853 2031 episcopo
3920 1939 4035 2012 Se-

930 2060 1210 2153 gniensi
1244 2060 1300 2150 ¹)
1356 2066 1427 2133 et
1481 2060 1810 2133 Ladislao
1864 2060 1948 2134 de
2002 2061 2305 2132 Paloucz
2334 2058 2425 2149 ²),
2482 2060 2666 2134 circa
2719 2058 3193 2132 Wladislaum
3246 2058 3617 2133 cracoviae
3672 2080 4038 2133 remanen-

933 2180 1160 2269 tibus,
1217 2179 1340 2273 qui
1393 2180 1864 2253 Wladislaum
1919 2181 2183 2273 Regem
2247 2185 2445 2253 tanto
2510 2180 2807 2254 celerius
2872 2180 3142 2253 Budam
3208 2181 3701 2253 conducerent.
3762 2180 4039 2271 Quanto

933 2300 1154 2394 igitur
1209 2299 1525 2375 celeriori
1575 2321 1823 2393 gressu
1858 2304 2189 2392 possunt,
2232 2300 2518 2373 Mathko
2574 2302 2815 2373 Banus
2864 2306 2933 2374 et
2969 2300 3328 2373 Emericns
3367 2300 3450 2372 de
3488 2300 3859 2373 Marcellis
3898 2299 4035 2389 (Io-

932 2420 1198 2493 hannes
1255 2419 1438 2492 enim
1493 2419 1577 2492 de
1631 2420 1854 2493 Peren
1909 2418 1983 2491 in
2037 2418 2289 2491 eastris
2347 2420 2496 2492 suis
2552 2419 2875 2493 Scharisz
2908 2418 2969 2509 3)
3026 2424 3096 2492 61
3150 2419 3405 2493 Fisura
3442 2424 3919 2509 remanserat)
3958 2421 4037 2492 ad

933 2539 1300 2614 Elisabeth
1355 2539 1700 2631 Reginam
1745 2539 1821 2612 in
1857 2538 2193 2612 Comarno
2248 2544 2567 2632 agentem
2620 2545 2999 2632 properant
3054 2545 3125 2612 61
3178 2539 3252 2612 111
3306 2539 3673 2613 conductu
3724 2540 4034 2613 Paschae

931 2659 1007 2732 in
1071 2659 1404 2733 Comarno
1468 2659 1864 2748 venientes,
1943 2660 2007 2731 ei
2037 2659 2099 2749 ⁴)
2166 2660 2396 2732 omnia
2457 2681 2582 2751 per
2644 2681 2761 2733 603
2823 2664 3025 2753 gesta
3088 2662 3449 2753 exponunt
3512 2665 3583 2731 et
3649 2658 4030 2735 declarant.

931 2779 1293 2854 credentes
1357 2801 1432 2853 se
1497 2800 1817 2873 magnam
1883 2779 2068 2870 apud
2133 2778 2330 2851 illam
2392 2780 2691 2873 gratiam
2760 2781 3123 2854 meruisse.
3187 2780 3443 2853 Verum
3510 2780 3703 2871 ipsa,
3764 2784 3853 2852 ut
3904 2780 4029 2852 iam

934 2904 1087 2972 erat
1138 2901 1680 2988 Almannorum,
1737 2906 1806 2973 et
1861 2899 2224 2993 signanter
2259 2901 2702 2973 Australium
2740 2904 2811 2974 61
2848 2900 3137 2973 Comitis
3194 2900 3409 2973 Ciliae
3465 2898 3701 2972 Ulrici
3752 2900 4031 2973 seducta

934 3019 1287 3109 6011311113,
1343 3019 1445 3091 ita
1501 3018 1708 3092 etiam
1764 3024 2065 3093 mentem
2122 3041 2320 3093 suam
2376 3026 2801 3110 mutaverat,
2861 3022 2982 3094 sed
3034 3020 3493 3093 mutationem
3532 3042 3739 3091 suam
3778 3026 4023 3093 tectam

936 3140 1238 3213 tenebat.
1323 3139 1700 3212 Exauditis
1778 3138 1997 3233 igitur
2055 3140 2396 3232 praefatis
2462 3140 2609 3213 suis
2676 3141 3292 3229 ambasiatoribuS,
3369 3160 3485 3212 eos
3554 3140 3811 3212 statim
3884 3162 4023 3212 611111

935 3260 1257 3332 omnibus
1312 3260 1522 3334 rebus
1577 3266 1647 3333 et
1701 3260 1970 3332 familia
2033 3260 2379 3352 captivat,
2446 3280 2783 3353 personae
2849 3282 3083 3334 eorum
3146 3260 3534 3352 alligantur
3597 3260 3915 3332 vinculis
3964 3271 4023 3329 et

934 3402 1044 3453 res
1101 3380 1612 3453 distrahuntur.
1671 3379 1999 3453 Declarat
2053 3402 2126 3453 se
2182 3380 2338 3471 ipsa
2400 3379 2675 3473 Regina
2742 3380 3106 3454 Elisabeth
3168 3402 3293 3472 per
3346 3380 3546 3451 illam
3616 3380 4020 3471 captivatio·

933 3521 1090 3573 nem
1147 3506 1218 3573 et
1271 3521 1395 3592 per
1445 3499 1692 3573 literas
1749 3522 1912 3572 suas
1967 3500 2325 3573 nobilibus
2381 3506 2451 3573 et
2505 3499 2919 3574 civitatibus
2959 3498 3363 3592 Hungariae
3400 3499 3696 3587 missas,
3756 3500 4018 3572 conclu·

935 3620 1167 3694 siones
1221 3620 1761 3694 ambasiatorum
1816 3621 2045 3714 Regni
2091 3627 2160 3694 et
2206 3642 2489 3694 suorum
2544 3626 2903 3712 acceptare
2958 3621 3181 3708 nolle,
3240 3618 3553 3711 quinimo
3610 3620 3807 3693 velle
3862 3618 4021 3711 ipsis

934 3744 1082 3814 toto
1136 3740 1301 3813 nisu
1354 3740 1706 3815 resistere.
1765 3742 1885 3813 Fit
1940 3740 2014 3812 111
2068 3741 2309 3833 Regno
2367 3742 2772 3833 Hungariae
2829 3762 3157 3833 magnum
3214 3738 3552 3825 schisma,
3615 3738 4022 3830 quibusdam

933 3860 1325 3934 Wladislao
1380 3860 1559 3953 Regi
1612 3860 1976 3948 Poloniae,
2043 3882 2279 3933 eorum
2344 3859 2520 3953 Regi
2576 3863 2797 3933 electo
2830 3858 2915 3949 ⁵),
2984 3859 3399 3952 quibusdam
3472 3856 3857 3933 Elisabeth
3908 3860 4025 3932 Rc·

931 3979 1138 4073 ginae
1192 3985 1260 4054 et
1313 3980 1460 4052 filio
1489 3980 1552 4069 6)
1608 4002 1733 4052 3110
1789 3980 2359 4069 adhaerentibus,
2415 3982 2798 4074 Regnoque
2850 3980 3257 4073 Hungariae
3295 3977 3699 4070 perniciosa
3730 3980 3795 4070 ⁷)
3854 3978 4019 4052 ‹livi-

936 4100 1130 4173 sione
1185 4099 1400 4173 scisso
1429 4099 1519 4188 Β),
1578 4100 1810 4175 variae
1866 4106 2064 4174 erant
2119 4100 2461 4174 nobilium
2499 4106 2569 4174 et
2605 4100 3051 4193 popularium
3107 4101 3546 4187 voluntateS,
3604 4121 3725 4172 res
3766 4120 4025 4193 qnoque

935 4220 1010 4293 in
1065 4224 1207 4292 tam
1263 4224 1731 4293 monstrosum
1785 4223 2112 4313 prolapsa
2168 4222 2307 4294 fuit
2361 4220 2765 4309 dissidium,
2832 4225 2913 4291 ut
2968 4218 3284 4311 cognatis
3341 4219 3685 4291 fratribus
3746 4228 3819 4293 et
3872 4220 4023 4293 ami-

935 4340 1037 4413 cis
1102 4339 1608 4414 dissidentibus
1638 4338 1724 4431 9),
1795 4340 1870 4413 111
1925 4341 2339 4415 seditionem
2404 4347 2474 4413 et
2535 4342 2799 4415 bellum
2864 4339 3076 4413 civile
3143 4344 3459 4430 spectare
3522 4339 3615 4411 ab
3682 4337 4025 4413 universis

935 4460 1298 4533 Pannonia
1353 4459 1743 4533 videbatur.

1155 4768 1206 4850 ¹)
1251 4770 1566 4846 Seginensi
1609 4765 1740 4830 Ed.
1785 4764 1967 4849 [Apa.
2003 4764 2057 4845 ⁹)
2087 4766 2345 4829 Palancz
2380 4762 2533 4829 Cod.
2564 4764 2703 4829 Lis.
2735 4768 2989 4828 Palencz
3032 4764 3159 4829 Ed.
3191 4764 3373 4849 Lips.
3432 4765 3483 4845 ³)
3514 4767 3855 4846 Szarzysch
3888 4762 4020 4831 cod.

944 4869 1122 4937 oalv.
1170 4869 1222 4951 ⁴)
1269 4873 1514 4932 veniunt
1557 4878 1618 4932 et
1660 4872 1716 4932 ei
1764 4865 1918 4932 Cod.
1962 4867 2183 4932 Przez.
2232 4868 2283 4947 ⁶)
2330 4872 2519 4931 electo
2564 4870 2900 4932 faventibus
2949 4864 3100 4932 Cod.
3131 4867 3349 4931 Przez.
3399 4867 3458 4947 ι)
3486 4870 3759 4947 Reginae
3790 4891 3869 4933 ex
3898 4888 4015 4932 con·

935 4976 1070 5035 silio
1118 4970 1272 5037 cod.
1318 4972 1493 5037 Kost.
1546 4972 1596 5047 ⁷)
1640 4991 1922 5049 perversa
1969 4966 2123 5035 Cod.
2171 4970 2388 5034 Przez.
2440 4970 2491 5051 8)
2532 4974 2819 5033 scissione
2863 4974 3057 5034 diviso
3085 4969 3213 5033 Ed.
3244 4970 3426 5054 Lips.
3476 4970 3530 5051 ⁹)
3572 4974 4019 5034 dissolventibus

938 5072 1064 5140 Ed.
1112 5075 1293 5160 Ltjps.
