4342 6384
304 588 431 689 (Α.
474 591 567 663 D.
606 588 859 687 1442.)
1440 617 1666 668 menn
1718 616 2230 669 Duomzcmus.
3245 598 3392 671 673

299 798 514 887 phum
566 802 1103 888 persequuntur,
1164 820 1367 889 quem
1405 798 1604 871 brevi
1660 801 1993 892 temporis
2034 802 2262 892 spatio
2303 801 2656 873 consecuti
2713 806 2966 893 (neque
3004 802 3188 875 enim
3228 803 3391 894 equi

302 920 571 988 tantum
629 918 771 1004 sui,
831 918 951 989 sed
1006 922 1076 989 et
1120 918 1435 991 hominos
1494 924 1776 1010 propter
1830 922 2119 1011 longum
2174 921 2330 1007 iter,
2391 921 2578 1011 quod
2631 921 2858 992 noctis
2913 923 3392 1013 praecedentis

300 1041 608 1127 tempore
672 1058 760 1109 ex
826 1038 1155 1109 Cassovia
1218 1059 1438 1129 usque
1503 1038 1577 1109 in
1640 1040 1931 1131 Agriam
1996 1042 2468 1127 confecerant,
2545 1040 3032 1113 lassitudinem
3105 1042 3394 1114 nimiam

300 1176 463 1245 prae
518 1177 592 1228 se
646 1157 1029 1246 ferebant),
1089 1157 1236 1229 acie
1288 1158 1673 1249 geminata,
1742 1161 1812 1230 in
1870 1182 2163 1250 quarum
2233 1182 2370 1231 una
2435 1165 2631 1231 erant
2693 1162 2976 1249 Poloni,
3045 1162 3116 1233 in
3172 1164 3395 1235 altera

302 1275 653 1367 Hungari,
711 1276 785 1346 in
838 1298 1143 1368 pugnam
1199 1276 1650 1351 descendunt.
1710 1278 1893 1369 Quid
1948 1280 2167 1371 igitur
2222 1284 2458 1371 ageret
2513 1280 2946 1369 Thelephu8‚
3005 1286 3074 1352 et
3129 1304 3264 1373 quo
3322 1302 3395 1353 se

301 1399 636 1482 verteret,
692 1395 1079 1483 nesciebat3
1124 1392 1419 1468 ‘videbat
1475 1397 1657 1468 enim
1714 1399 2121 1470 nullatenus
2193 1400 2358 1488 fuga
2409 1419 2644 1490 posse,
2715 1399 3003 1471 Polonis
3070 1405 3138 1473 et
3193 1402 3392 1473 Hun-

298 1514 489 1605 garis
542 1514 835 1605 gradum
872 1515 1459 1604 accelerantibuS‚
1518 1516 1811 1604 salvari,
1854 1538 2061 1607 quam
2102 1517 2314 1589 etiam
2353 1518 2804 1590 existimabat
2843 1520 2898 1609 ¹)
2956 1520 3091 1591 sibi
3141 1527 3207 1592 et
3246 1521 3394 1593 suis

296 1634 763 1723 periculosam
830 1639 898 1707 et
953 1639 1250 1726 turpem.
1336 1635 1609 1707 Ultima
1672 1636 1893 1727 igitur
1957 1637 2261 1727 experiri
2324 1640 2394 1709 et
2449 1636 2594 1709 acie
2657 1638 3021 1711 decernere
3087 1644 3392 1727 coactus,

298 1754 585 1826 Petrum
625 1754 1089 1827 Odrowansch
1117 1751 1179 1843 2)
1235 1755 1627 1845 palatinum
1665 1756 2227 1847 Leopoliensem,
2289 1758 2487 1828 velut
2522 1758 2847 1847 praedam
2901 1759 3231 1846 nobilem,
3273 1780 3396 1850 per

299 1874 645 1965 quendam
718 1874 1131 1947 familiarem
1207 1895 1411 1946 suum
1478 1876 1715 1947 Sloma
1746 1874 1807 1963 3)
1881 1876 1955 1947 in
2021 1884 2252 1949 castra
2314 1876 2813 1968 propinquiora
2876 1900 3041 1949 suae
3106 1878 3396 1950 ditionis

294 1994 629 2081 remittit;
688 1994 807 2067 sed
860 1994 1128 2067 veritus
1186 1995 1423 2067 Sloma
1453 1995 1516 2085 ⁴)
1571 2015 1657 2067 ne
1712 2017 1755 2066 a
1807 1994 2094 2067 Polonis
2150 2002 2220 2069 et
2257 1996 2616 2089 Hungaris
2672 1996 3032 2069 insecutus
3089 2002 3158 2069 et
3197 1978 3392 2088 prae-

296 2114 459 2185 dam
515 2114 868 2187 amitteret
923 2120 993 2185 et
1048 2115 1199 2205 ipse
1253 2115 1513 2206 praeda
1565 2117 1761 2187 fieret
1792 2115 1877 2204 5),
1935 2116 2008 2186 in
2064 2121 2372 2187 castrum
2427 2116 2739 2188 vicinum
2805 2122 2875 2188 et
2928 2117 3398 2208 propinquum

296 2234 619 2305 Holnoth
670 2234 909 2306 Iacobi
964 2233 1252 2322 Ozuder,
1310 2234 1433 2325 qui
1487 2256 1527 2305 a
1564 2236 1697 2307 fide
1754 2240 1821 2307 et
1860 2235 2252 2308 obedientia
2309 2235 2682 2308 Wladislai
2737 2236 2952 2329 Regis
3009 2237 3399 2309 desciverat

298 2358 372 2425 et
434 2359 667 2445 partes
736 2354 1100 2426 Elisabeth
1163 2354 1474 2447 Reginae
1540 2356 1990 2446 sequebatur,
2066 2356 2380 2427 divertit.
2466 2356 2763 2427 Iacobus
2839 2361 3072 2429 autem
3137 2358 3400 2429 Czuder

294 2479 509 2546 nacta
560 2474 1068 2565 oportunitate,
1127 2496 1260 2565 quo
1317 2477 1623 2547 favorem
1679 2478 1748 2546 et
1800 2476 2440 2547 reconciliationem
2495 2474 2873 2547 Wladisiai
2926 2477 3143 2568 Regis
3199 2498 3395 2549 recu·

292 2614 541 2685 perare
594 2600 863 2686 posset,
923 2594 1315 2686 palatinum
1371 2593 1831 2666 Odrowansch
1860 2596 1923 2684 ⁶)
1980 2595 2256 2667 Slomae
2287 2595 2348 2683 ⁷)
2405 2593 2646 2685 eripit,
2717 2595 2792 2666 in
2849 2596 3116 2667 Budam
3174 2596 3394 2685 venit,

296 2720 371 2785 et
426 2715 817 2806 palatinum
872 2714 1303 2806 praedictum
1359 2712 1752 2787 Wladislao
1808 2715 1986 2807 Regi
2040 2720 2470 2807 praesentat,
2529 2714 2736 2787 venia
2790 2736 3064 2807 quoque
3117 2716 3228 2788 illi
3265 2716 3398 2788 hoc

292 2855 439 2906 uno
494 2840 818 2925 respectu
871 2838 1290 2926 praestatur.
1365 2834 1690 2906 Palatino
1750 2833 2215 2907 Odrowansch
2241 2834 2305 2924 ⁸)
2379 2857 2420 2906 a
2475 2856 2550 2907 se
2605 2835 3004 2926 Thelephus
3076 2833 3393 2924 remiSSO,

296 2954 375 3025 in
430 2976 735 3046 pugnam
791 2955 1017 3043 vadit,
1091 2976 1253 3027 suos
1307 2955 1627 3046 perprius
1702 2955 1943 3045 paucis
2014 2956 2459 3041 adhortatae,
2526 2960 2606 3026 ut
2679 2976 2872 3047 spem
2937 2959 3007 3026 et
3063 2954 3398 3027 victoriae

293 3080 371 3145 et
426 3074 681 3146 salutis
736 3074 811 3145 in
866 3074 1135 3147 dextris
1190 3080 1483 3165 ponant,
1541 3076 1982 3166 primumque
2017 3075 2320 3147 Polonos
2376 3074 2804 3163 adoriantur,
2863 3081 3210 3166 quatenus
3249 3074 3396 3146 illis

292 3193 683 3285 superatiS,
752 3193 1073 3287 Hungari
1126 3193 1360 3265 territi
1416 3196 1651 3286 fugam
1708 3216 1917 3286 ocyus
1974 3200 2366 3286 capescant.
2453 3195 2588 3267 Sed
2643 3195 2807 3266 dum
2865 3194 3262 3285 Thelephus
3329 3200 3399 3266 et

293 3312 417 3385 sui
471 3313 545 3384 in
598 3313 902 3385 Polonos
968 3334 1041 3386 se
1104 3315 1397 3387 credunt
1462 3316 1684 3386 facere
1747 3314 2118 3405 impetum,
2189 3336 2344 3387 cum
2401 3314 2762 3405 Hungaris
2827 3313 3393 3406 congrediuntur.

288 3433 551 3505 Poloni
616 3455 657 3505 a
710 3454 925 3506 cornu
989 3434 1235 3505 dextro
1300 3434 1374 3505 in
1437 3433 1714 3506 laevum
1780 3434 1969 3505 latus
2032 3435 2344 3505 hostium
2410 3436 2713 3506 maximo
2789 3454 3122 3525 equorum
3189 3454 3395 3505 cursu

286 3552 595 3640 invecti,
656 3574 894 3625 omnes
951 3554 1309 3625 obstantes
1364 3558 1846 3645 prosternunt,
1914 3559 1983 3627 et
2038 3556 2356 3647 singulas
2412 3575 2646 3626 eorum
2703 3553 2888 3625 acies
2945 3554 3387 3625 transverbe-

282 3678 494 3760 rant,
571 3672 911 3745 dirimunt
974 3678 1044 3745 et
1100 3674 1519 3745 conturbant
1548 3674 1634 3762 ⁹).
1711 3674 1981 3746 Cadunt
2044 3677 2283 3746 hostes
2349 3678 2419 3745 et
2474 3672 2836 3744 funeribus
2903 3692 3140 3743 eorum
3212 3693 3392 3745 com-

284 3793 588 3884 plentur
640 3793 899 3884 campi;
974 3793 1196 3867 crevit
1258 3798 1329 3864 et
1382 3793 1741 3886 Hungaris
1806 3794 2079 3865 animus
2146 3794 2426 3865 aciebus
2480 3793 2791 3863 hostium
2857 3791 3263 3879 confracti8‚
3325 3797 3394 3863 et

282 3916 500 3984 tanto
556 3912 941 3984 animosius
996 3913 1071 3985 in
1108 3915 1345 3985 hostes
1376 3912 1595 4001 illati,
1645 3913 2001 3985 debellant
2038 3920 2108 3985 et
2142 3913 2440 3985 victoria
2475 3912 2872 4003 potiuntur:
2930 3911 3136 4002 pauci
3176 3912 3389 4001 capti,

284 4035 445 4105 fere
498 4053 735 4105 omnes
799 4032 874 4103 in
938 4052 1017 4104 eo
1058 4032 1147 4121 ¹⁰)
1210 4032 1395 4104 bello
1462 4032 1697 4104 occisi.
1772 4033 2169 4123 Thelephus
2235 4037 2470 4104 tamen
2538 4032 2688 4123 ipse
2754 4037 3033 4123 captae,
3113 4036 3181 4103 et
3235 4054 3394 4103 cum

280 4152 573 4243 aliquot
612 4152 699 4239 11)
765 4151 1094 4224 Bohemis
1158 4154 1229 4224 et
1281 4151 1819 4224 Austriensibus
1886 4153 1962 4224 in
2016 4152 2302 4245 Agriam
2366 4152 2673 4241 reducti,
2749 4152 3017 4226 Simoni
3073 4152 3395 4242 episcopo

280 4270 697 4343 traduntur.
780 4272 867 4343 In
929 4272 1060 4343 hoc
1134 4272 1509 4344 certamine
1580 4274 1823 4343 nullus
1898 4294 1984 4344 ex
2046 4272 2334 4344 Polonis
2407 4273 2745 4345 notabilis
2821 4272 3108 4359 cecidit,
3189 4271 3395 4362 pauci

278 4390 423 4463 alii
484 4390 892 4479 desiderati,
960 4391 1231 4463 Hincza
1293 4392 1377 4463 de
1431 4392 1714 4483 Rogow,
1782 4394 2128 4465 Iohannes
2195 4392 2613 4465 Sczekoczki
2677 4392 3082 4483 capitaneus
3148 4390 3392 4462 Lubli-

277 4509 545 4583 nensis
601 4511 977 4583 vulnerati.

518 4820 565 4901 ι)
610 4823 961 4883 aestimabat
1018 4818 1145 4882 Ed.
1192 4816 1374 4901 Lips.
1452 4816 1498 4897 ¹)
1548 4818 1868 4895 Odrowasz
1933 4814 2084 4881 Cod.
2131 4816 2310 4880 Kost.
2373 4816 2428 4895 ³)
2475 4818 2674 4879 Sloma
2737 4812 2887 4879 Cod.
2942 4812 3118 4878 Kost.
3194 4815 3397 4876 Stoma

272 4923 419 4988 Ed.
477 4921 660 5007 Lipsr.
709 4921 762 5001 ⁴)
810 4924 1010 4985 Stoma
1051 4920 1178 4985 Ed.
1227 4920 1407 5003 Lips.
1459 4920 1510 5000 ⁵)
1558 4922 1710 4981 foret
1756 4915 1906 4982 Cod.
1942 4918 2116 4981 Kost.
2166 4918 2218 4997 ⁶)
2268 4920 2587 4997 Odroquz
2646 4915 2796 4981 Cod.
2829 4916 3005 4980 Kost.
3059 4916 3111 4997 ⁷)
3159 4920 3396 4979 Stomae

271 5026 420 5091 Ed.
458 5024 641 5108 Lips.
692 5025 743 5102 ει)
792 5027 1111 5107 Odrowasz
1161 5008 1312 5088 God.
1343 5020 1521 5085 Koct.
1571 5019 1622 5107 ⁰)
1668 5026 2000 5085 verberant.
2051 5018 2203 5085 Cod.
2236 5020 2416 5085 Kost.
2473 5020 2553 5101 ¹⁰)
2598 5023 2700 5082 illo
2736 5016 2887 5083 Cod.
2920 5018 3098 5082 Koct.
3155 5020 3232 5100 ¹¹)
3264 5040 3394 5081 cum

272 5134 429 5195 aliis
488 5125 641 5191 Cod.
686 5127 864 5191 Kost.

326 5650 381 5713 J.
412 5656 622 5715 magon.
646 5662 769 5704 mut.
787 5662 945 5705 Polou.
973 5646 1025 5703 Τ.
1042 5654 1127 5703 IV.
3017 5625 3087 5683 85
