4342 6384
837 625 883 696 4
2030 643 2258 694 mann
2309 643 2766 697 monemus.
3398 621 3532 722 (Α.
3571 622 3662 697 D.
3701 621 3920 722 1410.)

840 829 1047 917 011110,
1114 828 1356 900 ambae
1423 829 1636 902 unius
1685 827 2206 922 intelligentiae
2245 831 2316 901 01
2355 828 2539 900 00111;
2607 851 2768 900 nam
2805 829 2932 901 ubi
2967 829 3346 902 Bohemica
3419 830 3824 922 Syedlak
3858 809 3915 916 ¹)'

839 949 1216 1042 agricolam
1274 952 1343 1021 et
1396 948 1831 1021 rusticanum
1870 948 2171 1020 incolam
2211 948 2578 1040 exprimit,
2636 949 2738 1020 ibi
2775 949 3113 1022 Polonica
3151 950 3487 1022 sellarum
3525 949 3926 1042 magistrum

841 1073 911 1143 et
940 1067 1002 1157 2)
1058 1067 1373 1159 opificem
1429 1067 1795 1158 intelligit.
1853 1069 2017 1140 Hoc·
2058 1089 2390 1159 responso
2431 1069 2653 1140 faceto
2694 1072 2762 1141 et
2797 1069 2949 1140 risu
3002 1070 3245 1160 pleno,
3302 1069 3720 1142 Wenceslao
3757 1069 3929 1160 Regi

839 1189 1033 1275 date,
1091 1187 1460 1260 discedunt
1515 1209 1602 1260 ex
1658 1189 1855 1276 aula,
1912 1210 2136 1280 neque
2192 1188 2582 1261 sententiae
2638 1188 3108 1279 qualicunque
3175 1189 3500 1262 ferendae
3553 1188 3927 1281 linguagio‚

838 1307 1399 1401 pronuntiationi
1452 1308 1792 1381 interesse
1845 1309 2253 1394 voluerunt,
2312 1309 2452 1380 iam
2498 1308 2674 1380 certi
2719 1310 2804 1381 de
2842 1309 2994 1381 01110
3033 1308 3390 1382 iniustitia
3427 1313 3496 1381 et
3532 1307 3924 1399 iniquitate.

842 1428 1301 1500 Wenceslaus
1357 1432 1591 1499 tamen
1624 1426 1685 1516 3)
1742 1429 2214 1500 Romanorum
2271 1431 2341 1499 et
2396 1428 2774 1501 Bohemiae
2826 1430 2984 1501 Rex
3038 1433 3348 1502 tenorem
3404 1427 3606 1500 illius
3645 1427 3776 1500 sub
3813 1448 3932 1498 suo

846 1547 1083 1638 sigillo
1139 1547 1723 1620 ambasiatoribus
1776 1548 1992 1640 regiis
2049 1551 2119 1620 et
2174 1547 2542 1620 ducalibus
2602 1548 3019 1621 transmisit.
3080 1549 3270 1640 Quae
3315 1548 3501 1620 inter
3536 1546 3709 1634 alia,
3766 1547 3933 1617 duos

841 1665 1167 1738 ridendos
1222 1667 1626 1740 continebat
1679 1667 2048 1740 articulos:
2115 1667 2509 1740 diffiniebat
2575 1667 2918 1760 siquidem
2973 1669 3124 1760 ipse
3178 1667 3636 1741 Wenceslaus
3688 1666 3933 1737 Roma-

842 1807 1090 1858 norum
1147 1786 1336 1873 Rex,
1394 1788 1511 1858 vel
1563 1787 1800 1878 potius
1855 1787 2153 1861 Iodocus
2203 1787 2510 1859 Marchio
2549 1788 2935 1875 Moraviae,
2994 1788 3178 1878 quod
3214 1791 3404 1859 terra
3441 1783 3937 1858 Dobrzinensis

843 1926 967 1997 per
1021 1905 1411 1978 cruciferos
1470 1910 1834 1998 occupata,
1903 1906 2196 1980 debebat
2258 1907 2445 1979 tradi
2483 1928 2640 1980 cum
2695 1907 3016 1980 omnibus
3071 1907 3323 1980 castris
3379 1911 3448 1979 et
3498 1901 3940 1997 pertinentiis

845 2025 919 2096 in
974 2047 1223 2096 manus
1281 2047 1477 2113 suas;
1534 2026 1659 2116 qui
1714 2026 1864 2098 eius
1918 2027 2362 2118 possessione
2427 2027 2705 2114 habita,
2773 2027 2957 2099 infra
3019 2048 3278 2099 annum
3333 2025 3628 2099 debebat
3651 2024 3715 2112 ⁴)
3772 2022 3938 2095 (1011-

845 2144 1088 2217 berare
1144 2149 1213 2217 et
1268 2145 1695 2218 deliberatus
1750 2141 2145 2235 decernel‘e,
2217 2148 2304 2218 ad
2359 2168 2563 2238 quem
2619 2147 2929 2220 eiusdem
2999 2151 3226 2219 terrae
3289 2144 3673 2217 dominium
3729 2142 3938 2234 perti-

850 2267 1039 2336 neat.
1098 2265 1313 2352 Item,
1372 2265 1555 2355 quod
1610 2266 1927 2357 Regnum
1980 2266 2315 2338 Poloniae
2367 2266 2675 2357 amplius
2731 2267 2920 2339 etde
2959 2269 3228 2338 caetero
3281 2285 3638 2355 nunquam
3691 2282 3783 2336 ex
3828 2261 3942 2333 Li-

847 2383 1182 2456 thuaniae
1218 2389 1341 2456 aut
1379 2384 1686 2458 Orientis
1722 2385 2042 2477 partibus
2080 2386 2376 2458 debebat
2406 2385 2468 2474 5)
2525 2385 2661 2458 sibi
2699 2407 3053 2458 assumere
3099 2385 3396 2477 Regem,
3455 2384 3576 2456 sed
3614 2403 3703 2455 ex
3743 2382 3942 2454 Prin-

849 2503 1123 2595 cipibus
1198 2503 1594 2577 Occidentis
1666 2527 1905 2577 unum.
1980 2507 2066 2577 In
2123 2507 2260 2596 qno
2332 2527 2470 2578 uno
2545 2510 2833 2597 apparet
2897 2505 2985 2576 ad
3037 2504 3386 2595 liquidnm
3459 2502 3824 2576 temeritas
3877 2504 3946 2573 et

847 2622 1189 2714 iniquitas
1246 2624 1665 2714 sententiae,
1733 2625 2059 2714 quoniam
2122 2646 2333 2716 super
2386 2646 2460 2697 10
2512 2625 2588 2697 111
2643 2625 3053 2715 quaestione
3115 2645 3257 2694 non
3329 2623 3660 2710 deducta,
3719 2641 3944 2712 neque

847 2741 1294 2833 aliquatenus
1348 2744 1772 2830 necessaria,
1837 2744 2480 2835 pronuntiationem
2547 2763 2746 2815 snam
2809 2743 3150 2816 extendit.
3227 2742 3390 2814 Non
3458 2745 3656 2814 erant
3711 2740 3943 2813 amba-

848 2861 1141 2934 siatores
1197 2862 1576 2934 Wladislai
1626 2862 1961 2934 Poloniae
2013 2862 2231 2954 Regis
2296 2866 2366 2934 et
2419 2862 2840 2936 Lithuaniae
2895 2884 2974 2934 ac
3028 2843 3381 2934 Hasoviae
3449 2862 3761 2949 Ducum,
3817 2858 3943 2931 ali-

854 3000 991 3069 qua
1064 2980 1205 3053 alia
1274 3003 1399 3072 per
1468 2981 1961 3054 wenceslaum
2032 2980 2504 3053 Romanorum
2581 2985 2651 3054 et
2721 2982 3098 3056 Bohemiae
3168 2981 3432 3073 Regem
3501 2980 3949 3052 humanitate

850 3101 1168 3188 tractati,
1224 3105 1501 3192 praeter
1543 3100 1649 3187 id,
1709 3100 1893 3191 quod
1928 3100 2094 3172 illos
2144 3101 2296 3174 vice
2333 3123 2473 3174 una
2507 3103 2766 3175 honore
2820 3123 3099 3175 mensae
3147 3100 3423 3191 excepit
3478 3104 3547 3172 et
3597 3101 3947 3185 choream,

852 3219 1053 3292 finito
1107 3219 1429 3311 prandio,
1488 3218 1562 3290 in
1618 3239 1756 3311 qua
1809 3241 2091 3294 consors
2148 3242 2276 3294 sua
2328 3221 2603 3314 Regina
2658 3221 2736 3293 in'
2777 3242 3030 3294 corona
3065 3241 3222 3293 cum
3259 3219 3654 3313 virginibus
3694 3224 3774 3292 et
3809 3239 3948 3290 ma-

854 3339 1080 3411 tronis
1120 3339 1497 3430 'splendide
1534 3347 1890 3432 segerens
1947 3341 2271 3430 saltavit,
2325 3341 2480 3415 fieri
2532 3341 2956 3433 procuravit.
3016 3340 3386 3413 Stantibus
3443 3344 3674 3412 autem
3737 3336 3951 3430 regiis

862 3462 933 3530 et
987 3458 1357 3530 ducalibus
1430 3459 2013 3533 ambasiatoribus
2085 3461 2161 3533 in
2231 3462 2493 3554 Praga‚
2569 3461 2841 3533 Boczek
2916 3461 3000 3532 de
3053 3459 3534 3532 Poszdzebrad
3563 3459 3628 3547 θ)
3685 3459 3858 3531 baro
3889 3456 3949 3545 ⁷)

858 3578 1235 3651 Bohemiae
1292 3599 1409 3651 eos
1463 3582 1739 3671 praeter
1792 3581 2206 3653 demeritum
2261 3586 2331 3654 et
2384 3582 2660 3673 culpam
2708 3580 3003 3652 diffidat.
3063 3579 3197 3670 Qui
3235 3579 3638 3651 huiusmodi
3675 3578 3950 3650 diffida-

858 3697 1048 3769 tione
1104 3705 1418 3789 accepta,
1476 3699 1969 3772 wenceslaum
2022 3700 2286 3794 Regem
2340 3705 2624 3792 petunt,
2683 3701 3028 3791 quatenus
3083 3699 3259 3790 ipsis
3307 3699 3382 3771 in
3419 3699 3662 3791 Regno
3703 3718 3835 3772 suo
3872 3696 3956 3766 (10

860 3816 1056 3888 salvo
1112 3818 1455 3890 conductu
1510 3819 1895 3909 provideat.
1952 3819 2212 3892 Verum
2268 3820 2726 3893 Wenceslaus
2780 3819 2938 3892 Re'x
2983 3818 3388 3910 respondet:
3446 3817 3956 3890 diffidationem

860 3937 1264 4008 huiusmodi
1316 3937 1628 4029 ignotam
1676 3938 1816 4010 sibi
1849 3939 1994 4010 fore
2021 3937 2109 4028 8),
2166 3960 2390 4029 neque
2444 3940 2789 4011 conductu
2819 3939 2882 4028 9)
2937 3960 3054 4012 000
3111 3938 3450 4031 indigere.
3505 3936 3956 4038 Ambasiato-

859 4077 971 4128 100
1027 4077 1190 4128 vero
1246 4056 1625 4128 Wladislai
1677 4056 2013 4130 Poloniae
2067 4057 2283 4150 Regis
2341 4062 2409 4131 et
2461 4058 2884 4131 Lithuaniae
2949 4080 3028 4131 ac
3081 4058 3434 4130 Masoviae
3495 4058 3810 4144 Ducum,
3879 4055 3962 4126 de

860 4175 1154 4248 levitate
1206 4175 1607 4248 Wenceslai
1659 4176 2129 4249 Romanorum
2189 4182 2257 4249 et
2311 4178 2688 4251 Bohemiae
2745 4179 2960 4272 Regis
3017 4183 3087 4250 01
3141 4177 3215 4249 111
3252 4177 3462 4249 factis
3501 4181 3570 4248 01
3605 4177 3680 4249 111
3721 4173 3962 4248 verbis

863 4295 1294 4368 sufficienter
1348 4296 1606 4383 edocti,
1664 4295 1747 4368 (10
1801 4295 2041 4368 divino
2098 4296 2426 4390 suffragio
2483 4301 2554 4370 et
2597 4297 2876 4389 proprio
2915 4297 3146 4370 milite
3185 4301 3393 4387 atque
3429 4294 3642 4368 armis
3683 4295 3961 4386 (sexin-

862 4418 1229 4508 gentarum
1282 4415 1467 4487 enim
1519 4435 1973 4506 personarum
2026 4438 2394 4489 numerum
2448 4418 2941 4508 impleverant)
3007 4417 3282 4504 confisi,
3351 4437 3439 4488 ex
3501 4416 3768 4508 Praga‚
3829 4413 3964 4486 cir-

860 4534 1280 4625 cumscripto
1344 4535 1532 4606 omni
1592 4555 1879 4626 pavore,
1946 4540 2017 4607 et
2069 4536 2463 4624 decernere,
2533 4537 2595 4608 si
2650 4537 3177 4623 invaderentur,
3243 4535 3504 4626 parati,
3573 4534 3960 4607 discedunt

864 4660 933 4729 et
969 4676 1093 4747 per
1128 4654 1479 4742 Hradecz,
1518 4655 1885 4727 'Kloczsko
1926 4655 2039 4743 1⁰),
2100 4655 2557 4728 Swidniczam
2614 4660 2684 4727 et
2736 4655 3302 4742 Wratislaviam,
3361 4655 3514 4726 sani
3571 4657 3640 4726 et
3685 4653 3965 4727 incolu-
4015 4693 4020 4696 -

864 4797 1009 4848 mes
1063 4775 1137 4846 in
1174 4776 1496 4866 Regnum
1531 4774 1863 4847 Poloniae
1897 4775 2224 4863 redeunt,
2280 4776 2482 4846 nulla
2537 4775 2797 4847 offensa
2833 4796 2874 4846 a
2909 4774 3300 4848 diffidatore
3337 4777 3649 4865 accepta,
3715 4793 3966 4864 quam-

866 4895 977 4967 vis
1032 4893 1146 4966 die
1210 4893 1526 4986 qualibet
1593 4896 1949 4985 praefatus
2024 4895 2295 4968 Boczek
2367 4898 2775 4986 sequeretur
2845 4893 3131 4968 illorum
3202 4893 3535 4986 vestigia,
3612 4913 3968 4983 quaerens

1083 5183 1129 5264 ¹)
1178 5185 1443 5262 Syodlak
1492 5179 1643 5246 Cod.
1690 5181 1879 5247 Rozr.
1929 5183 1981 5263 ⁹)
2028 5189 2207 5260 atque
2256 5179 2405 5246 Cod.
2453 5180 2642 5245 Rozr.
2692 5182 2744 5265 ³)
2789 5189 2984 5244 autem
3032 5177 3182 5244 Cod.
3227 5181 3419 5246 Rozr.
3467 5179 3524 5264 ⁴)
3573 5184 3798 5244 debeat
3843 5179 3972 5244 Ed.

867 5285 1049 5370 Lips.
1114 5285 1166 5366 ⁵)
1228 5288 1443 5348 debeat
1499 5285 1624 5348 Ed.
1685 5286 1865 5370 Lips.
1928 5285 1979 5367 ⁶)
2042 5287 2433 5348 Podziebrath
2497 5281 2646 5350 Cod.
2691 5284 2866 5347 Kost.
2933 5284 2983 5364 ⁷)
3027 5287 3278 5346 Baronis
3323 5283 3448 5346 Ed.
3490 5283 3669 5367 Lips.
3725 5281 3787 5368 8)
3837 5305 3976 5346 0000

873 5385 1025 5451 Οοᾱ.
1070 5387 1260 5451 Roz-r.
1312 5385 1364 5472 ⁰)
1412 5392 1575 5450 salvo
1621 5392 1913 5452 conductu
1960 5385 2110 5452 Cod.
2156 5387 2349 5450 Rozr.
2407 5386 2483 5468 ¹⁰)
2531 5389 2796 5450 chczko
2845 5384 2994 5450 Cod.
3039 5387 3231 5450 Rozr.
