<?xml version="1.0" encoding="UTF-8"?>
<!DOCTYPE html PUBLIC "-//W3C//DTD XHTML 1.0 Transitional//EN"
    "http://www.w3.org/TR/xhtml1/DTD/xhtml1-transitional.dtd">
<html xmlns="http://www.w3.org/1999/xhtml" xml:lang="en" lang="en">
 <head>
  <title>
</title>
<meta http-equiv="Content-Type" content="text/html;charset=utf-8" />
  <meta name='ocr-system' content='tesseract 3.04.00' />
  <meta name='ocr-capabilities' content='ocr_page ocr_carea ocr_par ocr_line ocrx_word'/>
</head>
<body>
  <div class='ocr_page' id='page_1' title='image "./dzieawszystkie00unkngoog_0319.png"; bbox 0 0 4342 6384; ppageno 0'>
   <div class='ocr_carea' id='block_1_1' title="bbox 82 5416 95 5631">
    <p class='ocr_par' dir='ltr' id='par_1_1' title="bbox 82 5416 95 5631">
     <span class='ocr_line' id='line_1_1' title="bbox 82 5416 95 5461; baseline 0 0"><span class='ocrx_word' id='word_1_1' title='bbox 82 5416 83 5419; x_wconf 15' lang='grc' dir='ltr'><strong>Ἴ</strong></span> <span class='ocrx_word' id='word_1_2' title='bbox 91 5437 95 5461; x_wconf 62' lang='lat' dir='ltr'><strong>i</strong></span> 
     </span>
     <span class='ocr_line' id='line_1_2' title="bbox 91 5471 95 5498; baseline 0 0"><span class='ocrx_word' id='word_1_3' title='bbox 91 5471 95 5498; x_wconf 66' lang='grc' dir='ltr'><strong>ἧ</strong></span> 
     </span>
     <span class='ocr_line' id='line_1_3' title="bbox 91 5616 95 5631; baseline 0 0"><span class='ocrx_word' id='word_1_4' title='bbox 91 5616 95 5631; x_wconf 73' lang='lat' dir='ltr'><strong>l</strong></span> 
     </span>
    </p>
   </div>
   <div class='ocr_carea' id='block_1_2' title="bbox 90 5803 95 5847">
    <p class='ocr_par' dir='ltr' id='par_1_2' title="bbox 90 5803 95 5847">
     <span class='ocr_line' id='line_1_4' title="bbox 92 5803 94 5818; baseline 0 0"><span class='ocrx_word' id='word_1_5' title='bbox 92 5803 94 5818; x_wconf 65' lang='lat' dir='ltr'><strong>l</strong></span> 
     </span>
     <span class='ocr_line' id='line_1_5' title="bbox 90 5837 95 5847; baseline 0 0"><span class='ocrx_word' id='word_1_6' title='bbox 90 5837 95 5847; x_wconf 72' lang='lat' dir='ltr'><strong>v</strong></span> 
     </span>
    </p>
   </div>
   <div class='ocr_carea' id='block_1_3' title="bbox 80 5928 449 6379">
    <p class='ocr_par' dir='ltr' id='par_1_3' title="bbox 80 5928 449 6379">
     <span class='ocr_line' id='line_1_6' title="bbox 80 5928 449 6379; baseline 0 -363"><span class='ocrx_word' id='word_1_7' title='bbox 80 5928 449 6379; x_wconf 38' lang='grc' dir='ltr'><strong><em>γ</em></strong></span> 
     </span>
    </p>
   </div>
   <div class='ocr_carea' id='block_1_4' title="bbox 440 5936 450 6380">
    <p class='ocr_par' dir='ltr' id='par_1_4' title="bbox 440 5936 450 6380">
     <span class='ocr_line' id='line_1_7' title="bbox 440 5936 450 6380; baseline 0 4"><span class='ocrx_word' id='word_1_8' title='bbox 440 5936 450 6380; x_wconf 95' lang='lat' dir='ltr'><strong> </strong></span> 
     </span>
    </p>
   </div>
   <div class='ocr_carea' id='block_1_5' title="bbox 850 538 3944 645">
    <p class='ocr_par' dir='ltr' id='par_1_5' title="bbox 850 538 3944 645">
     <span class='ocr_line' id='line_1_8' title="bbox 850 538 3944 645; baseline 0.001 -25"><span class='ocrx_word' id='word_1_9' title='bbox 850 550 997 620; x_wconf 88' lang='grc'><strong>308</strong></span> <span class='ocrx_word' id='word_1_10' title='bbox 2039 572 2266 623; x_wconf 69' lang='lat' dir='ltr'><strong>mmm</strong></span> <span class='ocrx_word' id='word_1_11' title='bbox 2319 573 2774 625; x_wconf 70' lang='lat' dir='ltr'><strong>unnncnms.</strong></span> <span class='ocrx_word' id='word_1_12' title='bbox 3380 545 3515 645; x_wconf 85' lang='grc' dir='ltr'><strong>(Α.</strong></span> <span class='ocrx_word' id='word_1_13' title='bbox 3552 544 3645 617; x_wconf 85' lang='lat' dir='ltr'><strong>D.</strong></span> <span class='ocrx_word' id='word_1_14' title='bbox 3685 538 3944 638; x_wconf 68' lang='lat'><strong>1⁴22.)</strong></span> 
     </span>
    </p>
   </div>
   <div class='ocr_carea' id='block_1_6' title="bbox 850 868 3947 961">
    <p class='ocr_par' dir='ltr' id='par_1_6' title="bbox 850 868 3947 961">
     <span class='ocr_line' id='line_1_9' title="bbox 850 868 3947 961; baseline 0 -22"><span class='ocrx_word' id='word_1_15' title='bbox 850 868 1241 939; x_wconf 66' lang='lat' dir='ltr'><strong>vladislaus</strong></span> <span class='ocrx_word' id='word_1_16' title='bbox 1285 868 1424 940; x_wconf 74' lang='lat' dir='ltr'><strong>nox</strong></span> <span class='ocrx_word' id='word_1_17' title='bbox 1467 869 1680 940; x_wconf 75' lang='lat' dir='ltr'><strong>mittit</strong></span> <span class='ocrx_word' id='word_1_18' title='bbox 1725 887 2051 960; x_wconf 78' lang='lat' dir='ltr'><strong>proceros,</strong></span> <span class='ocrx_word' id='word_1_19' title='bbox 2097 872 2176 941; x_wconf 80' lang='lat' dir='ltr'><strong>ut</strong></span> <span class='ocrx_word' id='word_1_20' title='bbox 2204 888 2347 942; x_wconf 78' lang='lat' dir='ltr'><strong>cun</strong></span> <span class='ocrx_word' id='word_1_21' title='bbox 2375 870 2691 960; x_wconf 71' lang='lat' dir='ltr'><strong>Hungarls</strong></span> <span class='ocrx_word' id='word_1_22' title='bbox 2730 871 3135 943; x_wconf 65' lang='lat' dir='ltr'><strong>merentia:</strong></span> <span class='ocrx_word' id='word_1_23' title='bbox 3164 874 3437 944; x_wconf 77' lang='lat' dir='ltr'><strong>oxortu</strong></span> <span class='ocrx_word' id='word_1_24' title='bbox 3466 871 3947 961; x_wconf 58' lang='lat' dir='ltr'><strong>‹ao-ponerent„</strong></span> 
     </span>
    </p>
   </div>
   <div class='ocr_carea' id='block_1_7' title="bbox 858 1115 3975 3606">
    <p class='ocr_par' dir='ltr' id='par_1_7' title="bbox 858 1115 3975 3606">
     <span class='ocr_line' id='line_1_10' title="bbox 1058 1115 3945 1212; baseline 0.002 -25"><span class='ocrx_word' id='word_1_25' title='bbox 1058 1115 1406 1188; x_wconf 90' lang='lat' dir='ltr'><strong>Praelatis</strong></span> <span class='ocrx_word' id='word_1_26' title='bbox 1461 1120 1532 1189; x_wconf 88' lang='lat' dir='ltr'><strong>et</strong></span> <span class='ocrx_word' id='word_1_27' title='bbox 1583 1115 1963 1190; x_wconf 75' lang='lat' dir='ltr'><strong>baronibus</strong></span> <span class='ocrx_word' id='word_1_28' title='bbox 2017 1117 2246 1209; x_wconf 80' lang='lat' dir='ltr'><strong>Regni</strong></span> <span class='ocrx_word' id='word_1_29' title='bbox 2283 1118 2616 1191; x_wconf 89' lang='lat' dir='ltr'><strong>Poloniae</strong></span> <span class='ocrx_word' id='word_1_30' title='bbox 2661 1118 3084 1210; x_wconf 88' lang='lat' dir='ltr'><strong>primoribus</strong></span> <span class='ocrx_word' id='word_1_31' title='bbox 3139 1120 3340 1192; x_wconf 89' lang='lat' dir='ltr'><strong>iussu</strong></span> <span class='ocrx_word' id='word_1_32' title='bbox 3395 1120 3587 1212; x_wconf 92' lang='lat' dir='ltr'><strong>regio</strong></span> <span class='ocrx_word' id='word_1_33' title='bbox 3635 1121 3725 1192; x_wconf 86' lang='lat' dir='ltr'><strong>ad</strong></span> <span class='ocrx_word' id='word_1_34' title='bbox 3761 1120 3945 1212; x_wconf 77' lang='lat' dir='ltr'><strong>Nye-</strong></span> 
     </span>
     <span class='ocr_line' id='line_1_11' title="bbox 863 1236 3948 1330; baseline 0.002 -23"><span class='ocrx_word' id='word_1_35' title='bbox 863 1236 1446 1327; x_wconf 83' lang='lat' dir='ltr'><strong>polemiczensem</strong></span> <span class='ocrx_word' id='word_1_36' title='bbox 1485 1236 2063 1310; x_wconf 88' lang='lat' dir='ltr'><strong>convenientibus</strong></span> <span class='ocrx_word' id='word_1_37' title='bbox 2100 1243 2553 1323; x_wconf 77' lang='lat' dir='ltr'><strong>conventum,</strong></span> <span class='ocrx_word' id='word_1_38' title='bbox 2610 1244 2772 1330; x_wconf 90' lang='lat' dir='ltr'><strong>post</strong></span> <span class='ocrx_word' id='word_1_39' title='bbox 2815 1239 3055 1330; x_wconf 91' lang='lat' dir='ltr'><strong>plures</strong></span> <span class='ocrx_word' id='word_1_40' title='bbox 3109 1238 3647 1312; x_wconf 79' lang='lat' dir='ltr'><strong>deliberationes</strong></span> <span class='ocrx_word' id='word_1_41' title='bbox 3703 1246 3777 1314; x_wconf 92' lang='lat' dir='ltr'><strong>et</strong></span> <span class='ocrx_word' id='word_1_42' title='bbox 3811 1247 3948 1312; x_wconf 89' lang='lat' dir='ltr'><strong>tra-</strong></span> 
     </span>
     <span class='ocr_line' id='line_1_12' title="bbox 858 1356 3949 1449; baseline 0.001 -21"><span class='ocrx_word' id='word_1_43' title='bbox 858 1360 1090 1429; x_wconf 86' lang='lat' dir='ltr'><strong>ctatus</strong></span> <span class='ocrx_word' id='word_1_44' title='bbox 1161 1377 1369 1448; x_wconf 88' lang='lat' dir='ltr'><strong>super</strong></span> <span class='ocrx_word' id='word_1_45' title='bbox 1420 1356 1630 1428; x_wconf 89' lang='lat' dir='ltr'><strong>rebus</strong></span> <span class='ocrx_word' id='word_1_46' title='bbox 1683 1356 1988 1447; x_wconf 77' lang='lat' dir='ltr'><strong>publicis</strong></span> <span class='ocrx_word' id='word_1_47' title='bbox 2044 1358 2274 1449; x_wconf 85' lang='lat' dir='ltr'><strong>Regni</strong></span> <span class='ocrx_word' id='word_1_48' title='bbox 2329 1363 2399 1431; x_wconf 91' lang='lat' dir='ltr'><strong>et</strong></span> <span class='ocrx_word' id='word_1_49' title='bbox 2451 1359 2615 1431; x_wconf 89' lang='lat' dir='ltr'><strong>aliis</strong></span> <span class='ocrx_word' id='word_1_50' title='bbox 2671 1359 3194 1431; x_wconf 88' lang='lat' dir='ltr'><strong>occurrentibus</strong></span> <span class='ocrx_word' id='word_1_51' title='bbox 3258 1359 3570 1445; x_wconf 90' lang='lat' dir='ltr'><strong>habitos,</strong></span> <span class='ocrx_word' id='word_1_52' title='bbox 3638 1359 3949 1432; x_wconf 83' lang='lat' dir='ltr'><strong>Wladis-</strong></span> 
     </span>
     <span class='ocr_line' id='line_1_13' title="bbox 859 1475 3953 1571; baseline 0.001 -23"><span class='ocrx_word' id='word_1_53' title='bbox 859 1478 1016 1548; x_wconf 91' lang='lat' dir='ltr'><strong>laus</strong></span> <span class='ocrx_word' id='word_1_54' title='bbox 1062 1477 1220 1548; x_wconf 82' lang='lat' dir='ltr'><strong>Rex</strong></span> <span class='ocrx_word' id='word_1_55' title='bbox 1256 1475 1697 1549; x_wconf 80' lang='lat' dir='ltr'><strong>consiliarios</strong></span> <span class='ocrx_word' id='word_1_56' title='bbox 1753 1498 1950 1563; x_wconf 70' lang='lat' dir='ltr'><strong>suoe,</strong></span> <span class='ocrx_word' id='word_1_57' title='bbox 2009 1477 2341 1551; x_wconf 85' lang='lat' dir='ltr'><strong>videlicet</strong></span> <span class='ocrx_word' id='word_1_58' title='bbox 2394 1479 2765 1551; x_wconf 75' lang='lat' dir='ltr'><strong>Nicolaum</strong></span> <span class='ocrx_word' id='word_1_59' title='bbox 2815 1479 3290 1551; x_wconf 79' lang='lat' dir='ltr'><strong>Gnesnensem</strong></span> <span class='ocrx_word' id='word_1_60' title='bbox 3327 1478 3953 1571; x_wconf 87' lang='lat' dir='ltr'><strong>archiepiscopum,</strong></span> 
     </span>
     <span class='ocr_line' id='line_1_14' title="bbox 864 1596 3953 1689; baseline 0.001 -22"><span class='ocrx_word' id='word_1_61' title='bbox 864 1596 1185 1687; x_wconf 89' lang='lat' dir='ltr'><strong>quamvis</strong></span> <span class='ocrx_word' id='word_1_62' title='bbox 1240 1597 1686 1668; x_wconf 88' lang='lat' dir='ltr'><strong>vehementer</strong></span> <span class='ocrx_word' id='word_1_63' title='bbox 1738 1597 2201 1669; x_wconf 82' lang='lat' dir='ltr'><strong>reluctantem</strong></span> <span class='ocrx_word' id='word_1_64' title='bbox 2256 1603 2326 1670; x_wconf 91' lang='lat' dir='ltr'><strong>et</strong></span> <span class='ocrx_word' id='word_1_65' title='bbox 2380 1619 2454 1669; x_wconf 93' lang='lat' dir='ltr'><strong>se</strong></span> <span class='ocrx_word' id='word_1_66' title='bbox 2507 1598 2692 1685; x_wconf 91' lang='lat' dir='ltr'><strong>illic,</strong></span> <span class='ocrx_word' id='word_1_67' title='bbox 2751 1598 2814 1669; x_wconf 89' lang='lat' dir='ltr'><strong>si</strong></span> <span class='ocrx_word' id='word_1_68' title='bbox 2868 1598 2971 1669; x_wconf 93' lang='lat' dir='ltr'><strong>ire</strong></span> <span class='ocrx_word' id='word_1_69' title='bbox 3008 1602 3328 1689; x_wconf 81' lang='lat' dir='ltr'><strong>cogatur,</strong></span> <span class='ocrx_word' id='word_1_70' title='bbox 3386 1598 3807 1671; x_wconf 89' lang='lat' dir='ltr'><strong>moriturum</strong></span> <span class='ocrx_word' id='word_1_71' title='bbox 3844 1620 3953 1670; x_wconf 90' lang='lat' dir='ltr'><strong>as-</strong></span> 
     </span>
     <span class='ocr_line' id='line_1_15' title="bbox 864 1716 3959 1809; baseline 0 -20"><span class='ocrx_word' id='word_1_72' title='bbox 864 1721 1328 1803; x_wconf 86' lang='lat' dir='ltr'><strong>severantem,</strong></span> <span class='ocrx_word' id='word_1_73' title='bbox 1404 1716 1774 1788; x_wconf 88' lang='lat' dir='ltr'><strong>Albertum</strong></span> <span class='ocrx_word' id='word_1_74' title='bbox 1849 1718 2401 1808; x_wconf 81' lang='lat' dir='ltr'><strong>Iastrzambyecz</strong></span> <span class='ocrx_word' id='word_1_75' title='bbox 2467 1717 2989 1789; x_wconf 85' lang='lat' dir='ltr'><strong>Cracoviensem</strong></span> <span class='ocrx_word' id='word_1_76' title='bbox 3060 1717 3496 1809; x_wconf 89' lang='lat' dir='ltr'><strong>episcopum,</strong></span> <span class='ocrx_word' id='word_1_77' title='bbox 3571 1718 3959 1791; x_wconf 87' lang='lat' dir='ltr'><strong>Cristinum</strong></span> 
     </span>
     <span class='ocr_line' id='line_1_16' title="bbox 866 1835 3961 1926; baseline 0.001 -19"><span class='ocrx_word' id='word_1_78' title='bbox 866 1836 1328 1908; x_wconf 86' lang='lat' dir='ltr'><strong>castellanum</strong></span> <span class='ocrx_word' id='word_1_79' title='bbox 1395 1835 1950 1924; x_wconf 73' lang='lat' dir='ltr'><strong>cracoviensem,</strong></span> <span class='ocrx_word' id='word_1_80' title='bbox 2018 1838 2399 1909; x_wconf 88' lang='lat' dir='ltr'><strong>Iohannem</strong></span> <span class='ocrx_word' id='word_1_81' title='bbox 2468 1838 2553 1909; x_wconf 87' lang='lat' dir='ltr'><strong>de</strong></span> <span class='ocrx_word' id='word_1_82' title='bbox 2609 1839 2896 1908; x_wconf 88' lang='lat' dir='ltr'><strong>Tarnow</strong></span> <span class='ocrx_word' id='word_1_83' title='bbox 2959 1838 3516 1926; x_wconf 75' lang='lat' dir='ltr'><strong>cracoviensem,</strong></span> <span class='ocrx_word' id='word_1_84' title='bbox 3583 1838 3961 1911; x_wconf 84' lang='lat' dir='ltr'><strong>Nicolaum</strong></span> 
     </span>
     <span class='ocr_line' id='line_1_17' title="bbox 866 1954 3956 2051; baseline 0.002 -26"><span class='ocrx_word' id='word_1_85' title='bbox 866 1956 951 2027; x_wconf 87' lang='lat' dir='ltr'><strong>de</strong></span> <span class='ocrx_word' id='word_1_86' title='bbox 989 1954 1354 2026; x_wconf 83' lang='lat' dir='ltr'><strong>Michalow</strong></span> <span class='ocrx_word' id='word_1_87' title='bbox 1403 1954 2067 2043; x_wconf 88' lang='lat' dir='ltr'><strong>Sandomiriensem,</strong></span> <span class='ocrx_word' id='word_1_88' title='bbox 2121 1955 2508 2045; x_wconf 80' lang='lat' dir='ltr'><strong>palatinoS,</strong></span> <span class='ocrx_word' id='word_1_89' title='bbox 2569 1955 2947 2046; x_wconf 90' lang='lat' dir='ltr'><strong>Sbigneum</strong></span> <span class='ocrx_word' id='word_1_90' title='bbox 2986 1955 3070 2028; x_wconf 85' lang='lat' dir='ltr'><strong>de</strong></span> <span class='ocrx_word' id='word_1_91' title='bbox 3108 1958 3404 2030; x_wconf 84' lang='lat' dir='ltr'><strong>Brzesze</strong></span> <span class='ocrx_word' id='word_1_92' title='bbox 3442 1959 3495 2046; x_wconf 90' lang='lat'><strong>¹)</strong></span> <span class='ocrx_word' id='word_1_93' title='bbox 3551 1958 3787 2051; x_wconf 85' lang='lat' dir='ltr'><strong>Regni</strong></span> <span class='ocrx_word' id='word_1_94' title='bbox 3826 1960 3956 2029; x_wconf 90' lang='lat' dir='ltr'><strong>Po-</strong></span> 
     </span>
     <span class='ocr_line' id='line_1_18' title="bbox 867 2073 3964 2164; baseline 0.001 -18"><span class='ocrx_word' id='word_1_95' title='bbox 867 2073 1097 2146; x_wconf 85' lang='lat' dir='ltr'><strong>loniae</strong></span> <span class='ocrx_word' id='word_1_96' title='bbox 1151 2075 1601 2162; x_wconf 87' lang='lat' dir='ltr'><strong>marsalcum‚</strong></span> <span class='ocrx_word' id='word_1_97' title='bbox 1667 2075 2070 2148; x_wconf 89' lang='lat' dir='ltr'><strong>Ianussium</strong></span> <span class='ocrx_word' id='word_1_98' title='bbox 2125 2074 2210 2146; x_wconf 83' lang='lat' dir='ltr'><strong>de</strong></span> <span class='ocrx_word' id='word_1_99' title='bbox 2266 2074 2712 2146; x_wconf 85' lang='lat' dir='ltr'><strong>Thuliskowo</strong></span> <span class='ocrx_word' id='word_1_100' title='bbox 2774 2077 3236 2149; x_wconf 85' lang='lat' dir='ltr'><strong>castellanum</strong></span> <span class='ocrx_word' id='word_1_101' title='bbox 3304 2077 3835 2164; x_wconf 88' lang='lat' dir='ltr'><strong>Calissiensem‚</strong></span> <span class='ocrx_word' id='word_1_102' title='bbox 3892 2084 3964 2149; x_wconf 94' lang='lat' dir='ltr'><strong>et</strong></span> 
     </span>
     <span class='ocr_line' id='line_1_19' title="bbox 870 2193 3959 2286; baseline 0.002 -22"><span class='ocrx_word' id='word_1_103' title='bbox 870 2193 1282 2265; x_wconf 84' lang='lat' dir='ltr'><strong>Zawissium</strong></span> <span class='ocrx_word' id='word_1_104' title='bbox 1344 2193 1621 2285; x_wconf 84' lang='lat' dir='ltr'><strong>nigrum</strong></span> <span class='ocrx_word' id='word_1_105' title='bbox 1693 2196 1777 2266; x_wconf 86' lang='lat' dir='ltr'><strong>de</strong></span> <span class='ocrx_word' id='word_1_106' title='bbox 1843 2195 2133 2268; x_wconf 79' lang='lat' dir='ltr'><strong>Garbow</strong></span> <span class='ocrx_word' id='word_1_107' title='bbox 2198 2194 2641 2285; x_wconf 85' lang='lat' dir='ltr'><strong>capitaneum</strong></span> <span class='ocrx_word' id='word_1_108' title='bbox 2708 2194 3312 2286; x_wconf 86' lang='lat' dir='ltr'><strong>Sczepusiensem,</strong></span> <span class='ocrx_word' id='word_1_109' title='bbox 3390 2198 3478 2268; x_wconf 84' lang='lat' dir='ltr'><strong>ad</strong></span> <span class='ocrx_word' id='word_1_110' title='bbox 3541 2198 3959 2271; x_wconf 88' lang='lat' dir='ltr'><strong>convenien-</strong></span> 
     </span>
     <span class='ocr_line' id='line_1_20' title="bbox 871 2313 3961 2405; baseline 0.002 -21"><span class='ocrx_word' id='word_1_111' title='bbox 871 2315 1036 2385; x_wconf 87' lang='lat' dir='ltr'><strong>dum</strong></span> <span class='ocrx_word' id='word_1_112' title='bbox 1092 2333 1251 2386; x_wconf 90' lang='lat' dir='ltr'><strong>cum</strong></span> <span class='ocrx_word' id='word_1_113' title='bbox 1314 2313 1664 2385; x_wconf 88' lang='lat' dir='ltr'><strong>Praelatis</strong></span> <span class='ocrx_word' id='word_1_114' title='bbox 1719 2320 1789 2385; x_wconf 89' lang='lat' dir='ltr'><strong>et</strong></span> <span class='ocrx_word' id='word_1_115' title='bbox 1842 2314 2220 2385; x_wconf 87' lang='lat' dir='ltr'><strong>baronibus</strong></span> <span class='ocrx_word' id='word_1_116' title='bbox 2285 2314 2689 2404; x_wconf 89' lang='lat' dir='ltr'><strong>Hungariae</strong></span> <span class='ocrx_word' id='word_1_117' title='bbox 2752 2313 2824 2385; x_wconf 93' lang='lat' dir='ltr'><strong>in</strong></span> <span class='ocrx_word' id='word_1_118' title='bbox 2890 2315 3379 2405; x_wconf 86' lang='lat' dir='ltr'><strong>Sczepusiensi</strong></span> <span class='ocrx_word' id='word_1_119' title='bbox 3444 2322 3662 2404; x_wconf 90' lang='lat' dir='ltr'><strong>terra,</strong></span> <span class='ocrx_word' id='word_1_120' title='bbox 3733 2322 3961 2390; x_wconf 86' lang='lat' dir='ltr'><strong>trans-</strong></span> 
     </span>
     <span class='ocr_line' id='line_1_21' title="bbox 873 2432 3965 2525; baseline 0.001 -20"><span class='ocrx_word' id='word_1_121' title='bbox 873 2432 1119 2505; x_wconf 84' lang='lat' dir='ltr'><strong>mittit.</strong></span> <span class='ocrx_word' id='word_1_122' title='bbox 1187 2432 1521 2525; x_wconf 86' lang='lat' dir='ltr'><strong>Magister</strong></span> <span class='ocrx_word' id='word_1_123' title='bbox 1586 2433 1768 2505; x_wconf 90' lang='lat' dir='ltr'><strong>enim</strong></span> <span class='ocrx_word' id='word_1_124' title='bbox 1825 2437 1894 2505; x_wconf 94' lang='lat' dir='ltr'><strong>et</strong></span> <span class='ocrx_word' id='word_1_125' title='bbox 1948 2433 2128 2505; x_wconf 83' lang='lat' dir='ltr'><strong>Ordo</strong></span> <span class='ocrx_word' id='word_1_126' title='bbox 2194 2434 2700 2506; x_wconf 83' lang='lat' dir='ltr'><strong>Cruciferorum</strong></span> <span class='ocrx_word' id='word_1_127' title='bbox 2755 2434 2839 2505; x_wconf 85' lang='lat' dir='ltr'><strong>de</strong></span> <span class='ocrx_word' id='word_1_128' title='bbox 2894 2435 3214 2522; x_wconf 89' lang='lat' dir='ltr'><strong>Prussia,</strong></span> <span class='ocrx_word' id='word_1_129' title='bbox 3281 2435 3441 2508; x_wconf 84' lang='lat' dir='ltr'><strong>fidei</strong></span> <span class='ocrx_word' id='word_1_130' title='bbox 3505 2456 3674 2509; x_wconf 89' lang='lat' dir='ltr'><strong>suae</strong></span> <span class='ocrx_word' id='word_1_131' title='bbox 3730 2436 3965 2525; x_wconf 89' lang='lat' dir='ltr'><strong>obliti,</strong></span> 
     </span>
     <span class='ocr_line' id='line_1_22' title="bbox 872 2552 3964 2644; baseline 0.001 -17"><span class='ocrx_word' id='word_1_132' title='bbox 872 2552 1390 2627; x_wconf 88' lang='lat' dir='ltr'><strong>conditionibus</strong></span> <span class='ocrx_word' id='word_1_133' title='bbox 1446 2554 1640 2644; x_wconf 87' lang='lat' dir='ltr'><strong>pacis</strong></span> <span class='ocrx_word' id='word_1_134' title='bbox 1705 2575 1872 2625; x_wconf 87' lang='lat' dir='ltr'><strong>suae</strong></span> <span class='ocrx_word' id='word_1_135' title='bbox 1933 2556 2312 2644; x_wconf 90' lang='lat' dir='ltr'><strong>perpetuae</strong></span> <span class='ocrx_word' id='word_1_136' title='bbox 2373 2558 2686 2626; x_wconf 88' lang='lat' dir='ltr'><strong>recenter</strong></span> <span class='ocrx_word' id='word_1_137' title='bbox 2748 2553 2932 2644; x_wconf 85' lang='lat' dir='ltr'><strong>apud</strong></span> <span class='ocrx_word' id='word_1_138' title='bbox 2994 2554 3225 2626; x_wconf 87' lang='lat' dir='ltr'><strong>lacum</strong></span> <span class='ocrx_word' id='word_1_139' title='bbox 3289 2556 3519 2627; x_wconf 83' lang='lat' dir='ltr'><strong>Melno</strong></span> <span class='ocrx_word' id='word_1_140' title='bbox 3583 2557 3964 2643; x_wconf 86' lang='lat' dir='ltr'><strong>confectae,</strong></span> 
     </span>
     <span class='ocr_line' id='line_1_23' title="bbox 875 2672 3964 2766; baseline 0 -19"><span class='ocrx_word' id='word_1_141' title='bbox 875 2674 1320 2766; x_wconf 86' lang='lat' dir='ltr'><strong>Sigismundo</strong></span> <span class='ocrx_word' id='word_1_142' title='bbox 1377 2674 1848 2746; x_wconf 89' lang='lat' dir='ltr'><strong>Romanorum</strong></span> <span class='ocrx_word' id='word_1_143' title='bbox 1901 2679 1972 2745; x_wconf 87' lang='lat' dir='ltr'><strong>et</strong></span> <span class='ocrx_word' id='word_1_144' title='bbox 2026 2673 2429 2765; x_wconf 89' lang='lat' dir='ltr'><strong>Hungariae</strong></span> <span class='ocrx_word' id='word_1_145' title='bbox 2468 2674 2657 2764; x_wconf 90' lang='lat' dir='ltr'><strong>Rege</strong></span> <span class='ocrx_word' id='word_1_146' title='bbox 2692 2672 3134 2763; x_wconf 89' lang='lat' dir='ltr'><strong>prohibente,</strong></span> <span class='ocrx_word' id='word_1_147' title='bbox 3191 2696 3329 2746; x_wconf 90' lang='lat' dir='ltr'><strong>non</strong></span> <span class='ocrx_word' id='word_1_148' title='bbox 3368 2676 3543 2747; x_wconf 88' lang='lat' dir='ltr'><strong>satis</strong></span> <span class='ocrx_word' id='word_1_149' title='bbox 3580 2676 3964 2749; x_wconf 88' lang='lat' dir='ltr'><strong>faciebant:</strong></span> 
     </span>
     <span class='ocr_line' id='line_1_24' title="bbox 876 2790 3966 2886; baseline 0.001 -21"><span class='ocrx_word' id='word_1_150' title='bbox 876 2793 1203 2886; x_wconf 90' lang='lat' dir='ltr'><strong>quoniam</strong></span> <span class='ocrx_word' id='word_1_151' title='bbox 1259 2814 1385 2865; x_wconf 91' lang='lat' dir='ltr'><strong>nec</strong></span> <span class='ocrx_word' id='word_1_152' title='bbox 1441 2797 1748 2865; x_wconf 88' lang='lat' dir='ltr'><strong>castrum</strong></span> <span class='ocrx_word' id='word_1_153' title='bbox 1812 2793 2246 2883; x_wconf 81' lang='lat' dir='ltr'><strong>Nyeschowa</strong></span> <span class='ocrx_word' id='word_1_154' title='bbox 2274 2790 2336 2882; x_wconf 73' lang='grc'><strong>2)</strong></span> <span class='ocrx_word' id='word_1_155' title='bbox 2392 2794 2522 2865; x_wconf 89' lang='lat' dir='ltr'><strong>sub</strong></span> <span class='ocrx_word' id='word_1_156' title='bbox 2587 2798 2897 2883; x_wconf 89' lang='lat' dir='ltr'><strong>tempore</strong></span> <span class='ocrx_word' id='word_1_157' title='bbox 2958 2794 3343 2866; x_wconf 85' lang='lat' dir='ltr'><strong>constituto</strong></span> <span class='ocrx_word' id='word_1_158' title='bbox 3399 2795 3720 2868; x_wconf 90' lang='lat' dir='ltr'><strong>demoliti</strong></span> <span class='ocrx_word' id='word_1_159' title='bbox 3776 2801 3966 2883; x_wconf 90' lang='lat' dir='ltr'><strong>sunt,</strong></span> 
     </span>
     <span class='ocr_line' id='line_1_25' title="bbox 877 2912 3971 3006; baseline 0 -20"><span class='ocrx_word' id='word_1_160' title='bbox 877 2935 1103 3005; x_wconf 90' lang='lat' dir='ltr'><strong>neque</strong></span> <span class='ocrx_word' id='word_1_161' title='bbox 1172 2912 1551 3003; x_wconf 87' lang='lat' dir='ltr'><strong>promissas</strong></span> <span class='ocrx_word' id='word_1_162' title='bbox 1622 2913 1954 3004; x_wconf 89' lang='lat' dir='ltr'><strong>pecunias</strong></span> <span class='ocrx_word' id='word_1_163' title='bbox 2029 2914 2419 2985; x_wconf 83' lang='lat' dir='ltr'><strong>solvebant.</strong></span> <span class='ocrx_word' id='word_1_164' title='bbox 2495 2913 2900 2985; x_wconf 86' lang='lat' dir='ltr'><strong>Timebatur</strong></span> <span class='ocrx_word' id='word_1_165' title='bbox 2968 2914 3206 3006; x_wconf 89' lang='lat' dir='ltr'><strong>itaque</strong></span> <span class='ocrx_word' id='word_1_166' title='bbox 3269 2914 3455 2986; x_wconf 91' lang='lat' dir='ltr'><strong>inter</strong></span> <span class='ocrx_word' id='word_1_167' title='bbox 3507 2915 3847 2988; x_wconf 90' lang='lat' dir='ltr'><strong>Poloniae</strong></span> <span class='ocrx_word' id='word_1_168' title='bbox 3900 2921 3971 2987; x_wconf 91' lang='lat' dir='ltr'><strong>et</strong></span> 
     </span>
     <span class='ocr_line' id='line_1_26' title="bbox 880 3032 3969 3125; baseline 0 -19"><span class='ocrx_word' id='word_1_169' title='bbox 880 3032 1286 3124; x_wconf 89' lang='lat' dir='ltr'><strong>Hungariae</strong></span> <span class='ocrx_word' id='word_1_170' title='bbox 1338 3033 1567 3123; x_wconf 87' lang='lat' dir='ltr'><strong>Reges</strong></span> <span class='ocrx_word' id='word_1_171' title='bbox 1621 3054 1878 3104; x_wconf 92' lang='lat' dir='ltr'><strong>novum</strong></span> <span class='ocrx_word' id='word_1_172' title='bbox 1931 3038 2297 3124; x_wconf 87' lang='lat' dir='ltr'><strong>propterea</strong></span> <span class='ocrx_word' id='word_1_173' title='bbox 2350 3054 2778 3105; x_wconf 90' lang='lat' dir='ltr'><strong>emersurum</strong></span> <span class='ocrx_word' id='word_1_174' title='bbox 2817 3034 3111 3105; x_wconf 91' lang='lat' dir='ltr'><strong>bellum:</strong></span> <span class='ocrx_word' id='word_1_175' title='bbox 3170 3032 3354 3125; x_wconf 89' lang='lat' dir='ltr'><strong>quod</strong></span> <span class='ocrx_word' id='word_1_176' title='bbox 3391 3034 3703 3107; x_wconf 88' lang='lat' dir='ltr'><strong>Praelati</strong></span> <span class='ocrx_word' id='word_1_177' title='bbox 3740 3035 3969 3108; x_wconf 76' lang='lat' dir='ltr'><strong>et&#39;ba-</strong></span> 
     </span>
     <span class='ocr_line' id='line_1_27' title="bbox 881 3151 3970 3245; baseline 0.001 -20"><span class='ocrx_word' id='word_1_178' title='bbox 881 3174 1085 3226; x_wconf 89' lang='lat' dir='ltr'><strong>rones</strong></span> <span class='ocrx_word' id='word_1_179' title='bbox 1138 3152 1542 3243; x_wconf 86' lang='lat' dir='ltr'><strong>Hungariae</strong></span> <span class='ocrx_word' id='word_1_180' title='bbox 1597 3151 2010 3244; x_wconf 85' lang='lat' dir='ltr'><strong>intercipere</strong></span> <span class='ocrx_word' id='word_1_181' title='bbox 2063 3152 2360 3239; x_wconf 90' lang='lat' dir='ltr'><strong>soliciti,</strong></span> <span class='ocrx_word' id='word_1_182' title='bbox 2426 3173 2629 3243; x_wconf 90' lang='lat' dir='ltr'><strong>prece</strong></span> <span class='ocrx_word' id='word_1_183' title='bbox 2683 3159 2754 3225; x_wconf 87' lang='lat' dir='ltr'><strong>et</strong></span> <span class='ocrx_word' id='word_1_184' title='bbox 2807 3153 3039 3225; x_wconf 85' lang='lat' dir='ltr'><strong>studio</strong></span> <span class='ocrx_word' id='word_1_185' title='bbox 3096 3153 3438 3245; x_wconf 88' lang='lat' dir='ltr'><strong>singulari</strong></span> <span class='ocrx_word' id='word_1_186' title='bbox 3504 3154 3970 3245; x_wconf 88' lang='lat' dir='ltr'><strong>interpositis,</strong></span> 
     </span>
     <span class='ocr_line' id='line_1_28' title="bbox 883 3272 3973 3366; baseline 0.001 -20"><span class='ocrx_word' id='word_1_187' title='bbox 883 3294 1085 3366; x_wconf 89' lang='lat' dir='ltr'><strong>agere</strong></span> <span class='ocrx_word' id='word_1_188' title='bbox 1139 3293 1213 3345; x_wconf 90' lang='lat' dir='ltr'><strong>se</strong></span> <span class='ocrx_word' id='word_1_189' title='bbox 1268 3293 1425 3345; x_wconf 90' lang='lat' dir='ltr'><strong>cum</strong></span> <span class='ocrx_word' id='word_1_190' title='bbox 1479 3273 1825 3345; x_wconf 90' lang='lat' dir='ltr'><strong>Praelatis</strong></span> <span class='ocrx_word' id='word_1_191' title='bbox 1879 3279 1950 3345; x_wconf 87' lang='lat' dir='ltr'><strong>et</strong></span> <span class='ocrx_word' id='word_1_192' title='bbox 2000 3273 2380 3346; x_wconf 89' lang='lat' dir='ltr'><strong>baronibus</strong></span> <span class='ocrx_word' id='word_1_193' title='bbox 2436 3272 2768 3345; x_wconf 90' lang='lat' dir='ltr'><strong>Poloniae</strong></span> <span class='ocrx_word' id='word_1_194' title='bbox 2822 3276 3134 3344; x_wconf 86' lang='lat' dir='ltr'><strong>mutuam</strong></span> <span class='ocrx_word' id='word_1_195' title='bbox 3200 3274 3730 3347; x_wconf 90' lang='lat' dir='ltr'><strong>conventionem</strong></span> <span class='ocrx_word' id='word_1_196' title='bbox 3786 3275 3973 3348; x_wconf 84' lang='lat' dir='ltr'><strong>ordi-</strong></span> 
     </span>
     <span class='ocr_line' id='line_1_29' title="bbox 883 3391 3973 3485; baseline 0 -20"><span class='ocrx_word' id='word_1_197' title='bbox 883 3396 1176 3479; x_wconf 85' lang='lat' dir='ltr'><strong>narunt,</strong></span> <span class='ocrx_word' id='word_1_198' title='bbox 1246 3391 1674 3464; x_wconf 81' lang='lat' dir='ltr'><strong>differentias</strong></span> <span class='ocrx_word' id='word_1_199' title='bbox 1730 3398 1800 3465; x_wconf 88' lang='lat' dir='ltr'><strong>et</strong></span> <span class='ocrx_word' id='word_1_200' title='bbox 1855 3393 2255 3465; x_wconf 89' lang='lat' dir='ltr'><strong>simultates</strong></span> <span class='ocrx_word' id='word_1_201' title='bbox 2319 3393 2503 3464; x_wconf 91' lang='lat' dir='ltr'><strong>inter</strong></span> <span class='ocrx_word' id='word_1_202' title='bbox 2565 3393 2793 3484; x_wconf 90' lang='lat' dir='ltr'><strong>Reges</strong></span> <span class='ocrx_word' id='word_1_203' title='bbox 2848 3399 3158 3479; x_wconf 77' lang='lat' dir='ltr'><strong>exortaS,</strong></span> <span class='ocrx_word' id='word_1_204' title='bbox 3225 3393 3520 3484; x_wconf 86' lang='lat' dir='ltr'><strong>provida</strong></span> <span class='ocrx_word' id='word_1_205' title='bbox 3573 3395 3973 3485; x_wconf 87' lang='lat' dir='ltr'><strong>complana-</strong></span> 
     </span>
     <span class='ocr_line' id='line_1_30' title="bbox 884 3509 3975 3606; baseline 0 -21"><span class='ocrx_word' id='word_1_206' title='bbox 884 3513 1074 3586; x_wconf 94' lang='lat' dir='ltr'><strong>tione</strong></span> <span class='ocrx_word' id='word_1_207' title='bbox 1104 3509 1191 3601; x_wconf 79' lang='lat'><strong>3),</strong></span> <span class='ocrx_word' id='word_1_208' title='bbox 1246 3511 1654 3603; x_wconf 85' lang='lat' dir='ltr'><strong>priusquam</strong></span> <span class='ocrx_word' id='word_1_209' title='bbox 1726 3512 1913 3583; x_wconf 89' lang='lat' dir='ltr'><strong>Mars</strong></span> <span class='ocrx_word' id='word_1_210' title='bbox 1987 3513 2434 3600; x_wconf 85' lang='lat' dir='ltr'><strong>fervesceret,</strong></span> <span class='ocrx_word' id='word_1_211' title='bbox 2493 3511 2856 3583; x_wconf 89' lang='lat' dir='ltr'><strong>succisuri.</strong></span> <span class='ocrx_word' id='word_1_212' title='bbox 2932 3511 3371 3584; x_wconf 87' lang='lat' dir='ltr'><strong>Wladislaus</strong></span> <span class='ocrx_word' id='word_1_213' title='bbox 3426 3515 3583 3586; x_wconf 84' lang='lat' dir='ltr'><strong>Rex</strong></span> <span class='ocrx_word' id='word_1_214' title='bbox 3638 3534 3725 3587; x_wconf 82' lang='lat' dir='ltr'><strong>ex</strong></span> <span class='ocrx_word' id='word_1_215' title='bbox 3781 3514 3852 3586; x_wconf 88' lang='lat' dir='ltr'>N</span> <span class='ocrx_word' id='word_1_216' title='bbox 3855 3536 3975 3606; x_wconf 75' lang='lat' dir='ltr'><strong>ye-</strong></span> 
     </span>
    </p>
   </div>
   <div class='ocr_carea' id='block_1_8' title="bbox 885 3630 3977 3843">
    <p class='ocr_par' dir='ltr' id='par_1_8' title="bbox 885 3630 3977 3843">
     <span class='ocr_line' id='line_1_31' title="bbox 885 3630 3977 3724; baseline 0.001 -20"><span class='ocrx_word' id='word_1_217' title='bbox 885 3630 1267 3724; x_wconf 84' lang='lat' dir='ltr'><strong>polomicze</strong></span> <span class='ocrx_word' id='word_1_218' title='bbox 1326 3652 1450 3722; x_wconf 91' lang='lat' dir='ltr'><strong>per</strong></span> <span class='ocrx_word' id='word_1_219' title='bbox 1485 3630 1777 3719; x_wconf 91' lang='lat' dir='ltr'><strong>Lublin,</strong></span> <span class='ocrx_word' id='word_1_220' title='bbox 1835 3631 2182 3720; x_wconf 86' lang='lat' dir='ltr'><strong>Parczow,</strong></span> <span class='ocrx_word' id='word_1_221' title='bbox 2243 3633 2609 3719; x_wconf 83' lang='lat' dir='ltr'><strong>Brzescze,</strong></span> <span class='ocrx_word' id='word_1_222' title='bbox 2659 3635 3067 3723; x_wconf 87' lang='lat' dir='ltr'><strong>caeteraque</strong></span> <span class='ocrx_word' id='word_1_223' title='bbox 3119 3633 3272 3704; x_wconf 88' lang='lat' dir='ltr'><strong>loca</strong></span> <span class='ocrx_word' id='word_1_224' title='bbox 3317 3632 3529 3705; x_wconf 90' lang='lat' dir='ltr'><strong>solita</strong></span> <span class='ocrx_word' id='word_1_225' title='bbox 3566 3633 3641 3704; x_wconf 88' lang='lat' dir='ltr'><strong>in</strong></span> <span class='ocrx_word' id='word_1_226' title='bbox 3677 3633 3977 3706; x_wconf 89' lang='lat' dir='ltr'><strong>Lithua-</strong></span> 
     </span>
     <span class='ocr_line' id='line_1_32' title="bbox 888 3750 1493 3843; baseline -0.002 -20"><span class='ocrx_word' id='word_1_227' title='bbox 888 3752 1076 3824; x_wconf 90' lang='lat' dir='ltr'><strong>niam</strong></span> <span class='ocrx_word' id='word_1_228' title='bbox 1130 3750 1493 3843; x_wconf 89' lang='lat' dir='ltr'><strong>processit.</strong></span> 
     </span>
    </p>
   </div>
   <div class='ocr_carea' id='block_1_9' title="bbox 988 4104 3887 4195">
    <p class='ocr_par' dir='ltr' id='par_1_9' title="bbox 988 4104 3887 4195">
     <span class='ocr_line' id='line_1_33' title="bbox 988 4104 3887 4195; baseline 0.001 -19"><span class='ocrx_word' id='word_1_229' title='bbox 988 4105 1285 4178; x_wconf 78' lang='lat' dir='ltr'><strong>Procoros</strong></span> <span class='ocrx_word' id='word_1_230' title='bbox 1328 4106 1628 4177; x_wconf 75' lang='lat' dir='ltr'><strong>Poloniae</strong></span> <span class='ocrx_word' id='word_1_231' title='bbox 1675 4108 1744 4177; x_wconf 83' lang='lat' dir='ltr'><strong>ot</strong></span> <span class='ocrx_word' id='word_1_232' title='bbox 1786 4106 2150 4195; x_wconf 76' lang='lat' dir='ltr'><strong>Hungariae</strong></span> <span class='ocrx_word' id='word_1_233' title='bbox 2193 4106 2439 4177; x_wconf 78' lang='lat' dir='ltr'><strong>inrecta</strong></span> <span class='ocrx_word' id='word_1_234' title='bbox 2481 4121 2671 4195; x_wconf 72' lang='lat' dir='ltr'><strong>pace,</strong></span> <span class='ocrx_word' id='word_1_235' title='bbox 2718 4105 2888 4195; x_wconf 75' lang='lat' dir='ltr'><strong>quod</strong></span> <span class='ocrx_word' id='word_1_236' title='bbox 2930 4104 3140 4193; x_wconf 73' lang='lat' dir='ltr'><strong>noges</strong></span> <span class='ocrx_word' id='word_1_237' title='bbox 3185 4104 3476 4192; x_wconf 67' lang='lat' dir='ltr'><strong>obfuere,</strong></span> <span class='ocrx_word' id='word_1_238' title='bbox 3519 4105 3887 4180; x_wconf 62' lang='lat' dir='ltr'><strong>mendant.</strong></span> 
     </span>
    </p>
   </div>
   <div class='ocr_carea' id='block_1_10' title="bbox 899 4351 3989 4924">
    <p class='ocr_par' dir='ltr' id='par_1_10' title="bbox 899 4351 3989 4924">
     <span class='ocr_line' id='line_1_34' title="bbox 1105 4351 3983 4447; baseline 0.001 -24"><span class='ocrx_word' id='word_1_239' title='bbox 1105 4351 1347 4424; x_wconf 84' lang='lat' dir='ltr'><strong>Sancti</strong></span> <span class='ocrx_word' id='word_1_240' title='bbox 1402 4352 1720 4425; x_wconf 87' lang='lat' dir='ltr'><strong>Andreae</strong></span> <span class='ocrx_word' id='word_1_241' title='bbox 1783 4353 2111 4444; x_wconf 87' lang='lat' dir='ltr'><strong>Apostoli</strong></span> <span class='ocrx_word' id='word_1_242' title='bbox 2176 4354 2317 4440; x_wconf 89' lang='lat' dir='ltr'><strong>die,</strong></span> <span class='ocrx_word' id='word_1_243' title='bbox 2388 4352 2510 4444; x_wconf 88' lang='lat' dir='ltr'><strong>qui</strong></span> <span class='ocrx_word' id='word_1_244' title='bbox 2564 4353 2648 4423; x_wconf 87' lang='lat' dir='ltr'><strong>ad</strong></span> <span class='ocrx_word' id='word_1_245' title='bbox 2704 4352 3253 4423; x_wconf 86' lang='lat' dir='ltr'><strong>conveniendum</strong></span> <span class='ocrx_word' id='word_1_246' title='bbox 3316 4351 3688 4444; x_wconf 89' lang='lat' dir='ltr'><strong>utriusque</strong></span> <span class='ocrx_word' id='word_1_247' title='bbox 3751 4353 3983 4447; x_wconf 91' lang='lat' dir='ltr'><strong>Regni</strong></span> 
     </span>
     <span class='ocr_line' id='line_1_35' title="bbox 899 4471 3984 4565; baseline 0.001 -22"><span class='ocrx_word' id='word_1_248' title='bbox 899 4471 1323 4544; x_wconf 87' lang='lat' dir='ltr'><strong>consiliariis</strong></span> <span class='ocrx_word' id='word_1_249' title='bbox 1377 4472 1653 4563; x_wconf 89' lang='lat' dir='ltr'><strong>positus</strong></span> <span class='ocrx_word' id='word_1_250' title='bbox 1708 4475 1967 4561; x_wconf 87' lang='lat' dir='ltr'><strong>fuerat,</strong></span> <span class='ocrx_word' id='word_1_251' title='bbox 2034 4474 2516 4560; x_wconf 88' lang='lat' dir='ltr'><strong>illucescente,</strong></span> <span class='ocrx_word' id='word_1_252' title='bbox 2577 4473 2761 4562; x_wconf 84' lang='lat' dir='ltr'><strong>apud</strong></span> <span class='ocrx_word' id='word_1_253' title='bbox 2817 4471 3060 4543; x_wconf 88' lang='lat' dir='ltr'><strong>villam</strong></span> <span class='ocrx_word' id='word_1_254' title='bbox 3099 4471 3361 4544; x_wconf 86' lang='lat' dir='ltr'><strong>Lubicz</strong></span> <span class='ocrx_word' id='word_1_255' title='bbox 3396 4493 3611 4564; x_wconf 88' lang='lat' dir='ltr'><strong>prope</strong></span> <span class='ocrx_word' id='word_1_256' title='bbox 3649 4474 3984 4565; x_wconf 84' lang='lat' dir='ltr'><strong>oppidum</strong></span> 
     </span>
     <span class='ocr_line' id='line_1_36' title="bbox 900 4591 3981 4685; baseline 0 -22"><span class='ocrx_word' id='word_1_257' title='bbox 900 4593 1288 4664; x_wconf 86' lang='lat' dir='ltr'><strong>Keszmark</strong></span> <span class='ocrx_word' id='word_1_258' title='bbox 1316 4595 1378 4680; x_wconf 78' lang='lat'><strong>⁴)</strong></span> <span class='ocrx_word' id='word_1_259' title='bbox 1435 4592 1674 4680; x_wconf 87' lang='lat' dir='ltr'><strong>sitam,</strong></span> <span class='ocrx_word' id='word_1_260' title='bbox 1733 4598 2116 4665; x_wconf 88' lang='lat' dir='ltr'><strong>conventus</strong></span> <span class='ocrx_word' id='word_1_261' title='bbox 2172 4592 2730 4664; x_wconf 88' lang='lat' dir='ltr'><strong>consiliariorum</strong></span> <span class='ocrx_word' id='word_1_262' title='bbox 2779 4591 3147 4683; x_wconf 88' lang='lat' dir='ltr'><strong>utriusque</strong></span> <span class='ocrx_word' id='word_1_263' title='bbox 3184 4592 3445 4685; x_wconf 89' lang='lat' dir='ltr'><strong>Regni,</strong></span> <span class='ocrx_word' id='word_1_264' title='bbox 3503 4593 3840 4666; x_wconf 85' lang='lat' dir='ltr'><strong>Poloniae</strong></span> <span class='ocrx_word' id='word_1_265' title='bbox 3876 4594 3981 4664; x_wconf 95' lang='lat' dir='ltr'><strong>vi-</strong></span> 
     </span>
     <span class='ocr_line' id='line_1_37' title="bbox 902 4710 3986 4804; baseline 0.001 -20"><span class='ocrx_word' id='word_1_266' title='bbox 902 4712 1159 4785; x_wconf 85' lang='lat' dir='ltr'><strong>delicet</strong></span> <span class='ocrx_word' id='word_1_267' title='bbox 1213 4716 1282 4784; x_wconf 90' lang='lat' dir='ltr'><strong>et</strong></span> <span class='ocrx_word' id='word_1_268' title='bbox 1334 4712 1771 4804; x_wconf 88' lang='lat' dir='ltr'><strong>Hungariae,</strong></span> <span class='ocrx_word' id='word_1_269' title='bbox 1847 4717 1916 4784; x_wconf 92' lang='lat' dir='ltr'><strong>et</strong></span> <span class='ocrx_word' id='word_1_270' title='bbox 1990 4717 2332 4785; x_wconf 86' lang='lat' dir='ltr'><strong>tractatus</strong></span> <span class='ocrx_word' id='word_1_271' title='bbox 2406 4734 2529 4802; x_wconf 88' lang='lat' dir='ltr'><strong>pro</strong></span> <span class='ocrx_word' id='word_1_272' title='bbox 2601 4731 2768 4802; x_wconf 91' lang='lat' dir='ltr'><strong>pace</strong></span> <span class='ocrx_word' id='word_1_273' title='bbox 2832 4712 3016 4783; x_wconf 90' lang='lat' dir='ltr'><strong>inter</strong></span> <span class='ocrx_word' id='word_1_274' title='bbox 3080 4712 3308 4803; x_wconf 89' lang='lat' dir='ltr'><strong>Reges</strong></span> <span class='ocrx_word' id='word_1_275' title='bbox 3364 4710 3761 4801; x_wconf 85' lang='lat' dir='ltr'><strong>solidanda,</strong></span> <span class='ocrx_word' id='word_1_276' title='bbox 3836 4712 3986 4786; x_wconf 90' lang='lat' dir='ltr'><strong>fieri</strong></span> 
     </span>
     <span class='ocr_line' id='line_1_38' title="bbox 903 4830 3989 4924; baseline 0 -20"><span class='ocrx_word' id='word_1_277' title='bbox 903 4837 1188 4923; x_wconf 89' lang='lat' dir='ltr'><strong>coeptus</strong></span> <span class='ocrx_word' id='word_1_278' title='bbox 1245 4836 1373 4903; x_wconf 89' lang='lat' dir='ltr'><strong>est.</strong></span> <span class='ocrx_word' id='word_1_279' title='bbox 1432 4831 1690 4904; x_wconf 89' lang='lat' dir='ltr'><strong>Verum</strong></span> <span class='ocrx_word' id='word_1_280' title='bbox 1746 4853 1903 4904; x_wconf 88' lang='lat' dir='ltr'><strong>cum</strong></span> <span class='ocrx_word' id='word_1_281' title='bbox 1957 4833 2219 4924; x_wconf 87' lang='lat' dir='ltr'><strong>absque</strong></span> <span class='ocrx_word' id='word_1_282' title='bbox 2274 4834 2546 4924; x_wconf 91' lang='lat' dir='ltr'><strong>Regum</strong></span> <span class='ocrx_word' id='word_1_283' title='bbox 2601 4831 3000 4922; x_wconf 87' lang='lat' dir='ltr'><strong>praesentia</strong></span> <span class='ocrx_word' id='word_1_284' title='bbox 3052 4853 3191 4923; x_wconf 83' lang='lat' dir='ltr'><strong>pax</strong></span> <span class='ocrx_word' id='word_1_285' title='bbox 3230 4830 3511 4903; x_wconf 90' lang='lat' dir='ltr'><strong>stabilis</strong></span> <span class='ocrx_word' id='word_1_286' title='bbox 3550 4836 3620 4903; x_wconf 91' lang='lat' dir='ltr'><strong>et</strong></span> <span class='ocrx_word' id='word_1_287' title='bbox 3655 4831 3989 4905; x_wconf 81' lang='lat' dir='ltr'><strong>diuturna</strong></span> 
     </span>
    </p>
   </div>
   <div class='ocr_carea' id='block_1_11' title="bbox 905 4950 3990 5164">
    <p class='ocr_par' dir='ltr' id='par_1_11' title="bbox 905 4950 3990 5164">
     <span class='ocr_line' id='line_1_39' title="bbox 905 4950 3987 5043; baseline 0.001 -20"><span class='ocrx_word' id='word_1_288' title='bbox 905 4951 1224 5043; x_wconf 90' lang='lat' dir='ltr'><strong>componi</strong></span> <span class='ocrx_word' id='word_1_289' title='bbox 1287 4972 1424 5023; x_wconf 92' lang='lat' dir='ltr'><strong>non</strong></span> <span class='ocrx_word' id='word_1_290' title='bbox 1487 4957 1757 5042; x_wconf 89' lang='lat' dir='ltr'><strong>posset,</strong></span> <span class='ocrx_word' id='word_1_291' title='bbox 1832 4953 2362 5026; x_wconf 91' lang='lat' dir='ltr'><strong>conventionem</strong></span> <span class='ocrx_word' id='word_1_292' title='bbox 2417 4953 2687 5043; x_wconf 90' lang='lat' dir='ltr'><strong>Regum</strong></span> <span class='ocrx_word' id='word_1_293' title='bbox 2742 4952 3175 5042; x_wconf 89' lang='lat' dir='ltr'><strong>personalem</strong></span> <span class='ocrx_word' id='word_1_294' title='bbox 3227 4972 3351 5042; x_wconf 93' lang='lat' dir='ltr'><strong>pro</strong></span> <span class='ocrx_word' id='word_1_295' title='bbox 3408 4950 3987 5043; x_wconf 78' lang='lat' dir='ltr'><strong>Quadragesimae</strong></span> 
     </span>
     <span class='ocr_line' id='line_1_40' title="bbox 908 5070 3990 5164; baseline 0.001 -23"><span class='ocrx_word' id='word_1_296' title='bbox 908 5071 1130 5143; x_wconf 88' lang='lat' dir='ltr'><strong>medio</strong></span> <span class='ocrx_word' id='word_1_297' title='bbox 1184 5070 1259 5142; x_wconf 94' lang='lat' dir='ltr'><strong>in</strong></span> <span class='ocrx_word' id='word_1_298' title='bbox 1315 5070 1627 5143; x_wconf 86' lang='lat' dir='ltr'><strong>Czorstin</strong></span> <span class='ocrx_word' id='word_1_299' title='bbox 1685 5077 1756 5143; x_wconf 93' lang='lat' dir='ltr'><strong>et</strong></span> <span class='ocrx_word' id='word_1_300' title='bbox 1810 5072 2002 5144; x_wconf 88' lang='lat' dir='ltr'><strong>Villa</strong></span> <span class='ocrx_word' id='word_1_301' title='bbox 2055 5073 2346 5164; x_wconf 87' lang='lat' dir='ltr'><strong>antiqua</strong></span> <span class='ocrx_word' id='word_1_302' title='bbox 2400 5072 2696 5144; x_wconf 86' lang='lat' dir='ltr'><strong>fiendam</strong></span> <span class='ocrx_word' id='word_1_303' title='bbox 2735 5070 3151 5156; x_wconf 87' lang='lat' dir='ltr'><strong>instituunt,</strong></span> <span class='ocrx_word' id='word_1_304' title='bbox 3209 5075 3279 5142; x_wconf 91' lang='lat' dir='ltr'><strong>et</strong></span> <span class='ocrx_word' id='word_1_305' title='bbox 3314 5071 3578 5162; x_wconf 90' lang='lat' dir='ltr'><strong>Regem</strong></span> <span class='ocrx_word' id='word_1_306' title='bbox 3615 5074 3990 5163; x_wconf 88' lang='lat' dir='ltr'><strong>utrumque</strong></span> 
     </span>
    </p>
   </div>
   <div class='ocr_carea' id='block_1_12' title="bbox 911 5337 3991 5529">
    <p class='ocr_par' dir='ltr' id='par_1_12' title="bbox 911 5337 3991 5529">
     <span class='ocr_line' id='line_1_41' title="bbox 1126 5337 3991 5427; baseline -0.001 -20"><span class='ocrx_word' id='word_1_307' title='bbox 1126 5346 1172 5427; x_wconf 93' lang='lat'><strong>¹)</strong></span> <span class='ocrx_word' id='word_1_308' title='bbox 1219 5350 1460 5410; x_wconf 83' lang='lat' dir='ltr'><strong>Brzezie</strong></span> <span class='ocrx_word' id='word_1_309' title='bbox 1494 5344 1646 5414; x_wconf 79' lang='lat' dir='ltr'><strong>Cod.</strong></span> <span class='ocrx_word' id='word_1_310' title='bbox 1677 5346 1871 5411; x_wconf 84' lang='lat' dir='ltr'><strong>Rozr.</strong></span> <span class='ocrx_word' id='word_1_311' title='bbox 1922 5346 1975 5427; x_wconf 83' lang='lat'><strong>²)</strong></span> <span class='ocrx_word' id='word_1_312' title='bbox 2003 5350 2062 5408; x_wconf 85' lang='lat' dir='ltr'>N</span> <span class='ocrx_word' id='word_1_313' title='bbox 2065 5348 2286 5408; x_wconf 89' lang='lat' dir='ltr'><strong>iesowa</strong></span> <span class='ocrx_word' id='word_1_314' title='bbox 2320 5341 2470 5407; x_wconf 78' lang='lat' dir='ltr'><strong>Cod.</strong></span> <span class='ocrx_word' id='word_1_315' title='bbox 2502 5343 2680 5406; x_wconf 76' lang='lat' dir='ltr'><strong>Kost.</strong></span> <span class='ocrx_word' id='word_1_316' title='bbox 2714 5341 2767 5423; x_wconf 71' lang='grc'><strong>3)</strong></span> <span class='ocrx_word' id='word_1_317' title='bbox 2800 5342 3291 5419; x_wconf 87' lang='lat' dir='ltr'><strong>contemplatione</strong></span> <span class='ocrx_word' id='word_1_318' title='bbox 3325 5337 3479 5405; x_wconf 81' lang='lat' dir='ltr'><strong><em>Cod.</em></strong></span> <span class='ocrx_word' id='word_1_319' title='bbox 3508 5339 3704 5406; x_wconf 78' lang='lat' dir='ltr'><strong>Rozr.</strong></span> <span class='ocrx_word' id='word_1_320' title='bbox 3738 5341 3795 5425; x_wconf 83' lang='lat'><strong>⁴)</strong></span> <span class='ocrx_word' id='word_1_321' title='bbox 3824 5345 3991 5405; x_wconf 83' lang='lat' dir='ltr'><strong>Kios-</strong></span> 
     </span>
     <span class='ocr_line' id='line_1_42' title="bbox 911 5447 1539 5529; baseline 0 -17"><span class='ocrx_word' id='word_1_322' title='bbox 911 5452 1120 5529; x_wconf 86' lang='lat' dir='ltr'><strong>margk</strong></span> <span class='ocrx_word' id='word_1_323' title='bbox 1166 5447 1317 5514; x_wconf 80' lang='lat' dir='ltr'><strong>Cod.</strong></span> <span class='ocrx_word' id='word_1_324' title='bbox 1362 5450 1539 5513; x_wconf 76' lang='lat' dir='ltr'><strong>Kost.</strong></span> 
     </span>
    </p>
   </div>
  </div>
 </body>
</html>
