4342 6384
923 518 1070 600 568
2059 545 2287 599 mmm
2338 539 2849 599 11110110οω110.
3455 516 3591 621 (Α.
3634 517 3729 595 D.
3770 514 4002 619 143⁵.)

1271 854 1632 928 conventio
1671 854 1742 926 111
1787 854 2167 943 Brzesczso,
2210 854 2280 925 111
2326 870 2454 943 qua
2499 870 2633 944 pax
2676 869 2819 926 cun
2864 852 3205 926 cruciferis
3248 852 3675 926 concluditur.

1121 1096 1336 1170 Festo
1393 1094 1635 1170 Sancti
1697 1093 1979 1169 Nicolai
2051 1093 2497 1183 adveniente,
2572 1098 2853 1168 tenetur
2914 1094 2989 1167 in
3054 1093 3307 1187 oppido
3360 1094 3751 1185 Brzesczye
3816 1092 3997 1165 iuxta

916 1221 1256 1291 conventa
1309 1214 1658 1309 generalis
1711 1236 1836 1308 pro
1891 1235 2060 1306 pace
2114 1214 2483 1287 conventio
2502 1270 2518 1302 ,
2576 1214 2665 1286 ad
2718 1235 2927 1305 quam
2992 1236 3285 1308 magnus
3340 1234 3673 1287 numerus
3728 1213 3993 1289 Pruna

915 1342 1146 1411 torum
1201 1341 1269 1411 et
1321 1337 1658 1410 baronum
1715 1335 1975 1427 Regni,
2033 1334 2154 1408 sed
2210 1340 2281 1408 et
2334 1334 2566 1406 nuntii
2622 1334 2971 1407 notabiles
3020 1334 3234 1406 Ducis
3272 1334 3511 1428 Magni
3547 1334 3993 1428 Sigismundi,

915 1460 1186 1532 Ducum
1242 1456 1622 1545 Masoviae,
1679 1454 1897 1528 Ducis
1955 1436 2351 1546 Stolpensis
2416 1458 2583 1528 tunc
2636 1475 2794 1527 cum
2832 1456 3074 1547 Regno
3128 1454 3462 1529 Poloniae
3514 1458 3993 1545 confoederati,

913 1582 1402 1653 convenerant.
1485 1575 1647 1649 Non
1711 1576 1898 1649 enim
1961 1574 2300 1648 victoriae
2366 1575 2746 1667 superioris
2800 1574 3139 1648 felicitate
3194 1574 3448 1648 Poloni
3500 1576 3702 1665 elati,
3770 1598 3993 1669 pacem

916 1698 1401 1785 fastidiebant,
1460 1696 1581 1771 sed
1634 1700 1804 1768 tunc
1857 1694 2159 1767 maxime
2214 1695 2299 1767 de
2335 1714 2504 1786 pace
2558 1694 2902 1785 agendum
2955 1695 3333 1786 putabant,
3390 1716 3549 1769 cum
3602 1717 3717 1769 res
3772 1717 3991 1770 eorum

910 1823 1146 1892 essent
1199 1818 1274 1891 in
1327 1814 1602 1889 meliori
1666 1820 1736 1888 et
1788 1814 2028 1886 altiori
2083 1814 2386 1886 fortuna.
2462 1814 2817 1887 Venerunt
2871 1814 3218 1905 siquidem
3283 1814 3438 1889 illic
3491 1816 3839 1889 Albertus
3890 1818 3989 1889 Ia·

912 1938 1384 2029 struambyecz
1450 1934 2013 2025 archiepiscopus
2079 1933 2507 2007 Gnesnensis
2574 1938 2645 2007 et
2706 1932 3015 2022 Primae,
3092 1933 3437 2027 Sbigneus
3499 1934 3991 2023 cracoviensis,

912 2056 1311 2130 Stanislaus
1375 2052 1876 2128 Posnaniensis
1941 2054 2121 2145 (iam
2178 2052 2362 2126 00110
2429 2074 2515 2127 ex
2571 2053 2882 2126 Concilio
2939 2053 3323 2128 Basiliensi
3384 2054 3749 2145 redierat),
3807 2055 3990 2129 Wla·

912 2176 1181 2249 dislaus
1243 2172 1898 2262 Wladislaviensis,
1974 2174 2376 2246 Stanislaus
2442 2172 2839 2261 Plocensis,
2906 2174 3250 2266 episcopi3
3323 2172 3391 2246 N
3394 2174 3663 2247 icolaus
3730 2174 3819 2247 de
3874 2174 3989 2247 Mi-

914 2296 1177 2369 chalow
1244 2293 1672 2369 castellanus
1727 2291 2241 2381 CracoviensiS,
2298 2293 2649 2367 Iohannes
2704 2292 2789 2365 de
2844 2292 3241 2384 cziszow1)
3294 2294 3683 2385 palatinus,
3742 2295 3988 2368 Dobes·

908 2417 1068 2489 laus
1122 2415 1207 2489 de
1244 2412 1698 2488 Oleschnicza
1752 2413 2181 2486 castellanus
2229 2411 2847 2501 SandomiriensiS,
2907 2413 3413 2506 Dobrogostius
3450 2414 3534 2487 de
3564 2411 3989 2487 Schamotuli

909 2537 1339 2609 castellanus
1403 2531 1937 2621 Posnaniensis,
2005 2538 2076 2605 et
2127 2531 2255 2604 alii
2306 2532 2571 2623 plures.
2648 2533 2757 2605 Ex
2811 2537 3011 2624 parte
3063 2554 3227 2607 vero
3290 2532 3613 2626 Magistri
3666 2533 3987 2607 Prussiae

907 2660 1246 2731 venerant
1297 2652 1720 2728 Franciscus
1756 2651 2255 2740 Warmiensis,
2312 2652 2661 2726 Iohannes
2714 2651 3353 2741 PomesaniennsiS,
3410 2652 3755 2745 episcopi3
3810 2653 3985 2726 Hen-

906 2777 1095 2851 ricus
1149 2777 1235 2849 de
1287 2776 1573 2847 Plawen
1624 2771 2108 2865 Elbingensis,
2165 2770 2567 2845 Ludovicus
2624 2771 2709 2845 de
2760 2772 3081 2845 Lansche
3110 2770 3173 2861 ²)
3228 2773 3734 2861 ThomnensiS,
3784 2772 3991 2845 Wolff

907 2898 991 2971 de
1030 2897 1299 2971 Sansen
1327 2892 1390 2983 ³)
1445 2892 1963 2980 osterodensis,
2003 2891 2352 2965 Iohannes
2408 2892 2493 2964 de
2529 2890 2787 2963 Baisen
2833 2892 3069 2980 miles,
3125 2891 3474 2965 Iohannes
3522 2892 3608 2964 de
3644 2892 3907 2985 Megow
3924 2892 3981 2981 ⁴)

904 3016 1120 3089 iudex
1173 3012 1598 3101 Culmensis,
1668 3011 2160 3105 sigismundus
2225 3012 2309 3085 de
2362 3010 2732 3103 Wapilsch
2761 3010 2823 3100 5)
2888 3011 3248 3085 vexillifer
3299 3010 3877 3105 Kristburgensis
3902 3012 3981 3099 θ),

907 3142 978 3210 et
1031 3134 1157 3208 alii
1211 3155 1418 3225 quam
1471 3132 1709 3225 plures
1764 3130 2399 3219 commendatores„
2456 3130 2721 3203 milites
2778 3137 2847 3203 et
2884 3132 3192 3203 omnium
3230 3131 3570 3205 maiorum
3626 3132 3981 3205 civitatum

904 3254 1238 3330 Prussiae
1293 3252 1638 3327 consules.
1696 3252 2188 3326 Absumuntur
2239 3254 2315 3323 in
2366 3251 2561 3343 pacis
2614 3256 2993 3343 perpetuae
3045 3256 3353 3325 tractatu
3406 3251 3647 3343 plures
3702 3251 3885 3339 dies,
3920 3256 3983 3323 et

903 3379 1188 3470 propter
1240 3372 1730 3446 difficultatem
1786 3377 1856 3445 et
1911 3369 2510 3462 multiplicitatem
2566 3370 3114 3444 differentiarum
3167 3392 3278 3445 res
3332 3371 3407 3444 111
3444 3392 3597 3445 eam
3653 3370 3983 3463 suspicio-

899 3517 1061 3570 nem
1115 3497 1436 3583 venerat,
1492 3498 1574 3565 ut
1628 3512 1768 3585 pax
1821 3506 2159 3583 perpetua
2213 3497 2381 3563 tunc
2436 3492 2845 3565 nullatenus
2900 3492 3222 3565 concludi
3275 3491 3657 3585 potuisset:
3714 3497 3983 3584 propter

901 3616 1085 3710 quod
1141 3634 1378 3687 omnes
1434 3613 1574 3687 fere
1607 3613 1926 3701 barones,
1981 3611 2225 3703 paucis
2265 3611 2603 3703 exceptis,
2662 3611 2797 3683 duo
2837 3616 3070 3685 autem
3109 3612 3449 3704 episcopi,
3487 3610 3981 3684 Posnaniensis

902 3741 974 3810 et
1026 3733 1421 3822 PlocensiS,
1479 3737 1551 3806 et
1602 3732 1812 3804 multi
1867 3732 2164 3805 maiores
2219 3732 2512 3804 barones
2569 3731 2797 3804 taedio
2853 3731 3117 3820 affecti,
3176 3732 3577 3821 discedunt,
3645 3736 3980 3824 potestate

901 3857 1097 3945 aliis,
1157 3854 1278 3946 qui
1332 3872 1570 3926 omnes
1627 3852 1777 3925 vias
1831 3873 1957 3943 pro
2011 3872 2180 3942 pace
2234 3854 2504 3924 tentare
2556 3852 2875 3924 volentes
2906 3852 2969 3941 7)
3022 3854 3530 3940 remanserant,
3587 3851 3675 3924 de
3712 3850 3979 3925 conclu·

901 3976 1124 4050 denda
1183 3994 1352 4065 pace
1415 3974 1752 4063 perpetua
1815 3972 2074 4044 collata
2102 3970 2190 4061 Β).
2276 3970 2637 4043 Diminuto
2701 3971 2939 4063 itaque
3005 3992 3291 4045 numero
3361 3972 3845 4045 Praelatorum
3916 3974 3979 4042 et

901 4097 1271 4183 baronum,
1330 4096 1400 4163 et
1451 4112 1526 4163 re
1581 4090 1669 4163 ad
1722 4111 1980 4182 paucos
2037 4091 2122 4163 ab
2158 4096 2459 4182 utraque
2512 4095 2709 4183 parte
2764 4091 3072 4179 reda-cta,
3131 4090 3459 4182 quoniam
3515 4096 3585 4164 et
3620 4112 3786 4184 pars
3820 4090 3979 4163 cru-

898 4216 1266 4289 ciferorum
1323 4211 1562 4303 plures
1618 4211 1702 4283 de
1757 4210 1906 4283 suis
1961 4210 2356 4300 remiserat,
2427 4210 2609 4283 etin
2644 4210 2893 4301 primis
2948 4210 3383 4283 Ludovicum
3439 4212 3523 4285 de
3576 4211 3897 4283 Lansche
3922 4208 3979 4297 ⁹)

898 4336 1420 4408 Thorunensem
1474 4330 2139 4419 Commendatorem,
2198 4351 2405 4421 quem
2460 4330 2690 4403 animo
2746 4330 3043 4421 superbo
3110 4336 3181 4403 et
3232 4331 3477 4403 inflato
3534 4332 3724 4403 fastu
3781 4328 3977 4401 intel-

891 4454 1208 4549 ligebant
1261 4450 1443 4524 nihil
1494 4469 1701 4542 posse
1755 4450 1842 4521 ad
1895 4470 2133 4541 pacem
2190 4451 2353 4522 dare
2409 4451 2669 4542 operiS,
2727 4450 3015 4523 liberior
3072 4450 3350 4523 tandem
3408 4454 3477 4523 et
3516 4450 3791 4523 facilior
3842 4454 3973 4521 tra·

894 4580 1126 4650 ctatus
1183 4573 1267 4646 de
1320 4591 1488 4663 pace
1541 4568 1784 4643 haberi
1838 4576 2126 4662 coeptus
2182 4578 2313 4643 est.
2370 4572 2462 4642 Et
2501 4571 2665 4662 quia
2718 4571 2801 4643 de
2840 4572 3031 4643 Duce
3089 4569 3446 4661 Stolpensi
3502 4574 3573 4641 et
3626 4568 3973 4642 nobilibus

893 4693 1394 4771 Wedlensibus
1449 4696 1520 4763 et
1573 4690 1737 4763 aliis
1792 4690 2037 4762 multis
2092 4691 2178 4763 de
2231 4690 2549 4783 Antiqua
2602 4691 2943 4779 Marchia,
3002 4690 3124 4781 qui
3178 4690 3252 4763 in
3306 4689 3511 4761 fidem
3566 4693 3637 4762 et
3692 4689 3967 4761 societa-

889 4822 1032 4891 tem
1088 4812 1319 4907 Regni
1382 4809 1716 4884 Poloniae
1771 4812 2229 4903 confugerant
2283 4811 2459 4883 etin
2518 4810 2842 4883 omnibus
2896 4808 3240 4883 anteactis
3292 4809 3504 4881 bellis
3558 4830 3685 4899 pro
3740 4810 3964 4900 Regno

1100 5124 1148 5205 1)
1193 5124 1443 5200 Ozysow
1511 5118 1666 5185 0001.
1741 5116 1919 5183 Calv.
1995 5120 2261 5181 Cziczow
2325 5116 2453 5182 Ed.
2518 5116 2697 5203 Εὗρε.
2790 5117 2844 5199 ²)
2888 5116 3135 5179 Lawsze
3198 5112 3327 5178 Ed.
3391 5113 3572 5197 Lips.
3634 5112 3961 5193 (Iaandsee).

885 5230 936 5311 ²)
977 5228 1282 5292 Schausen
1330 5221 1484 5289 C'od.
1529 5222 1706 5288 Kost.
1774 5224 2076 5302 Saphssen
2124 5218 2277 5286 cod.
2322 5220 2459 5285 Lis.
2518 5222 2746 5283 Sausen
2790 5218 2916 5283 Ed.
2960 5215 3144 5302 Lips.
3212 5217 3592 5297 (Sansheim).
3679 5214 3739 5297 ⁴)
3784 5218 3963 5293 Mgov

889 5326 1044 5394 Cod.
1089 5327 1268 5391 Kost.
1346 5327 1398 5407 ⁵)
1444 5327 1712 5405 Wapilcz
1755 5324 1884 5391 Ed.
1931 5324 2114 5409 Lips.
2169 5325 2476 5405 (Wazels).
2551 5322 2605 5405 ⁶)
2650 5324 3107 5400 Krisburgensis
3156 5316 3309 5385 cod.
3353 5318 3489 5383 Lis.
3568 5318 3623 5401 ²)
3664 5328 3735 5380 ut
3774 5336 3963 5381 omncs

887 5436 1016 5497 vias
1059 5450 1168 5511 pro
1213 5430 1618 5506 componenda
1645 5449 1793 5506 pace
1837 5434 2133 5491 tentarent
2180 5423 2333 5492 cod.
2366 5424 2501 5490 Lis.
2550 5424 2607 5508 ε1)
2652 5428 2810 5487 data.
2839 5419 2993 5488 cod.
3024 5421 3160 5487 Lis.
3206 5422 3260 5503 ⁹)
3306 5423 3595 5485 Lawsche
3636 5419 3767 5486 Ed.
3797 5418 3964 5504 Lips.
