4342 6384
352 562 489 667 (A.
527 565 619 643 D.
658 566 891 669 1431.)
1519 592 1750 646 murm
1800 592 2260 647 macutus.
3299 570 3448 645 467

350 774 554 864 bant,
614 774 825 849 etiam
877 776 1075 868 prius
1140 782 1213 851 et
1274 782 1648 871 postquam
1702 778 2061 871 expiraret
2130 782 2439 870 (rectene
2490 798 2580 850 an
2635 796 2998 869 perperam
3014 832 3031 866 ,
3109 776 3461 851 incertum

356 897 521 986 est),
580 896 782 988 quasi
837 917 1103 970 veneno
1159 898 1439 971 sublata
1494 899 1708 973 fuerit
1747 901 1825 988 ¹).
1887 900 2081 991 Quod
2138 905 2208 972 et
2253 898 2411 990 ipsa
2446 898 2585 971 sibi
2638 897 3032 971 innotuisse
3079 896 3329 969 multis
3365 897 3454 971 li·

346 1015 592 1089 berius
648 1018 1068 1109 querebatur
1121 1017 1435 1107 indiciis3
1494 1024 1737 1113 rogata
1791 1025 2025 1093 tamen
2078 1024 2149 1093 et
2185 1040 2228 1091 a
2263 1017 2601 1091 matronis
2657 1016 3278 1091 circumstantibus
3316 1017 3452 1091 fre·

351 1136 595 1228 quenti
656 1137 1128 1211 admonitione
1192 1138 1575 1228 solicitata,
1672 1142 1991 1214 consulto
2054 1139 2378 1233 perprius
2444 1140 2837 1212 confessore
2913 1159 3075 1226 sue,
3150 1138 3450 1211 Doctore

350 1256 665 1331 Iohanne
717 1257 802 1332 de
856 1258 1117 1351 Elgoth
1170 1258 1514 1333 canonico
1568 1261 2043 1349 cracoviensi,
2099 1282 2190 1333 ne
2245 1264 2486 1333 contra
2539 1264 2842 1333 mentem
2897 1258 3155 1346 eundo,
3212 1256 3444 1350 inqui-

349 1381 548 1450 naret
600 1398 677 1451 se
715 1378 1017 1451 facinore
1071 1400 1199 1451 suo
1216 1436 1233 1468 ‚
1292 1381 1378 1455 de
1429 1380 1724 1454 consilio
1782 1403 1909 1453 suo
1938 1378 2001 1471 2)
2058 1386 2131 1455 et
2183 1379 2600 1467 annuentia,
2657 1398 3002 1453 rumorem
3040 1379 3455 1469 praefatum,

359 1496 489 1568 sub
546 1496 905 1571 audientia
959 1498 1170 1571 etiam
1210 1500 1499 1593 Sbignei
1536 1501 1847 1594 episcopi
1894 1500 2374 1575 Cracoviensis
2411 1503 2483 1572 et
2521 1500 2901 1571 multorum
2939 1497 3270 1585 aliorum,
3328 1519 3455 1589 pu-

354 1616 543 1689 blice
596 1617 951 1710 purgavit.
1009 1619 1115 1691 Id·
1150 1622 1385 1693 autem
1440 1642 1783 1696 venenum
1820 1620 2186 1715 privignae
2224 1620 2532 1712 Hedvigi
2569 1618 2840 1713 Regina
2877 1616 3172 1709 Sophia,
3230 1638 3273 1688 a
3307 1618 3456 1709 ple-

346 1736 619 1829 risque,
700 1737 1230 1812 administrasse
1300 1760 1455 1841 per,
1486 1741 1779 1814 feminas
1834 1748 1905 1815 et
1956 1746 2311 1814 matronas
2367 1740 2480 1812 sui
2533 1738 2864 1812 facinoris
2929 1736 3278 1825 conscias,
3347 1758 3456 1809 as-

348 1856 646 1929 seritur:
705 1861 789 1929 ut
840 1857 1013 1931 filiis
1068 1861 1218 1933 suis
1274 1860 1666 1934 Wladislao
1704 1867 1777 1935 et
1813 1862 2208 1949 Kazimiro,
2276 1863 2597 1954 Regnum
2662 1856 2996 1931 Poloniae
3051 1856 3276 1950 magis
3331 1878 3453 1929 va-

348 1997 557 2050 cuum
594 1980 666 2049 et
701 1977 1141 2067 expeditiuS‚
1181 1979 1477 2053 haerede
1516 1982 1830 2071 sublata,
1870 2002 2157 2075 magnos
2197 1984 2468 2054 favores
2498 1979 2683 2071 apud
2710 1978 3085 2070 populares
3123 1976 3454 2066 habente,

348 2097 675 2170 efficeret.
731 2096 952 2169 Extat
1006 2098 1157 2171 eius
1214 2100 1652 2193 epitaphium
1706 2122 1829 2195 per
1866 2101 2093 2175 Adam
2133 2102 2418 2175 Swinka
2453 2100 2877 2175 canonicum
2930 2096 3456 2171 cracoviensem

346 2216 652 2304 editum,
709 2217 914 2290 cuius
968 2218 1141 2291 talis
1196 2223 1305 2293 est
1358 2222 1611 2294 forma:

905 2456 1236 2539 Virginum
1279 2478 1319 2523 o
1362 2458 1571 2543 iubar,
1615 2479 1655 2524 0
1696 2458 1919 2544 inclyti
1962 2458 2168 2543 gloria
2208 2460 2444 2544 Regni,

904 2560 1138 2643 Aquila
1179 2560 1349 2645 quod
1389 2561 1594 2628 niveis
1636 2561 1861 2628 lustrat
1902 2563 1969 2627 in
2011 2582 2291 2648 purpura
2331 2562 2586 2647 pennis,

904 2664 1140 2729 Laetus
1183 2664 1333 2730 olim
1378 2666 1577 2733 cecini
1618 2666 1826 2732 Pierio
1870 2667 2147 2733 carmine
2189 2666 2414 2733 laudes

904 2765 1154 2852 Inclyta
1194 2766 1375 2850 virgo
1418 2774 1588 2852 tuas,
1632 2768 1782 2834 dum
1829 2775 1891 2835 te
1934 2789 2314 2853 consurgere
2358 2768 2653 2852 gemmis,

906 2868 1235 2935 Stellatem
1278 2868 1561 2955 floribus,
1607 2871 1778 2937 fulvo
1822 2871 2071 2939 radiare
2114 2872 2217 2939 vel
2260 2892 2442 2955 auro,

908 2971 1197 3056 Sydereo
1240 2972 1415 3038 vultu
1460 2972 1666 3059 (ratus
1710 2974 1915 3041 Deam
1960 2973 2131 3057 esse)
2179 2974 2473 3040 mirabar.

906 3074 1090 3140 Nunc
1132 3095 1279 3141 mea
1320 3073 1606 3159 Calliope
1651 3075 1921 3143 attonita
1961 3076 2191 3161 pollice
2235 3076 2464 3161 chelyn

908 3176 993 3243 Se
1037 3177 1263 3261 quatit,
1308 3176 1431 3244 heu
1474 3177 1653 3245 triste
1697 3184 1907 3262 sonat,
1954 3178 2104 3262 heu,
2151 3178 2449 3263 cymbala
2489 3178 2838 3263 planctum,

906 3280 1201 3364 Lyraque
1244 3279 1357 3346 dat
1399 3280 1731 3363 gemitum3
1776 3280 1929 3347 dum
1970 3280 2166 3365 impio
2209 3282 2470 3347 vulnere
2513 3281 2732 3346 mortis

909 3381 1188 3467 Occidis,
1236 3389 1301 3447 et
1341 3386 1592 3449 nostros
1638 3380 1899 3448 obducis
1940 3382 2195 3449 fletibus
2240 3383 2457 3449 orbes:

907 3484 1068 3550 Cum
1110 3483 1335 3550 funera
1376 3482 1615 3551 ducens
1659 3484 1935 3552 mediam
1979 3485 2343 3569 lacrymosa
2384 3504 2498 3569 per
2541 3485 2759 3551 urbem
2772 3535 2789 3568 ,

904 3585 1293 3671 Bellipotens
1337 3588 1585 3669 genitor
1628 3587 1876 3670 gelidos
1921 3587 2354 3670 complectitur
2399 3594 2599 3672 artus,

906 3690 991 3756 Et
1036 3688 1278 3757 vellens
1322 3690 1556 3755 nitidos
1601 3688 1747 3755 divo
1792 3687 1875 3756 de
1918 3690 2150 3756 vertice
2197 3710 2390 3756 canos
2402 3741 2419 3774 ,

906 3792 1135 3859 Pectus
1180 3792 1455 3878 suspirat
1498 3810 1777 3878 sacrum,
1822 3792 2156 3875 vultusque
2202 3792 2438 3859 seniles

904 3894 1137 3978 Irrigat
1178 3894 1504 3979 lacrymis,
1550 3894 2022 3980 spatiosumque
2064 3894 2350 3980 increpat
2392 3914 2646 3977 aevum3

906 3998 1056 4064 Alta
1098 4003 1383 4064 maerent
1423 3998 1613 4083 atria,
1656 3998 1876 4080 lugent
1916 3998 2302 4081 iuvenesque
2346 4018 2684 4082 senesque,

904 4100 989 4165 Et
1030 4101 1286 4185 vulgus,
1330 4119 1748 4185 proceresque
1791 4105 2081 4184 gemunt,
2126 4106 2362 4168 matres
2405 4120 2722 4184 nurusque
2768 4108 3136 4185 sequuntur,

905 4201 1186 4284 Virginis
1232 4208 1298 4269 et
1338 4210 1553 4293 castae
1597 4202 1886 4286 quatiunt
1925 4203 2229 4285 plangore
2273 4204 2563 4271 lacertos.

904 4306 1196 4387 Dumque
1240 4311 1454 4371 manet
1496 4323 1749 4389 corpus,
1800 4324 2025 4389 corpus
2070 4304 2155 4371 ad
2198 4312 2457 4388 pectora
2496 4313 2815 4391 pressant,

904 4408 1287 4490 Effusaeque
1330 4408 1538 4473 iacent
1580 4408 1843 4492 tumulo,
1889 4406 2045 4473 dant
2088 4409 2306 4474 oscula
2350 4427 2533 4493 saxo,

904 4509 1269 4576 Fundentes
1312 4509 1655 4593 lacrymas,
1701 4510 1946 4577 coelum
1988 4510 2260 4595 replere,
2305 4509 2620 4585 dicentes:

904 4613 961 4679 Ο
1006 4610 1233 4679 decus!
1278 4632 1317 4677 o
1359 4612 1641 4695 requies!
1685 4611 2157 4695 grandaevique
2203 4613 2410 4695 gloria
2449 4614 2676 4698 patris,

904 4716 961 4782 Ο
1006 4716 1331 4799 speculum
1372 4717 1647 4780 morum!
1692 4713 2127 4799 castitatisque
2171 4715 2544 4798 smaragde!

906 4817 961 4885 Ο
1006 4817 1204 4882 lilium
1249 4815 1561 4883 candens!
1607 4836 1644 4881 0
1690 4816 1899 4901 campi
1941 4816 2113 4883 viola
2153 4815 2480 4899 fi'agrans!

902 4917 1197 4986 Puniceis
1242 4918 1402 4984 rosis
1447 4937 1767 5002 nunquam
1810 4938 2065 4985 cessure
2106 4917 2479 5005 hyacinthe:

906 5022 1046 5101 Quo
1090 5021 1247 5087 abiit
1289 5020 1479 5087 decor
1519 5020 1629 5087 ille
1670 5027 1841 5105 tuus,
1888 5041 2011 5104 quo
2054 5021 2161 5087 ille
2207 5041 2515 5103 genarum

902 5124 1231 5194 Abscessit
1272 5124 1510 5206 fulgor!
1555 5143 1679 5208 quo
1726 5123 1913 5190 lactei
1956 5123 2196 5190 lumina
2237 5124 2461 5191 frontis
2475 5126 2511 5191 ¹?

902 5231 1047 5297 Non
1088 5228 1250 5295 tales
1293 5234 1547 5311 gestare
1591 5226 1713 5292 sibi
1757 5246 1796 5291 o
1839 5226 2079 5311 inclyta
2119 5226 2346 5293 taedas

448 5532 457 5541 .
558 5470 605 5551 ι)
653 5477 829 5535 met.
885 5468 1039 5536 (hd.
1084 5468 1277 5533 Roaer.
1326 5468 1380 5547 ²)
1422 5470 1499 5531 de
1541 5468 1789 5533 consilio
1834 5469 2190 5532 confessoris
2232 5468 2522 5549 praedicti
2569 5462 2723 5531 cod.
2766 5465 2961 5533 Rozr.
