4342 6384
831 550 979 623 128
2024 573 2252 625 mmm
2304 572 2762 627 manuumve.
2894 544 2901 555 ’
3391 552 3525 653 (Α.
3565 554 3656 628 D.
3699 551 3939 653 1412.)

1076 870 1385 943 nanticus
1428 871 1508 943 de
1550 871 1810 943 Plaven
1853 870 2162 961 lagistcr
2204 872 2500 945 Prusiae
2546 874 2856 963 quosdam
2900 877 3129 961 necat,
3176 891 3377 947 causa
3420 875 3688 947 indicta.

1032 1117 1366 1192 Prussiae
1419 1117 1756 1210 Magister
1810 1116 2160 1191 Henricus
2217 1117 2301 1190 de
2356 1118 2670 1208 Plawen,
2728 1118 2803 1191 in
2848 1119 3015 1193 anni
3050 1119 3265 1193 huius
3302 1122 3439 1194 fine
3478 1122 3932 1194 vehementer

827 1238 901 1310 in
944 1236 1422 1311 vexilliferum
1461 1243 1530 1310 et
1566 1241 1876 1309 caeteros
1932 1236 2379 1310 Chelmenses
2432 1237 2777 1311 militares
2814 1237 3072 1327 iratuS,
3130 1239 3334 1331 quasi
3370 1260 3535 1333 erga
3572 1262 3648 1315 se
3684 1246 3755 1313 et
3802 1241 3933 1313 Or-

833 1357 1066 1429 dinem
1123 1355 1615 1429 Crucifericum
1657 1357 1710 1446 ¹)
1766 1377 2014 1448 parum
2079 1356 2334 1430 sinceri
2400 1357 2815 1446 existerent,
2884 1363 2955 1431 et
3006 1360 3369 1450 perfidiam
3437 1360 3515 1433 in
3568 1360 3798 1452 ipsum
3858 1366 3941 1433 et

832 1476 1162 1550 Ordinem
1247 1476 1547 1549 fuissent
1621 1476 1892 1564 moliti,
1973 1478 2202 1567 capite
2275 1477 2645 1551 obtruncat
2683 1476 2777 1568 ²),
2864 1499 2991 1570 ope
3062 1479 3443 1553 cuiuslibet
3506 1480 3939 1553 defensionis

827 1596 1184 1689 legitimae
1221 1596 1400 1688 ipsis
1436 1596 1807 1689 denegata,
1849 1597 2181 1670 videlicet
2217 1596 2588 1670 Nicolaum
2626 1597 2892 1671 dictum
2936 1598 3005 1671 N
3009 1598 3159 1671 iksz
3206 1600 3683 1673 vexilliferum
3722 1600 3933 1673 Chel-

827 1736 1166 1804 mensem,
1234 1716 1641 1788 Ianussium
1705 1715 2230 1807 Orzechowsky,
2298 1714 2693 1789 Cunradum
2757 1717 2841 1789 de
2907 1718 3216 1809 Ropkow
3246 1716 3333 1809 ³),
3394 1718 3695 1807 milites;
3753 1720 3937 1793 duos

827 1835 1117 1927 insuper
1172 1834 1546 1927 magistros
1601 1834 1863 1907 civium
1918 1834 2433 1924 Gdanensium,
2491 1835 2823 1909 videlicet
2860 1837 3145 1909 Petrum
3183 1837 3461 1911 Neczko
3518 1844 3591 1912 et
3626 1840 3933 1911 Bartho-

831 1956 1180 2028 lomaeum
1235 1953 1486 2042 Grosz,
1544 1954 1631 2025 ad
1687 1976 1761 2028 se
1814 1956 1888 2027 in
1943 1960 2253 2027 castrum
2310 1955 2677 2029 Gdanense
2730 1978 2856 2047 pro
2908 1956 3201 2047 prandio
3240 1956 3612 2046 invitatos,
3670 1960 3935 2046 securi,

831 2080 1084 2169 negata
1136 2074 1570 2148 confessione
1625 2079 1938 2147 extrema
1993 2080 2064 2147 et
2117 2074 2410 2163 viatico,
2471 2077 2809 2168 percutit,
2866 2097 3240 2167 eorumque
3296 2078 3666 2165 cadavera,
3724 2080 3939 2169 quasi

831 2215 1078 2286 parum
1149 2194 1480 2267 tormenti
1543 2193 1692 2267 vivi
1755 2193 2235 2286 excepissent,
2310 2196 2472 2267 fimo
2537 2195 2793 2268 obruit.
2869 2194 3202 2287 Quamvis
3268 2197 3453 2270 enim
3508 2198 3768 2269 crimen
3824 2199 3937 2270 eis

833 2315 1184 2388 obiectum
1237 2315 1434 2387 nullo
1490 2313 1860 2387 fulciretur
1913 2314 2224 2411 evidenti
2276 2320 2718 2406 argumente,
2777 2337 3023 2388 causas
3078 2320 3313 2387 tamen
3368 2316 3807 2409 captivitatis
3858 2322 3937 2390 et

833 2434 1272 2507 vinculorum
1328 2438 1655 2528 satagens
1712 2435 1856 2506 fore
1913 2434 2171 2523 iustaS,
2230 2434 2423 2525 ipsos
2479 2440 2622 2507 tam
2675 2434 3045 2529 praecipiti
3100 2440 3321 2507 morte
3378 2436 3759 2509 damnavit.

1731 2786 2160 2899 ANNUS
2234 2784 2694 2923 DOMINI
2762 2785 3022 2899 1412.

834 3030 1225 3102 wladislaus
1268 3029 1408 3101 Rex
1451 3047 1594 3102 cum
1637 3030 1912 3101 arnosto
1957 3029 2257 3100 lustriae
2300 3030 2471 3100 Duce
2524 3029 2895 3101 cracoviam
2928 3030 2997 3101 in
3026 3046 3229 3119 parva
3260 3030 3565 3102 comitiva
3594 3030 3933 3118 veniente,

1773 3148 2157 3221 societatem
2204 3151 2275 3220 ot
2318 3149 2714 3221 affinitatem
2756 3148 2992 3239 iungit.

1041 3395 1336 3469 Natales
1389 3395 1671 3469 Domini
1725 3395 1875 3468 dies
1931 3394 2371 3468 Wladislaus
2426 3393 2763 3469 Poloniae
2816 3395 2973 3467 Rex
3030 3416 3117 3467 ex
3172 3395 3697 3484 venationibuS,
3756 3419 3942 3488 quas

833 3540 958 3611 por
1011 3518 1417 3590 universum
1472 3518 1840 3589 Adventus
1906 3515 2187 3587 Domini
2254 3502 2529 3607 tempus
2587 3514 2771 3588 circa
2826 3514 3153 3606 Gronyadz
3184 3516 3247 3604 ⁴)
3303 3520 3762 3605 tractaverat,
3818 3539 3939 3590 re-

835 3659 1116 3726 versus,
1174 3638 1360 3728 apud
1413 3636 1692 3709 Grodno
1749 3635 1914 3728 egit.
1975 3635 2121 3708 Sub
2160 3655 2240 3707 eo
2278 3640 2512 3707 antem
2551 3638 2857 3725 tempore
2894 3636 3243 3707 Arnestus
3274 3635 3337 3725 5)
3392 3636 3727 3710 Austriae
3764 3637 3941 3709 Dux

837 3781 994 3832 cum
1050 3742 1388 3831 Marsal'co
1446 3777 1571 3829 suo
1628 3756 2012 3847 Sweynpek
2041 3754 2104 3843 ⁶)
2159 3754 2236 3826 in
2272 3775 2489 3845 parva
2526 3754 2857 3827 comitiva
2895 3759 2964 3827 et
3001 3754 3447 3827 dissimulato
3483 3754 3734 3827 habitu
3770 3755 3941 3827 Cra-

838 3878 1107 3952 coviam
1171 3878 1474 3949 latenter
1535 3876 1944 3963 advenienS,
2015 3875 2258 3947 foedus
2322 3880 2393 3947 et
2448 3874 2861 3947 affinitatem
2928 3893 3084 3945 cum
3148 3873 3541 3946 Wladislao
3598 3873 3945 3947 Poloniae

837 4000 1064 4090 Rege,
1122 4018 1258 4087 quo
1313 3997 1649 4068 adversus
1702 3994 2088 4086 potentiam
2156 3994 2481 4067 infestam
2539 3992 2974 4085 Sigismundi
3038 3992 3445 4084 Hungariae
3498 3992 3715 4085 Regis
3769 3993 3941 4065 bea·

839 4117 980 4189 tior
1032 4115 1479 4203 consisteret,
1537 4115 1823 4206 iungere
1877 4112 2249 4206 gestiebat.
2305 4113 2645 4186 Revelato
2700 4118 2935 4184 autem
2991 4132 3116 4184 suo
3170 4112 3477 4185 adventu
3534 4117 3605 4184 et
3658 4132 3781 4204 per
3820 4133 3943 4184 ce-

837 4237 1053 4309 lerem
1107 4233 1434 4306 nuntium
1488 4234 1576 4305 ad
1630 4234 1894 4325 Regem
1948 4233 2022 4305 in
2075 4232 2529 4304 Lithuaniam
2567 4233 2871 4322 perlato,
2931 4232 3369 4305 Wladislaus
3408 4232 3739 4303 Poloniae
3776 4232 3945 4304 Rex

839 4354 1330 4446 properantius
1385 4373 1474 4425 ex
1510 4352 1892 4424 Lithuania
1930 4352 2004 4423 in
2041 4350 2375 4423 Poloniae
2413 4352 2730 4443 Regnum
2770 4350 3140 4441 processit,
3197 4352 3461 4423 Ducem
3498 4351 3945 4441 praedictum

842 4476 1224 4547 Arnestum
1295 4474 1786 4545 honoraturus.
1861 4473 2043 4544 Dum
2117 4476 2352 4543 antem
2417 4471 2491 4542 in
2556 4470 2887 4562 oppidum
2961 4470 3477 4543 Proschowicze
3548 4470 3942 4562 attigisset,

841 4600 1043 4667 nocte
1099 4614 1184 4666 ex
1240 4592 1756 4665 Proschowicze
1811 4612 2269 4683 consurgenS,
2326 4591 2639 4662 diluculo
2696 4589 3091 4662 cracoviam
3148 4597 3220 4661 et
3254 4590 3566 4677 domum,
3626 4610 3763 4680 qua
3798 4590 3945 4661 Ar-

840 4719 1085 4787 nestus
1150 4711 1483 4784 Austriae
1544 4712 1708 4782 Dux
1773 4710 2295 4801 hospitabatur,
2361 4710 2758 4802 ingressus„
2826 4710 3089 4781 Ducem
3144 4710 3566 4799 praefatum,
3626 4709 3945 4781 nondum

842 4854 1086 4925 sopore
1141 4833 1483 4919 solutum,
1542 4830 1991 4917 conveniens,
2051 4849 2186 4920 quo
2242 4833 2446 4920 pacto
2503 4830 2819 4921 Regnum
2878 4848 3083 4899 suum
3140 4832 3209 4900 et
3261 4827 3621 4899 civitatem
3672 4827 3943 4917 absque

842 4954 1038 5026 salvo
1081 4952 1433 5026 conductu
1488 4950 1761 5044 ingredi
1813 4949 2434 5041 praesumpsisset,
2492 4948 2720 5020 iocoso
2760 4968 3073 5020 sermone
3111 4945 3466 5033 territum,
3524 4968 3775 5039 magna
3810 4946 3935 5019 be-

1061 5240 1110 5319 ¹)
1155 5240 1583 5301 cruciferorum
1627 5236 1753 5302 Ed.
1801 5236 1983 5322 Lips.
2047 5238 2098 5318 ²)
2147 5257 2249 5299 eos
2304 5239 2615 5299 obtruncat
2670 5232 2821 5300 Cod.
2875 5235 3067 5299 Rozr.
3132 5235 3184 5315 ³)
3234 5236 3497 5314 Oopkow
3554 5230 3704 5297 Cod.
3760 5232 3942 5298 Kost.

848 5338 902 5421 ἰ)
951 5340 1240 5419 Gonyadz
1288 5338 1438 5407 Cod.
1484 5340 1675 5405 Rozr.
1743 5341 1796 5421 ⁵)
1849 5344 2137 5402 Ernestus
2199 5336 2348 5402 Cocl.
2403 5338 2580 5401 Koet.
2644 5337 2696 5418 ⁶)
2744 5339 3082 5416 Swenipelk
3140 5334 3291 5403 Cod.
3348 5336 3525 5399 Kost.
3582 5338 3947 5415 Sweimpelk

850 5440 1002 5507 Cod.
1049 5440 1242 5507 Rozr.
2111 5450 2130 5461 “
