4342 6384
330 666 465 769 (Α.
505 667 596 742 D.
635 667 866 769 1410.)
1523 682 1749 746 menn
1801 691 2260 746 muniremus.
3324 671 3421 742 85

333 875 844 971 quinquaginta
927 878 1407 950 tantummodo
1488 876 1846 969 equitibus
1929 877 2003 949 in
2071 881 2303 950 castra
2365 877 2561 970 regia
2622 878 2707 950 ad
2780 873 3227 969 Marienburg
3297 877 3426 950 sul)

333 996 550 1070 Ducis
604 995 995 1069 Alexandri
1050 997 1396 1070 conductu
1413 1053 1430 1084 ,
1497 1001 1701 1088 pacta
1757 998 2026 1070 occulte
2081 997 2261 1071 Duci
2314 998 2717 1071 Alexandro
2780 997 3127 1088 promissa
3178 996 3424 1089 imple-

335 1122 572 1205 turus,
627 1115 992 1208 processit.
1051 1117 1194 1192 Ubi
1246 1117 1691 1209 pervenienS,
1751 1117 2060 1190 eiusdem
2115 1117 2333 1190 Ducis
2386 1117 2621 1210 Magni
2678 1117 3067 1190 Alexandri
3118 1116 3429 1209 practica

335 1241 405 1309 et
457 1235 1000 1325 interventione,
1055 1236 1424 1328 promissis
1480 1237 1778 1309 occultis
1831 1235 2161 1325 inescati,
2220 1237 2307 1308 ad
2345 1241 2651 1308 castrum
2689 1235 3167 1328 Marienburg,
3224 1235 3427 1328 quasi

334 1356 753 1429 deditionem
820 1360 890 1429 et
943 1356 1184 1429 foedus
1249 1378 1372 1449 pro
1427 1357 1646 1450 Regis
1709 1355 2149 1448 beneplacito
2212 1376 2709 1448 persuasurus,
2782 1354 3055 1448 ingredi
3110 1359 3217 1428 est
3269 1377 3424 1448 per-

335 1476 619 1549 missus.
676 1476 846 1550 Illic
899 1476 1148 1549 diebus
1201 1477 1474 1568 aliquot
1527 1477 1995 1569 consumptiS,
2051 1482 2124 1550 et
2176 1477 2629 1565 tractatibus,
2686 1475 3143 1568 consiliisque
3198 1476 3282 1548 de
3318 1496 3424 1549 re-

335 1595 780 1688 cuperatione
832 1600 1252 1685 castrorum,
1309 1596 1679 1670 civitatum
1735 1602 1806 1668 et
1860 1601 2205 1670 terrarum
2262 1597 2707 1685 amissarum,
2766 1597 2851 1668 de
2885 1595 3207 1687 pactione
3254 1615 3424 1688 quo-

337 1737 471 1808 que
539 1718 817 1790 occulta
887 1737 1045 1789 cum
1109 1717 1300 1790 Duce
1363 1717 1784 1790 Lithuaniae
1849 1717 2249 1790 Alexandro
2314 1716 2695 1804 celebrata,
2762 1737 2921 1789 cum
2972 1714 3277 1788 Henrico
3342 1715 3428 1788 de

336 1837 620 1910 Plawen
693 1836 954 1910 habitis
979 1893 996 1925 ,
1071 1835 1388 1910 discedit.
1471 1837 1585 1909 Ab
1657 1858 1736 1910 eo
1809 1841 2041 1910 autem
2112 1841 2420 1928 tempore
2489 1837 2849 1927 praefatus
2921 1835 3271 1908 Henricus
3342 1835 3427 1908 de

333 1957 616 2029 Plawen
670 1955 1198 2029 Commendator
1251 1955 1594 2029 maximos
1649 1962 1720 2029 et
1763 1958 2029 2030 alacres
2085 1955 2413 2048 spiritus,
2469 1955 2543 2028 in
2582 1976 2757 2048 quos
2811 1955 3018 2028 illum
3071 1955 3427 2046 praefatus

336 2075 672 2148 Livoniae
723 2075 1060 2168 Magister
1112 2075 1556 2150 Hermannus
1609 2076 1998 2164 direxerat,
2063 2076 2493 2168 concipiens,
2559 2075 2920 2168 pertinax,
2976 2095 3307 2167 arrogans
3360 2078 3432 2148 et

337 2194 746 2268 fastidiosus
785 2215 938 2269 esse
973 2195 1227 2286 coepit,
1267 2216 1492 2288 neque
1527 2197 1612 2270 de
1647 2202 1918 2270 caetero
1956 2197 2040 2270 de
2073 2217 2243 2288 pace
2278 2197 2502 2273 ullam
2537 2195 2960 2269 mentionem
3011 2195 3268 2268 habere
3306 2215 3426 2267 vo-

339 2315 499 2403 luit,
542 2315 714 2406 quin
751 2315 824 2386 in
862 2315 1282 2388 tractatibus
1319 2335 1476 2388 cum
1513 2315 1640 2389 illo
1677 2315 1893 2409 Regis
1932 2317 2210 2390 nomine
2265 2317 2347 2390 de
2382 2337 2552 2408 pace
2606 2315 2901 2404 habitis,
2960 2314 3048 2386 ad
3102 2315 3426 2388 observa-

287 2442 296 2451 “
339 2435 602 2507 tionem
639 2455 877 2507 earum
915 2434 1422 2522 conditionum,
1472 2457 1645 2526 quas
1695 2435 1992 2527 ipsemet
2037 2435 2261 2528 accipi
2317 2436 2620 2528 supplex
2672 2439 3074 2528 rogaverat,
3130 2438 3202 2506 et
3256 2454 3429 2525 quas

341 2575 416 2627 se
471 2555 626 2627 Rex
667 2574 820 2626 sera
873 2553 1392 2644 aestimatione,
1451 2559 1789 2647 quantum
1843 2556 2100 2628 bonum
2139 2556 2532 2645 abnuisset,
2590 2555 3059 2646 perpendenS,
3100 2553 3433 2627 offerebat

341 2677 818 2765 accepturum,
875 2674 1076 2746 nullo
1129 2677 1332 2765 pacto
1385 2680 1660 2766 poterat
1713 2675 2008 2749 inflecti:
2068 2675 2297 2748 sciens
2352 2696 2469 2749 cor
2506 2673 2894 2748 Alexandri
2942 2673 3159 2746 Ducis
3196 2671 3435 2764 Magni

341 2792 762 2866 Lithuaniae
824 2793 965 2866 iam
1028 2813 1180 2866 esse
1243 2794 1626 2886 plurimum
1693 2793 2174 2884 immutatum,
2248 2801 2319 2868 et
2380 2817 2423 2866 a
2474 2793 2957 2886 prosecutione
3021 2791 3429 2881 obsidionis,

307 2913 633 3015 ‘eiusque
687 2912 1240 3002 continuatione,
1315 2918 1397 2986 ut
1461 2914 1722 2987 oblatio
1786 2918 2128 2987 terrarum
2192 2915 2435 3008 Regno
2497 2913 2835 2987 Poloniae
2898 2915 3117 3000 facta,
3180 2911 3257 2984 in
3312 2910 3429 2984 Li-

346 3033 754 3106 thuanicum
817 3033 1151 3106 transiret
1209 3034 1632 3125 profectum,
1696 3055 1984 3126 prorsus
2049 3055 2397 3107 aversum.
2453 3033 2777 3107 Accessit
2830 3038 2903 3107 et
2954 3034 3177 3106 altera
3228 3029 3431 3123 Regi,

343 3153 727 3245 Regnoque
780 3152 1112 3226 Poloniae
1165 3152 1543 3245 pernicies:
1610 3155 1922 3245 praefato
1977 3154 2323 3247 siquidem
2381 3155 2777 3226 Hermanno
2832 3152 3169 3245 Magistro
3223 3149 3432 3223 Livo-

342 3272 503 3346 niae
557 3292 646 3346 ex
683 3276 910 3346 castro
947 3272 1548 3366 Marienburgensi
1601 3274 2033 3363 discedente,
2091 3275 2435 3365 plebanus
2472 3274 2557 3345 de
2594 3273 2913 3360 Gdansk,
2972 3271 3227 3344 Ordine
3266 3269 3432 3344 cru-

344 3391 542 3479 cifer,
600 3395 825 3464 aetate
887 3411 1050 3464 vero
1115 3393 1400 3465 vetulus
1466 3397 1535 3466 et
1599 3413 1846 3483 senex,
1922 3394 2123 3485 quasi
2186 3391 2572 3466 obsidionis
2634 3391 2995 3465 molestias
3068 3410 3431 3478 evasurus,

345 3511 777 3598 discedebat,
834 3512 1026 3603 Rege
1079 3511 1152 3584 id
1205 3511 1510 3584 faciliter
1561 3512 2042 3603 permittente:
2117 3532 2277 3584 cum
2314 3511 2667 3584 discessus
2722 3531 2895 3583 suus
2946 3509 3197 3603 grandi
3251 3508 3432 3600 peri-

345 3630 505 3704 culo
559 3631 836 3721 plenae,
890 3631 1221 3723 grandem
1274 3637 1541 3723 pestem
1595 3632 1773 3705 foret
1822 3631 2034 3704 rebus
2083 3630 2299 3723 regiis
2354 3631 2726 3703 allaturus.
2782 3631 2921 3703 Per
2972 3630 3159 3702 hunc
3214 3627 3432 3720 siqui-

345 3751 506 3823 dem
558 3750 965 3842 plebanum,
1022 3771 1180 3824 cum
1233 3751 1440 3824 aliter
1492 3753 1900 3826 nullatenus
1955 3751 2240 3824 rebatur
2292 3755 2557 3839 tutum,
2613 3748 2961 3824 Henricus
3016 3750 3101 3822 de
3154 3748 3435 3821 Plawen

343 3869 644 3962 triginta
695 3889 1062 3942 aureorum
1114 3869 1460 3943 nobilium
1523 3869 1780 3959 millia,
1849 3871 2034 3944 inter
2086 3869 2521 3959 suanenses,
2590 3869 3211 3943 Schlochovienses
3249 3869 3301 3956 ¹)
3367 3871 3438 3940 et

347 3991 832 4080 Swyeczenses
861 3987 925 4079 ²)
1005 3989 1607 4064 commendatores
1680 3990 2076 4082 partienda,
2142 3989 2597 4063 transmittit:
2673 3989 2795 4082 qui
2866 3989 3165 4081 denique
3234 3988 3439 4060 iuxta

347 4109 550 4182 illius
603 4109 1010 4182 mandatum
1063 4113 1135 4182 et
1187 4108 1722 4182 instructionem
1777 4131 1944 4182 auro
2000 4110 2402 4183 huiusmodi
2456 4105 2595 4183 non
2640 4130 2928 4202 parvam
2982 4107 3435 4182 mercenario-

347 4251 505 4301 rum
561 4229 868 4301 militum
923 4249 1204 4300 manum
1259 4248 1347 4302 ex
1404 4229 1765 4318 Bohemis,
1823 4230 2215 4322 HungariS,
2276 4229 2557 4304 Slesitis
2613 4234 2684 4303 et
2720 4229 3092 4301 Almannis
3147 4227 3441 4301 conduci

348 4352 926 4441 procuraverunt.
999 4347 1110 4420 Ex
1166 4368 1301 4439 quo
1357 4348 1736 4422 cuiuslibet
1799 4369 2013 4422 sanus
2067 4349 2429 4441 concipere
2484 4353 2717 4441 potest
2768 4348 3162 4436 discursuS,
3218 4369 3437 4439 quan-

349 4474 502 4541 tum
556 4469 800 4542 afferat
851 4468 1256 4554 discrimen,
1321 4467 1396 4540 in
1451 4472 1680 4542 castra
1743 4473 1814 4541 et
1876 4469 2204 4542 civitates
2270 4471 2399 4543 sub
2465 4467 2849 4548 obsidionis
2911 4472 3221 4560 tempore
3282 4488 3435 4558 per-

349 4587 632 4662 mittere
683 4588 1043 4662 licentiam
1096 4587 1497 4662 introeundi
1551 4589 1666 4672 vel
1723 4588 2047 4662 exeundi.

570 4845 617 4926 ¹)
663 4845 1118 4908 Sluchovienses
1166 4841 1317 4909 Cod.
1363 4842 1540 4907 Kost.
1607 4841 1660 4924 ²)
1709 4846 2086 4906 Szwecenses
2130 4842 2257 4907 Ed.
2304 4841 2485 4928 Lips.
