4342 6384
864 547 1011 624 364
2052 571 2280 624 mnan
2331 548 2787 624 Unnncmus.
3395 545 3528 646 (Α.
3569 546 3659 620 D.
3699 541 3954 644 1428.)

864 755 1183 848 Opoczka
1236 755 1730 843 consistentes,
1812 753 2128 828 Schubas
2167 753 2222 842 ¹)
2295 751 2808 846 quinquaginta
2881 751 3294 839 sabellinae,
3369 755 3442 824 et
3512 750 3806 824 totidem
3869 751 3952 822 de

867 874 1176 947 omnium
1231 874 1525 967 pellium
1577 893 1858 964 genere,
1916 871 2252 946 tricentas
2305 891 2686 962 purpurae,
2744 870 2882 943 sibi
2934 870 3238 943 tradant.
3295 869 3460 942 Non
3497 871 3682 942 facta
3717 869 3954 960 aliqua

862 993 1273 1068 resistentia
1334 997 1459 1064 aut
1522 991 1973 1079 difficultate,
2037 989 2460 1081 promittunt
2515 1010 2590 1062 se
2643 991 3004 1081 postulata
3067 991 3408 1077 facturoS,
3476 991 3546 1061 et
3605 992 3768 1080 post
3827 988 3952 1060 tri·

868 1112 1083 1184 duum
1138 1112 1369 1184 omnia
1420 1115 1585 1183 ante
1646 1112 1867 1204 pedes
1918 1109 2137 1182 Ducis
2203 1109 2525 1182 afferunt.
2594 1109 2862 1202 Quibus
2927 1108 3220 1194 habitis,
3289 1097 3954 1180 Dux'Withawdus

866 1232 1131 1304 bellum
1186 1235 1256 1304 et
1308 1229 1738 1303 obsidionem
1793 1229 2038 1316 solvit,
2097 1233 2168 1301 et
2204 1229 2289 1300 ab
2335 1229 2462 1300 illo
2519 1229 2700 1316 loco,
2757 1227 3093 1300 incolumi
3148 1248 3453 1317 sanoque
3491 1226 3839 1313 exercitu,
3879 1225 3954 1298 in

870 1349 1321 1422 Lithuaniam
1373 1349 1613 1422 rediit:
1670 1347 1993 1440 pluribus
2049 1347 2461 1420 facilitatem
2517 1368 2714 1420 suam
2761 1348 2834 1420 in
2871 1347 3098 1419 danda
3149 1366 3319 1437 pace
3373 1345 3954 1436 improbantibus,

872 1469 1056 1562 quod
1110 1468 1467 1541 civitatem
1521 1465 2158 1558 opulentissimam,
2218 1466 2304 1538 ad
2359 1466 2560 1539 cuius
2613 1466 2754 1538 iam
2809 1465 3082 1538 moenia
3136 1484 3545 1540 excursores
3601 1463 3714 1536 sui
3749 1483 3956 1555 saepe

874 1586 1402 1680 perveniebant,
1466 1608 1605 1659 non
1668 1584 2212 1676 comprehendit.
2271 1584 2409 1658 Sed
2473 1584 2652 1658 Duci
2706 1584 3103 1658 Withawdo
3159 1584 3345 1656 alius
3399 1604 3651 1658 sensus
3707 1582 3956 1656 inerat.

878 1706 1161 1781 Sciebat
1213 1705 1431 1794 enim,
1488 1709 1693 1795 capta
1746 1704 2065 1792 civitate,
2122 1725 2366 1796 gazam
2423 1703 2573 1776 eius
2629 1725 2766 1776 non
2803 1704 2891 1775 ad
2927 1702 3189 1795 ipsum,
3249 1703 3371 1776 sed
3423 1703 3512 1774 ad
3565 1723 3959 1794 quemcum-

880 1846 1014 1918 que
1068 1824 1449 1898 cuiuslibet
1502 1824 1833 1897 obscurae
1888 1822 2133 1912 sortis,
2199 1826 2724 1913 perventuram:
2793 1822 3033 1914 itaque
3088 1821 3324 1894 oblata
3377 1821 3662 1909 maluit,
3729 1825 3960 1894 stante

882 1943 1206 2030 civitate,
1275 1941 1661 2032 suscipere,
1730 1963 1938 2032 quam
2000 1941 2130 2014 illa
2193 1941 2622 2032 conquisita,
2689 1941 2916 2032 spolia
2969 1941 3167 2013 illius
3197 1939 3260 2030 ²)
3315 1941 3403 2012 ad
3459 1941 3752 2034 vulgum
3804 1961 3960 2033 per-

754 2111 761 2118 ·
881 2061 1146 2136 venire.
1212 2061 1733 2134 Memorandum
1786 2061 2096 2154 regimen
2150 2065 2222 2134 et
2275 2059 2585 2134 ordinem
2639 2061 2942 2134 traditur
2993 2059 3145 2152 ipse
3198 2061 3362 2132 Dux
3407 2058 3850 2133 Withawdus
3888 2060 3962 2133 in

880 2183 1010 2254 hac
1064 2180 1508 2272 expeditione
1561 2179 1915 2254 habuisse.
1973 2169 2502 2253 constrinxerat
2555 2178 2740 2253 enim
2794 2200 3064 2253 omnem
3119 2179 3502 2252 exercitum
3541 2200 3670 2252 sua
3706 2181 3858 2272 lege
3896 2185 3966 2252 et

882 2299 1207 2393 imperi0,
1264 2321 1350 2372 ne
1404 2299 1555 2372 sine
1611 2321 1735 2372 suo
1792 2285 2135 2373 consensu
2189 2304 2312 2371 aut
2365 2298 2653 2372 licentia
2705 2298 3078 2391 quisquam
3132 2300 3664 2387 frumentatum,
3722 2304 3846 2370 aut
3883 2299 3968 2371 ad

884 2419 1353 2512 quaerendum
1406 2418 1746 2492 victualia
1797 2418 1962 2508 iret,
2020 2422 2101 2489 ut
2155 2418 2258 2491 sic
2311 2423 2382 2490 et
2436 2417 2782 2491 sociorum
2819 2422 2892 2490 et
2927 2417 3338 2506 amicorum,
3397 2417 3969 2510 subditorumque

884 2541 1204 2611 fortunae
1259 2542 1453 2610 tutae
1506 2539 1755 2611 forent.
1814 2537 1891 2610 Si
1928 2538 2051 2630 qni
2086 2541 2321 2609 autem
2358 2535 2759 2609 huiusmodi
2787 2536 3143 2628 praecepti
3178 2537 3704 2628 reperiebantur
3739 2543 3966 2608 trans-

882 2677 1264 2750 gressores,
1322 2655 1549 2744 illico,
1605 2656 2042 2749 inspectante
2094 2655 2422 2728 universo
2477 2655 2822 2744 exercitu,
2877 2655 2954 2728 in
3005 2654 3404 2746 patibulum
3439 2655 3664 2728 latum
3700 2661 3772 2729 et
3817 2655 3962 2728 dis·

885 2779 1189 2862 tentum,
1246 2794 1372 2866 per
1424 2775 1608 2868 quod
1662 2777 1887 2848 altera
1939 2774 2085 2862 die,
2161 2773 2412 2847 castris
2469 2774 2711 2862 motis,
2769 2774 3120 2848 exercitus
3158 2774 3383 2846 omnis
3419 2773 3522 2846 ire
3559 2780 3631 2847 et
3667 2795 3961 2866 suspen·

889 2915 1003 2968 sos
1068 2893 1304 2966 videre
1368 2893 1771 2986 cogebatur,
1838 2893 2246 2986 agebantur.
2323 2893 2616 2985 Talique
2681 2896 3078 2987 spectaculo
3141 2893 3627 2986 unusquisque
3691 2915 3970 2970 servare

890 3012 1197 3099 ordineS,
1258 3016 1328 3084 et
1380 3012 1733 3085 continere
1787 3033 2035 3083 manus
2066 3010 2127 3100 3)
2185 3021 2254 3084 et
2305 3012 2616 3084 animum
2668 3012 2755 3085 ab
2811 3013 2999 3084 omni
3053 3014 3312 3087 scelere
3367 3017 3438 3086 et
3472 3017 3681 3104 raptu
3735 3014 3970 3087 stude·

888 3130 1033 3204 bat.
1091 3130 1279 3220 Quae
1332 3132 1566 3203 autem
1620 3135 1819 3203 erant
1855 3130 1942 3202 ad
1979 3129 2246 3202 victum
2283 3134 2433 3202 tum
2471 3130 2868 3203 hominibus
2905 3136 3056 3204 tum
3096 3130 3294 3222 equis
3331 3131 3755 3220 necessaria,
3812 3133 3972 3204 Dux

891 3247 1043 3340 ipse
1098 3268 1225 3320 sua
1278 3247 1669 3321 factivitate
1723 3253 1791 3323 et
1843 3248 2195 3321 industria
2248 3248 2683 3321 abundanter
2732 3249 3166 3341 providebat.
3223 3249 3424 3324 Licet
3461 3251 3751 3343 insuper
3787 3255 3970 3324 octo-

890 3367 1237 3460 gesimum
1289 3387 1548 3439 annum
1600 3367 1739 3440 iam
1793 3373 1963 3441 tunc
2016 3388 2542 3460 supergressus,
2599 3389 2722 3460 per
2776 3389 2976 3442 omne
3029 3373 3262 3442 tamen
3300 3374 3577 3462 tempus
3613 3369 3816 3443 illius
3854 3390 3972 3442 ex-

892 3484 1273 3577 peditionis
1328 3507 1553 3578 neque
1607 3507 1816 3559 curru
1870 3507 2092 3578 neque
2148 3486 2398 3560 lectica
2451 3507 2622 3558 usus
2677 3492 2816 3568 est,
2873 3488 2994 3559 sed
3047 3487 3376 3560 continue
3445 3488 3522 3560 in
3594 3487 3794 3578 equis
3857 3487 3972 3559 ob-

896 3604 1285 3695 equitabat.
1336 3607 1597 3678 Tantae
1634 3610 1867 3678 tamen
1906 3605 2284 3679 factivitati
2323 3625 2489 3678 suae
2525 3610 2596 3678 et
2638 3605 3030 3678 industriae
3083 3605 3383 3679 habebat
3437 3607 3707 3698 aliquid
3742 3626 3972 3698 repre·

894 3723 1254 3796 hensionis
1321 3723 1743 3795 admixtum:
1808 3745 1971 3796 nam
2044 3743 2131 3796 ex
2189 3723 2509 3796 omnibus
2573 3723 3174 3814 expeditionibuS,
3241 3745 3415 3815 quas
3479 3725 3631 3799 sive
3695 3723 3974 3811 alienis,

898 3842 1049 3916 sive
1104 3842 1253 3914 suis
1307 3842 1451 3934 egit
1504 3842 1875 3934 auspiciis,
1931 3863 2161 3915 morae
2217 3842 2353 3913 fuit
2407 3841 2819 3922 fastidiosus
2875 3846 2944 3916 et
2981 3841 3386 3934 impatienS,
3445 3843 3978 3917 stimulantibus

898 3982 1056 4034 enm
1111 3961 1199 4032 ad
1251 3962 1557 4034 reditum
1618 3961 2017 4034 domesticis
2082 3961 2701 4048 oblectationibns3
2765 3964 3051 4053 propter
3114 3961 3328 4051 quod,
3393 3961 3581 4035 bello
3641 3965 3976 4050 confecto,

900 4083 1024 4152 aut
1074 4101 1199 4171 per
1252 4080 1569 4153 inducias
1624 4101 1994 4171 suspenso,
2052 4100 2140 4152 ex
2178 4079 2354 4171 ipsis
2393 4079 2710 4168 stativis,
2751 4081 3006 4171 quibus
3043 4081 3308 4153 bellum
3346 4079 3812 4174 interceptum
3849 4085 3980 4169 est,

901 4197 1101 4289 equis
1165 4197 1507 4285 ascensis,
1576 4219 1751 4288 quos
1804 4198 1892 4269 ad
1948 4197 2019 4270 id
2072 4198 2374 4272 habebat
2435 4203 2918 4290 praeparatos,
2985 4203 3244 4290 quanto
3311 4200 3648 4273 velociori
3707 4204 3984 4293 poterat

902 4337 1145 4404 cursu,
1202 4316 1289 4387 ad
1342 4336 1629 4389 uxorem
1685 4316 2238 4408 regrediebatur,
2305 4316 2492 4388 omni
2546 4317 2861 4390 exercitu
2915 4317 3045 4390 sub
3102 4317 3360 4390 ducatu
3389 4320 3454 4408 ⁴)
3509 4319 3808 4392 aliorum
3859 4319 3974 4392 de·

898 4433 1171 4507 relicto,
1246 4433 1442 4526 Quod
1496 4438 1569 4508 et
1622 4439 1790 4507 tunc
1852 4434 2129 4525 quidem
2197 4457 2332 4507 non
2396 4435 2810 4524 intermisit,
2886 4437 3008 4510 sed
3070 4436 3308 4528 rapaci
3373 4457 3584 4510 cursu
3635 4458 3984 4526 reversus,

902 4553 1265 4640 donativa,
1322 4574 1500 4646 quae
1552 4553 1936 4643 militibus,
1996 4559 2067 4628 et
2118 4556 2530 4647 praesertim
2592 4555 2912 4644 PoloniS,
2980 4555 3367 4648 largiturus
3421 4561 3601 4645 erat,
3659 4577 3984 4650 congere·

902 4673 1047 4746 bat.
1104 4673 1267 4745 Non
1322 4671 1507 4744 enim
1560 4673 1854 4746 alterius
1910 4674 2248 4760 nationis,
2307 4673 2446 4746 nisi
2497 4674 2832 4747 Poloniae
2886 4674 3236 4762 homines,
3291 4695 3418 4765 per
3471 4697 3672 4748 omne
3710 4682 3986 4768 tempus

906 4791 1161 4864 aetatis
1226 4813 1393 4864 suae
1456 4791 1653 4864 visus
1726 4797 1835 4866 est
1889 4793 1963 4865 in
2015 4794 2275 4865 honore
2328 4793 2762 4883 amplissimo
2819 4797 2890 4866 et
2939 4792 3331 4867 reverentia
3374 4793 3728 4869 habuisse.
3787 4794 3988 4868 Unde

907 4914 980 4984 et
1034 4931 1249 5002 equos
1302 4911 1589 4983 illorum
1626 4911 1982 5000 meliores,
2039 4911 2114 4983 in
2162 4910 2676 5003 expeditionem
2713 4911 3122 5002 procedenS,
3170 4912 3616 5004 relinquebat
3651 4913 3725 4984 in
3773 4913 3988 4985 curiis

909 5029 1059 5102 suis
1112 5029 1575 5121 pabulandos:
1634 5035 1705 5104 et
1758 5030 1822 5104 si
1876 5030 2149 5123 quando
2197 5029 2608 5103 deficiebant
2663 5028 2765 5101 eis
2802 5029 2999 5120 equi,
3057 5029 3250 5103 illico
3304 5031 3706 5122 provisione
3743 5035 3814 5104 et
3849 5031 3988 5102 lar-

907 5149 1175 5243 gitione
1212 5170 1339 5222 sua
1377 5150 1501 5222 alii
1539 5149 1616 5223 in
1651 5150 1881 5224 locum
1919 5148 2393 5224 deficientium
2441 5148 3133 5222 administrabantur.
3172 5150 3559 5242 Postquam
3594 5170 3757 5223 vero
3796 5169 3990 5223 exer-

1128 5404 1177 5485 ¹)
1222 5409 1421 5467 vestes
1468 5400 1620 5468 Cod.
1649 5401 1843 5468 Rozr.
1892 5401 1946 5483 ²)
1991 5405 2118 5465 eius
2162 5399 2291 5465 Ed.
2322 5400 2504 5486 Lips.
2537 5401 2593 5483 ⁸)
2621 5421 2857 5464 manum
2899 5399 3049 5465 0001.
3082 5399 3274 5466 Rozr.
3317 5398 3373 5488 ⁴)
3406 5403 3586 5465 ductu
3619 5397 3771 5466 Ood.
3801 5399 3996 5465 Rozr.
