4342 6384
864 562 962 633 30
1501 584 1510 593 ·
2055 589 2284 645 Linea
2337 590 2795 660 nauseans,
3411 572 3554 673 (Α,
3592 573 3688 647 D.
3723 574 3960 674 lam.)

852 767 1311 856 existimanS,
1369 770 1531 844 dare
1586 773 1899 862 praefata
1952 773 2418 865 quadraginta
2470 775 2700 848 millia
2753 777 3168 852 florenorum
3222 800 3348 870 pro
3387 779 3644 872 exigua
3683 780 3952 854 diffida-

860 887 1077 960 tionis
1132 889 1405 976 charta,
1474 889 1855 962 consensit:
1932 913 2226 985 quorum
2289 893 2731 971 medietatem
2795 895 2867 967 in
2934 897 3440 988 campestribus
3504 900 3730 988 dedit,
3793 902 3955 974 reli-

860 1028 1066 1098 quam
1122 1009 1565 1084 medietatem
1632 1010 1705 1084 in
1772 1011 2057 1085 Gdansk
2121 1011 2384 1084 eisdem
2449 1015 2856 1108 Hungariae
2929 1016 3306 1091 baronibus
3370 1019 3739 1110 persolvit.
3817 1021 3958 1094 Nec

858 1149 981 1220 pro
1039 1131 1235 1206 tanta
1288 1129 1441 1202 auri
1499 1130 1895 1220 quantitate
1960 1130 2174 1204 alium
2247 1133 2584 1224 fructum,
2651 1135 2792 1208 nisi
2848 1136 3122 1210 easdem
3187 1138 3648 1212 diffidationis
3714 1140 3956 1214 literas

864 1246 937 1318 in
992 1268 1325 1338 praesens
1384 1253 1452 1321 et
1490 1251 1803 1331 futurum
1842 1250 2122 1339 retulit,
2183 1273 2360 1352 quae
2407 1257 2642 1326 tamen
2695 1254 2900 1331 iussu
2955 1257 3292 1332 baronum
3329 1259 3768 1352 Hungariae,
3825 1284 3960 1332 non

859 1366 933 1438 in
986 1368 1249 1458 palam,
1319 1369 1439 1440 sed
1502 1370 1587 1442 ad
1651 1375 1923 1460 partem
1978 1370 2158 1464 Regi
2200 1371 2252 1460 ¹)
2319 1373 2600 1448 fuerunt
2663 1380 3180 1468 praesentatae,
3257 1400 3595 1470 nemoque
3657 1381 3744 1453 de
3801 1381 3954 1452 uni-

861 1508 1059 1560 verso
1114 1487 1305 1582 regio
1362 1489 1675 1565 exercitu
1742 1495 2060 1581 noverat,
2126 1496 2403 1582 praeter
2467 1499 2619 1566 octo
2677 1496 3148 1584 consiliariOS,
3217 1498 3620 1574 huiusmodi
3684 1500 3955 1574 diffida-

854 1607 1076 1702 tionis
1130 1607 1376 1682 literas
1430 1610 1687 1692 allatas
1744 1611 2093 1688 extitisse.

858 1971 1105 2056 ulricus
1136 1973 1219 2049 dc
1248 1973 1559 2064 tuningen
1588 1973 1884 2056 Prusiae
1922 1975 2229 2066 legista
2272 1978 2438 2050 falso
2469 1979 2704 2068 gaudio
2745 1981 3076 2060 exercitus
3105 1981 3385 2056 Polonici
3417 1984 3601 2070 qnasi
3641 1983 3959 2072 mgiontis

860 2093 1063 2183 primo
1108 2094 1548 2193 portandum
1585 2099 1844 2185 -nostea
1888 2100 2108 2173 tamon
2154 2098 2346 2170 nrbes
2385 2117 2547 2180 snas
2589 2099 2799 2174 munit
2860 2103 2930 2186 ot
2983 2101 3066 2172 ad
3111 2102 3538 2189 dimicandum
3597 2121 3739 2180 eum
3783 2103 3960 2193 nege

2227 2219 2610 2310 accingitur.

1069 2452 1469 2528 Transitum
1525 2457 2007 2548 retrogradum
2063 2458 2456 2546 Wladislao
2510 2459 2703 2552 Rege
2758 2459 2931 2535 feria
2968 2463 3172 2544 sexta
3223 2460 3579 2552 praedicta
3631 2461 3958 2549 faciente,

852 2565 1267 2666 explorator
1334 2575 1805 2653 Pruthenicus
1876 2577 2168 2673 pulvere
2241 2599 2657 2670 conspersus
2731 2583 2802 2651 et
2867 2580 3124 2652 sudore
3185 2579 3491 2668 oblituS,
3563 2581 3655 2653 ad
3726 2585 3962 2657 castra

859 2694 1183 2788 Magistri
1234 2695 1679 2796 perveniens,
1736 2697 2071 2773 Poloniae
2125 2699 2389 2794 Regem
2449 2702 2526 2770 et
2572 2721 2784 2783 suum
2840 2700 3224 2784 exercitum
3289 2699 3674 2791 discessum
3731 2702 3960 2790 facere

846 2820 930 2890 et
994 2815 1231 2908 fugere
1304 2815 1636 2889 astruxit.
1711 2817 1937 2893 Cuius
2008 2818 2350 2892 relatione
2413 2819 2744 2896 Prussiae
2817 2819 3154 2912 Magister
3226 2819 3513 2895 Ulricus
3583 2820 3961 2902 admodum

859 2935 1329 3023 exhilaratus,
1386 2936 1475 3008 ad
1510 2936 1803 3019 barones
1843 2938 2248 3031 Hungariae
2301 2938 2672 3020 Nicolaum
2711 2946 2780 3012 et
2811 2939 3223 3031 Stiborium‚
3260 2939 3465 3013 illum
3501 2941 3834 3032 perduxit
3865 2939 3958 3030 2).

860 3057 1072 3146 Ecce,
1140 3055 1407 3146 inquit,
1472 3057 1712 3146 homo,
1780 3057 1901 3150 qui
1966 3063 2036 3130 et
2098 3057 2382 3144 natione
2446 3061 2786 3148 PolonuS,
2861 3060 3304 3152 exploratum
3359 3060 3651 3150 missnS,
3717 3060 3960 3149 rediit,

859 3174 1194 3251 nuntians
1248 3175 1450 3248 nobis
1514 3181 1745 3250 castra
1798 3177 2133 3253 Poloniae
2186 3178 2404 3272 Regis
2470 3179 2715 3253 diebus
2773 3180 3054 3274 ,aliquot
3119 3180 3510 3272 quaesisse,
3575 3201 3803 3272 neque
3869 3181 3964 3257 ad

859 3297 987 3371 illa
1038 3295 1434 3389 pertingere
1499 3297 1849 3389 pot-uisse:
1920 3300 2346 3381 stativorum
2401 3299 2692 3392 ¹quidem
2759 3321 3042 3372 suorum
3106 3301 3260 3372 loca
3321 3299 3720 3390 offendenS,
3787 3321 3967 3374 vasa

858 3418 1131 3509 aliquot
1184 3437 1437 3506 vacua,
1505 3437 1856 3514 equosque
1920 3419 2193 3512 aliquot
2252 3421 2626 3516 languidos
2691 3421 3007 3510 relictos,
3075 3420 3604 3510 bombardarum
3667 3420 3968 3512 insuper

858 3538 1129 3630 lapides
1191 3537 1455 3628 reperit
1516 3539 1885 3630 proiectos.
1970 3540 2290 3634 vestigia
2354 3541 2603 3615 deinde
2668 3541 3019 3614 exercitus
3083 3561 3425 3634 sequenS,
3499 3541 3588 3612 ad
3651 3541 3969 3632 compita

852 3659 1301 3752 pervenienS,
1359 3659 1434 3732 in
1472 3681 1649 3750 qnae
1702 3660 1855 3736 loca
1902 3659 2276 3734 diverterit
2313 3660 2697 3750 exercituS,
2757 3662 2952 3735 nullo
2989 3665 3194 3754 pacto
3251 3660 3641 3737 discerncre
3695 3660 3964 3754 potuit.

857 3781 1138 3854 Certum
1191 3779 1433 3874 itaque
1486 3785 1718 3867 teneo,
1776 3781 2110 3863 Poloniae
2165 3782 2428 3873 Regem
2484 3785 2553 3854 et
2609 3803 2812 3858 suum
2869 3780 3286 3870 exercitum,
3344 3781 3532 3855 rires
3587 3785 3656 3853 et
3710 3786 3966 3871 poten-

858 3901 1029 3974 tiam
1083 3922 1307 3983 meam
1365 3899 1698 3988 veritum,
1752 3901 1992 3992 :fugam
2049 3899 2328 3988 iniisse,
2396 3921 2552 3972 cnm
2608 3901 2958 3972 discessus
3014 3905 3280 3975 certum
3336 3900 3559 3974 soleat
3613 3899 3970 3972 indicium

862 4021 1178 4095 timentis
1234 4041 1417 4094 esse:
1484 4019 1915 4112 flue-tuoque,
1976 4021 2143 4112 quid
2199 4041 2308 4092 me
2362 4041 2566 4112 agere
2623 4020 2980 4112 expediat,
3037 4020 3240 4094 hoste
3289 4041 3443 4100 meo
3500 4021 3601 4092 sic
3653 4020 3972 4102 latenter

858 4142 1192 4235 fugiente.
1244 4139 1647 4230 Consu-lite„
1696 4161 1959 4231 precor,
2018 4140 2187 4230 quid
2243 4145 2528 4214 acturus
2583 4143 2786 4214 snm?
2839 4160 3307 4234 persequarne
3362 4141 3634 4212 hostem
3680 4140 3968 4234 fugien-

859 4269 1031 4350 tem,
1090 4266 1212 4334 aut
1243 4259 1305 4352 ³)
1357 4259 1791 4332 subsistam?
1848 4261 2157 4337 Batones
2213 4266 2448 4336 autem
2480 4263 2542 4350 ⁴)
2591 4261 3023 4354 Hungariae,
3081 4281 3263 4332 nova
3313 4260 3656 4344 relatione
3711 4261 3970 4352 explo-

858 4381 1113 4456 ratoris
1168 4380 1440 4467 audita,
1508 4379 1749 4454 taliter
1810 4380 2199 4454 disserunt:
2265 4381 2613 4456 Proiectio
2678 4403 3003 4453 vasorum
3067 4385 3138 4452 et
3191 4380 3479 4472 quidem
3553 4401 3972 4470 vacuorum,

847 4521 1331 4594 „equorumque
1386 4499 1757 4588 debilium,
1820 4522 1957 4572 non
1994 4506 2104 4574 cst
2148 4503 2404 4574 efficax
2461 4501 2909 4575 discessionis
2965 4507 3088 4572 aut
3134 4501 3340 4594 fugae
3379 4499 3690 4592 signum:
3746 4500 3976 4574 deliri

844 4622 1039 4700 enim
1096 4624 1566 4709 censerentur,
1626 4621 1746 4717 qui
1786 4641 2017 4693 secum
2075 4642 2294 4697 vacua
2350 4626 2420 4692 et
2458 4621 2708 4700 clauda
2745 4622 3026 4694 ferrent.
3084 4619 3431 4712 Lapidum
3487 4625 3721 4692 tamen
3759 4620 3977 4693 bom-

854 4743 1294 4823 bardicorum
1316 4740 1743 4832 ⁵)p1eoiectio
1782 4742 1901 4813 dat
1922 4741 2564 4840 «praesumptionem
2605 4742 2917 4834 aliquam
2949 4741 3170 4814 subiti
3207 4761 3524 4814 recessus
3561 4744 3686 4812 aut
3725 4741 3976 4832 fugae.

856 4863 1105 4952 Maiori
1160 4869 1403 4936 :tamen
1434 4861 1496 4952 6)
1552 4867 1632 4934 et
1695 4863 1975 4937 certiori
2030 4861 2366 4956 ,indagine
2425 4883 2542 4934 res
2607 4861 3070 4944 examinanda
3135 4867 3276 4950 est,
3353 4882 3478 4934 nec
3541 4861 3708 4952 fuga
3767 4861 3980 4940 tanti

858 4984 1209 5064 exercitus
1262 4983 1457 5056 illico
1511 5003 1636 5073 pro
1692 5003 1854 5056 vero
1911 4982 2338 5074 accipienda.
2411 4981 2548 5054 His
2595 4986 2676 5054 ,et
2731 4986 3106 5055 veteranus
3150 4981 3443 5076 ,quidam
3497 4981 3582 5054 de
3637 4981 3980 5053 exercitu

858 5103 1178 5196 Magistri
1215 5103 1419 5175 miles
1473 5103 1699 5174 libera
1735 5101 2169 5174 contumacia
2205 5101 2491 5180 adiecit:
2551 5101 2906 5189 Verearis,
2946 5100 3211 5193 inquit,
3254 5100 3611 5193 Magister,
3665 5121 3755 5172 ne
3799 5102 3983 5194 fuga

1077 5376 1124 5454 ¹)
1168 5379 1256 5437 rei
1321 5373 1471 5439 (lod.
1518 5374 1693 5440 Kost.
1766 5374 1815 5456 ²)
1872 5377 2232 5454 perducens,
2291 5377 2483 5459 inquit
2544 5370 2696 5438 Cad.
2741 5372 2932 5440 Rozr.
3005 5373 3056 5454 ³)
3103 5393 3180 5434 an
3244 5370 3394 5436 Geel.
3441 5369 3628 5434 Roma
3702 5369 3756 5449 ·⁴)
3806 5377 3984 5439 enim

864 5476 1014 5543 Cod.
1058 5477 1249 5542 Roz-r.
1300 5475 1355 5562 ⁵)
1402 5481 1973 5541 bombardaricorum
2020 5476 2143 5540 Ed.
2177 5476 2356 5561 Lips.
2406 5477 2461 5559 ⁶)
2499 5485 2700 5564 ‚antem
2741 5474 2899 5544 Cod.
2951 5473 3125 5541 Calv.
