4342 6384
357 568 494 671 (Α.
533 568 625 645 D.
665 565 916 669 1424.)
1507 589 1734 645 amun
1782 588 2245 649 monemus.
2620 656 2635 667 .
2838 674 2843 679 ἱ
3284 570 3434 646 319

353 777 620 869 Regem
684 778 964 849 locutus
1018 778 1156 849 est:
1229 773 1323 847 Et
1382 796 1509 866 pro
1571 794 1722 849 meo
1785 773 1861 848 in
1921 778 2027 865 te,
2093 773 2534 849 serenissime
2596 773 2785 864 Rex,
2850 774 3111 867 officio,
3180 781 3251 849 et
3311 798 3437 868 pro

354 894 830 969 illustrissimi
881 893 1264 967 Wladislai
1324 894 1656 967 Poloniae
1719 893 1935 987 Regis
1997 893 2373 984 desiderio,
2430 896 2853 986 spontaneus
2870 950 2887 983 ‚
2954 914 3111 968 cum
3164 895 3436 968 duobus

353 1015 576 1107 Regis
627 1013 928 1107 praefati
980 1012 1252 1086 nuntiis
1269 1068 1286 1101 ‚
1352 1013 1604 1087 adveni
1619 1068 1637 1103 ,
1701 1013 1938 1085 vivam
1999 1014 2449 1087 securitatem
2512 1013 2648 1086 tibi
2708 1013 3177 1106 praestiturus
3191 1070 3210 1104 ‚
3269 1034 3437 1105 qua·

355 1138 564 1207 tenus
617 1155 744 1207 nos
797 1133 1058 1207 liberos
1112 1137 1236 1204 aut
1286 1132 1562 1205 vinctos
1617 1132 1692 1205 in
1744 1130 1986 1225 Regno
2040 1137 2161 1205 tuo
2198 1132 2605 1225 Hungariae
2656 1132 3002 1222 detineas,
3060 1133 3275 1207 donec
3327 1154 3437 1205 so·

357 1274 520 1345 spes
583 1257 656 1325 et
715 1251 1092 1325 incolumis
1147 1270 1236 1325 ex
1288 1248 1583 1323 Polonia
1642 1251 2040 1325 revertaris.
2097 1251 2590 1344 sigismundus
2652 1252 2810 1325 Rex
2864 1271 2945 1324 ea
2994 1251 3345 1345 legatione
3383 1252 3439 1342 ¹)

356 1375 503 1443 tam
541 1369 892 1443 submissa
927 1370 1198 1459 audita,
1253 1370 1654 1462 respondet:
1713 1370 1882 1443 'l'am
1918 1370 2217 1442 notabili
2254 1369 2628 1443 securitate
2678 1385 2987 1462 unquam
3024 1392 3099 1444 se
3136 1370 3437 1464 eguisse,

359 1492 429 1562 et
483 1489 568 1561 de
619 1488 1001 1562 Wladislai
1052 1488 1384 1561 Poloniae
1435 1488 1652 1581 Regis
1707 1488 1844 1561 fide
1906 1488 2089 1561 nihil
2151 1510 2227 1561 se
2280 1509 2587 1579 unquam
2651 1488 2987 1579 veritum,
3045 1490 3442 1563 cracoviam

361 1607 514 1681 sine
568 1608 885 1699 quolibet
938 1607 1135 1678 salvo
1187 1606 1534 1678 conductu
1587 1607 1826 1679 venire
1880 1608 2090 1680 velle.
2163 1607 2373 1680 Feria
2426 1606 2672 1699 quinta
2724 1608 2925 1680 ambo
2979 1608 3207 1700 Reges
3224 1664 3243 1695 ,
3299 1608 3438 1680 Ro-

359 1746 720 1799 manorum
774 1725 1106 1798 videlicet
1159 1729 1230 1797 et
1263 1724 1518 1797 Daciae
1546 1723 1634 1814 2),
1691 1726 1814 1798 sed
1866 1730 1936 1799 et
1971 1726 2285 1799 Barbara
2337 1726 2805 1799 Romanorum
2841 1726 3147 1819 Regina,
3206 1725 3281 1798 in
3319 1747 3439 1818 op·

358 1843 626 1935 pidum⁴
655 1844 726 1917 N
729 1842 1018 1935 owitarg
1071 1843 1159 1914 ad
1212 1843 1581 1935 prandium
1645 1850 1716 1917 et
1767 1844 1857 1916 ad
1909 1849 2185 1945 noctem
2243 1844 2686 1936 perveniunt.
2758 1844 2968 1918 Feria
3020 1848 3221 1917 sexta
3280 1845 3443 1918 inde

361 1962 655 2055 egressi,
712 1962 1096 2054 procedunt
1147 1961 1225 2033 in
1277 1960 1693 2033 Mislimicze
1723 1960 1809 2051 3),
1886 1982 2022 2053 quo
2051 1964 2116 2052 ⁴)
2169 1962 2337 2035 illos
2400 1962 2837 2035 Wladislaus
2892 1963 3227 2037 Poloniae
3286 1962 3444 2036 Rex

360 2080 437 2153 in
490 2081 1000 2173 campestribus
1053 2078 1411 2172 excipiens
1474 2084 1546 2153 et
1605 2080 2109 2154 humanissime
2159 2081 2505 2170 invitam,
2564 2082 2639 2154 in
2676 2081 3087 2155 Mislimicze
3120 2082 3439 2156 deduxit.

367 2199 668 2272 Sabbato
725 2220 960 2273 omnes
1013 2204 1160 2271 tres
1214 2200 1444 2291 Reges
1497 2198 1572 2271 in
1606 2198 2066 2272 multitudine
2116 2200 2319 2292 gravi
2372 2204 2441 2273 et
2477 2203 2818 2291 apparatu
2870 2200 3308 2274 nobilissimo
3347 2220 3437 2275 ex

369 2317 783 2391 Mislimicze
837 2317 1135 2410 egressi,
1191 2317 1267 2390 in
1319 2317 1797 2410 Wyeliczkam
1852 2318 2302 2410 perveniunt:
2360 2319 2683 2410 factoque
2733 2319 2822 2391 ad
2865 2340 3079 2392 unam
3131 2319 3445 2393 tabulam

368 2436 661 2528 prandio
715 2437 790 2508 in
845 2437 998 2509 sala
1049 2438 1447 2528 Zupparum
1503 2436 1880 2529 superiori,
1937 2436 2335 2511 cracoviam
2399 2436 2513 2509 die
2575 2437 2844 2525 eodem,
2904 2437 3028 2529 qui
3078 2438 3321 2512 mitem
3374 2444 3446 2512 et

368 2554 716 2647 placidam
771 2576 1010 2628 auram
1063 2556 1304 2643 dabat,
1360 2556 1870 2648 ingrediuntur.
1940 2556 2409 2629 Occurrebant
2460 2558 2693 2629 autem
2744 2555 3056 2649 Regibus
3108 2557 3443 2647 Praelati,

371 2673 768 2765 Principes,
822 2674 1114 2747 barones
1167 2674 1459 2762 diversi,
1517 2674 1640 2766 qui
1690 2695 1831 2747 non
1882 2675 2110 2747 solum
2175 2695 2265 2748 ex
2315 2673 2647 2746 Poloniae
2700 2674 2939 2766 Regno
2995 2678 3066 2747 et
3117 2673 3267 2748 eius
3324 2676 3443 2748 do-

372 2792 644 2881 miniis,
702 2793 825 2865 sed
878 2793 1089 2865 etiam
1145 2813 1232 2865 ex
1267 2792 1554 2866 remotis
1609 2793 1750 2866 oris
1803 2797 1874 2867 et
1908 2791 2175 2885 Regnis
2226 2791 2488 2885 rogati,
2543 2791 2999 2882 advenerant,
3056 2797 3128 2865 et
3181 2793 3446 2887 singuli

371 2932 496 3002 per
557 2915 828 2984 turmas
901 2918 972 2984 et
1033 2911 1382 2984 exercitus
1399 2966 1416 2999 ‚
1490 2911 1734 2984 turbas
1813 2916 1884 2984 et
1954 2931 2245 3000 cuneos,
2318 2910 2394 2984 in
2466 2910 2833 3002 splendore
2900 2910 3165 3003 insigni
3244 2911 3449 2985 iuxta

376 3028 673 3120 quisque
729 3050 893 3101 suas
946 3030 1318 3102 facultates
1375 3030 1827 3103 occurrebant
1855 3030 1951 3119 ⁵);
2007 3030 2130 3103 sed
2186 3033 2255 3103 et
2308 3032 2694 3119 matronae,
2750 3029 3199 3121 virginesque
3249 3030 3447 3104 nobi·

375 3147 480 3219 les
496 3202 514 3235 ‚
571 3147 648 3219 in
701 3148 1046 3220 vehiculis
1102 3154 1172 3221 et
1227 3148 1546 3221 curribus
1599 3148 2034 3241 fulgentibus
2097 3152 2167 3223 et
2230 3147 2584 3222 deauratis
2647 3146 2992 3222 faciebant
3060 3169 3448 3222 occursum.

377 3265 766 3357 Exceperat
819 3266 1030 3339 etiam
1083 3268 1314 3359 Reges
1369 3288 1496 3339 suo
1567 3287 1859 3340 occursu
1923 3268 2202 3340 Branda
2263 3267 2464 3339 tituli
2517 3265 2758 3339 Sancti
2810 3265 3187 3341 clementis
3246 3268 3451 3341 Pres-

375 3384 582 3476 byter
632 3384 1026 3458 cardinalis
1079 3384 1564 3473 Placentinus,
1621 3407 1663 3457 a
1714 3386 2014 3458 Martino
2067 3386 2262 3477 Papa
2306 3384 2551 3476 quinto
2602 3384 2679 3455 in
2716 3385 3208 3458 solennitatem
3262 3406 3451 3459 coro·

377 3502 686 3575 nationis
738 3504 1093 3594 praefatae
1129 3503 1388 3575 missus
1405 3559 1422 3591 ,
1478 3503 1649 3576 item
1683 3504 1846 3577 Dux
1885 3503 2377 3597 Sigismundus
2413 3502 2771 3575 Koributh
2805 3502 2880 3574 in
2916 3502 3455 3597 quingentorum

382 3641 715 3712 equorum
769 3642 1053 3694 numero
1107 3622 1336 3714 Reges
1392 3621 1772 3713 excipiens.
1832 3621 2092 3713 Sophia
2145 3621 2393 3695 deinde
2428 3620 2761 3693 Poloniae
2794 3621 3066 3714 Regina
3117 3621 3193 3695 in
3220 3624 3455 3695 monte

383 3740 716 3812 Lasotino
769 3739 1030 3832 tapetis
1086 3744 1437 3813 constrato
1494 3740 2024 3833 sigismundum
2076 3741 2545 3813 Romanorum
2598 3742 2669 3812 et
2712 3740 3117 3832 Hungariae
3167 3741 3453 3833 Regem,

385 3858 672 3949 eiusque
735 3862 1124 3931 consortem
1154 3858 1218 3948 ⁶)
1283 3860 1665 3932 Barbaram
1726 3859 2065 3952 Reginem
2127 3859 2445 3951 excepit3
2518 3861 2591 3931 et
2658 3857 3077 3932 invitatione
3147 3860 3453 3952 expleta,

386 3974 726 4068 Reginam
777 3977 1157 4049 Barbaram
1209 3977 1285 4049 in
1320 3977 1720 4051 vehiculum
1776 3999 2011 4067 suum,
2067 3977 2243 4050 miro
2298 3982 2547 4050 ornatu
2584 3978 2990 4069 superbum,
3046 3978 3454 4070 assumpsit,

389 4098 456 4166 et
507 4114 732 4186 usque
783 4094 860 4167 in
895 4095 1418 4168 cracoviensem
1470 4116 1696 4169 arcem
1750 4100 1820 4168 et
1870 4097 2259 4169 thalamum
2322 4116 2447 4188 pro
2512 4096 2957 4189 Sigismundo
3012 4098 3205 4191 Rege
3256 4084 3468 4189 prae-'

387 4217 738 4303 paratum,
795 4214 1192 4286 cubiculum
1256 4215 1584 4289 videlicet
1646 4215 1946 4306 pictum,
2010 4215 2371 4289 conduxit.
2446 4215 2650 4288 Erico
2704 4216 2885 4310 Regi
2938 4217 3287 4289 caminata
3340 4237 3457 4288 su—

387 4331 613 4421 perior
684 4331 1124 4424 consignata,
1197 4354 1374 4425 quae
1444 4354 1532 4407 ex
1601 4334 1730 4406 illo
1799 4338 2110 4426 tempore
2181 4333 2597 4407 vocabulum
2667 4335 2753 4408 ab
2824 4336 3103 4428 hospite
3175 4335 3457 4425 sortita,

389 4450 786 4523 cubiculum
836 4450 1053 4544 Regis
1107 4452 1362 4525 Daciae
1383 4452 1446 4541 ⁷)
1497 4454 1919 4526 nominatur.

601 4734 653 4818 ¹)
696 4738 991 4799 locutione
1039 4732 1190 4799 Cod.
1220 4734 1411 4799 Rozr.
1461 4732 1517 4819 ςΙ)
1561 4738 1792 4797 Daniae
1833 4732 1960 4799 Ed.
1994 4732 2175 4820 Lips.
2224 4734 2279 4816 ⁸)
2320 4737 2646 4799 Misliuicze
2674 4735 2804 4800 Ed.
2833 4734 3017 4820 In‘ps.
3064 4736 3119 4818 ⁴)
3162 4739 3264 4800 ubi
3311 4734 3464 4802 Cod.

389 4836 580 4903 Rozr.
645 4835 700 4917 ⁶)
745 4840 922 4900 divisi
991 4838 1284 4900 ducebant
1344 4833 1496 4901 cod.
1553 4834 1744 4899 Rozr.
1815 4835 1868 4917 ⁶)
1913 4842 2242 4899 consortem
2307 4834 2479 4901 deest
2531 4837 2607 4901 in
2674 4836 2827 4903 0001.
2890 4836 3066 4903 Calo.
3137 4836 3191 4921 ⁷)
3235 4840 3467 4901 Dauiae

388 4938 514 5003 Ed.
570 4937 755 5021 Lips.
