4342 6384
858 491 1010 563 550
1775 453 1782 459 ’
2042 511 2269 561 menn
2320 512 2788 564 UNDEGIMus.
3366 486 3523 593 (Α.
3563 487 3652 562 D.
3694 486 3941 585 1434.)

854 701 926 771 61
982 697 1430 771 infestatione
1486 698 1840 771 Ecclesiae
1897 698 2273 786 exterruit,
2342 703 2412 771 et
2473 699 2638 770 dare
2691 718 2929 793 pacem
2985 697 3343 771 Ecclesiae
3408 695 3610 769 annis
3676 696 3937 789 aliquot

855 822 1149 892 vexatae
1204 818 1452 914 coegit.

855 1167 1082 1256 Legati
1126 1167 1500 1239 Polonornm
1543 1167 1627 1239 ad
1672 1168 2144 1257 Sigismundum
2187 1168 2639 1257 Imperatorem
2683 1171 3064 1255 mittuntur,
3111 1170 3220 1258 qni
3256 1170 3455 1240 liliam
3484 1169 3939 1240 uberrimus

854 1286 1154 1359 lustriae
1199 1304 1313 1377 pro
1360 1286 1714 1358 wladislao
1756 1288 1826 1358 in
1870 1288 2345 1360 matrimonium
2391 1292 2649 1377 potunt.
2693 1288 2856 1361 ltom
2910 1290 3020 1361 alii
3066 1289 3271 1379 legati
3319 1289 3401 1360 od
3447 1289 3793 1362 concilium
3834 1288 3937 1359 Ba·

1297 1408 1566 1483 silicano
1610 1409 1996 1484 mittuntur:
2042 1410 2150 1483 ubi
2194 1411 2375 1484 iusta
2420 1410 2770 1486 wladislao
2814 1412 2971 1504 Regi
3016 1411 3497 1501 persolvuntur.

1063 1659 1520 1734 Coronatione
1596 1662 1974 1735 Wladislai
2046 1661 2497 1755 primogeniti
2537 1663 2590 1752 ¹)
2648 1662 3004 1754 expedita,
3080 1683 3219 1734 non
3285 1661 3426 1734 alia
3506 1660 3933 1734 consiliarios

856 1780 1085 1873 Regni
1139 1781 1399 1871 tenuit,
1460 1782 1851 1875 animisque
1906 1805 2141 1857 eorum
2198 1783 2489 1856 incessit
2543 1805 2739 1872 cura,
2798 1782 2939 1856 nisi
2998 1788 3078 1855 ut
3116 1804 3273 1855 cum
3316 1782 3766 1876 Sigismundo
3805 1783 3933 1855 Ro-

859 1922 1215 1974 manorum
1271 1904 1699 1995 Imperatore
1755 1908 1824 1977 et
1878 1904 2281 1996 Hungariae
2344 1906 2537 1997 Rege
2592 1926 2762 1995 pax,
2840 1904 3055 1976 variis
3124 1904 3608 1977 simultatibus
3664 1904 3933 1987 infecta,

857 2023 1380 2112 reformaretur,
1439 2046 1526 2095 ne
1582 2025 1774 2118 Rege
1826 2026 2164 2117 puerilem
2220 2027 2521 2099 habente
2574 2031 2907 2112 aetatem,
2967 2044 3095 2096 sua
3131 2024 3524 2097 calliditate
3561 2030 3631 2096 61
3667 2023 3934 2116 ingenio

859 2142 1229 2231 finitimos,
1307 2148 1377 2216 et
1447 2145 1858 2235 praesertim
1923 2146 2345 2234 Cruciferos‚
2412 2168 2665 2219 vexare
2729 2146 2915 2220 bello
2981 2147 3303 2238 Regnum
3358 2144 3691 2217 Poloniae
3742 2144 3934 2215 indu-

862 2262 1089 2337 xisset
1117 2261 1206 2353 2),
1263 2269 1387 2336 aut
1439 2263 1592 2355 ipse
1645 2266 1792 2338 suis
1845 2268 2183 2358 potentiis
2240 2267 2353 2339 1111
2407 2268 2633 2340 1166116
2682 2266 3121 2357 infestusque
3159 2269 3365 2338 esset.
3423 2262 3935 2338 consultatione

859 2382 1100 2475 itaque
1151 2384 1454 2476 primum
1510 2385 1594 2458 de
1647 2387 1778 2459 hac
1831 2408 1904 2460 re
1959 2388 2233 2476 habita,
2295 2388 2603 2461 omnium
2658 2385 3160 2460 deliberatione
3216 2390 3285 2457 et
3340 2406 3635 2458 assensu
3680 2384 3939 2476 placuit

858 2504 948 2575 ad
1001 2503 1206 2577 illum
1261 2505 1435 2578 duos
1488 2504 1780 2579 barones
1835 2508 2057 2594 mitti,
2125 2508 2213 2579 ad
2268 2507 2689 2599 iungendam
2756 2528 2989 2580 secum
3054 2504 3470 2577 affinitatem
3544 2509 3615 2577 et
3679 2505 3769 2577 ad
3830 2524 3939 2595 pe-

857 2624 1143 2697 tendum
1197 2625 1417 2699 filiam
1471 2625 1749 2700 Alberti
1805 2627 2138 2700 Austriae
2194 2628 2443 2715 Ι)11616,
2500 2634 2905 2720 proneptem
2962 2649 3189 2713 suam,
3236 2626 3625 2698 Wladislao
3663 2624 3842 2717 Regi
3874 2624 3941 2695 111

858 2750 1278 2837 consortem,
1339 2748 1653 2819 futurum
1709 2747 2200 2821 existimantes
2256 2748 2677 2836 consiliarii,
2745 2747 3089 2821 affinitate
3144 2746 3549 2820 huiusmodi
3604 2752 3673 2819 et
3718 2750 3937 2817 trans-

861 2869 1054 2938 actas
1129 2866 1529 2940 simultates
1593 2873 1663 2940 et
1717 2867 1876 2940 odia
1939 2868 2459 2960 quomodolibet
2523 2870 2706 2942 inter
2769 2871 2997 2961 Reges
3053 2872 3122 2941 et
3181 2868 3427 2960 Regna
3478 2866 3829 2941 concitata
3878 2868 3944 2936 et

862 2988 1045 3074 orta,
1105 2986 1248 3079 tegi
1301 3006 1537 3078 posse,
1596 2992 1665 3059 et
1719 2988 2085 3080 splendido
2140 2988 2462 3082 coniugio
2518 2987 3052 3080 amplitudinem
3109 2988 3352 3082 Regno
3409 2986 3774 3073 Poloniae,
3832 2984 3942 3055 ob-

862 3104 1190 3177 euntibus
1226 3106 1656 3197 Imperatore
1709 3106 2154 3199 Sigismundo
2195 3112 2264 3181 et
2300 3110 2491 3181 Duce
2530 3108 2862 3182 Austriae
2900 3107 3223 3193 Albert0‚
3283 3108 3551 3179 nullam
3591 3112 3759 3178 tunc
3797 3126 3941 3196 pro-

859 3224 997 3297 lem
1052 3226 1510 3299 masculinam
1564 3228 1893 3316 habente,
1951 3228 2319 3319 provenire
2349 3228 2437 3318 ²³).
2497 3227 2768 3302 Delecti
2823 3228 3061 3319 itaque
3114 3228 3249 3299 duo
3303 3228 3597 3299 barones
3646 3225 3733 3296 ad
3770 3226 3947 3295 hanc

861 3344 1283 3437 legationem
1317 3346 1493 3419 bene
1525 3348 1928 3439 gerendam,
1968 3348 2317 3420 comm-uni
2355 3347 2615 3420 iudicio
2646 3349 2709 3438 ⁴)
2766 3347 3121 3420 aestimati
3154 3347 3240 3435 5),
3299 3347 3647 3419 Iohannes
3687 3345 3772 3417 de
3808 3346 3945 3415 Ko-

862 3466 1236 3556 nyeczpole
1299 3465 1525 3558 Regni
1593 3466 1922 3539 Poloniae
1986 3467 2447 3541 cancellarius
2514 3473 2583 3541 et
2646 3469 2995 3541 Iohannes
3060 3469 3144 3539 de
3208 3466 3665 3538 Oleschnicza
3730 3462 3949 3555 Regni

861 3583 1194 3663 Poloniae
1251 3587 1668 3673 mar-salcuS,
1726 3588 1812 3659 ad
1866 3590 2257 3678 praefatum
2316 3587 2845 3680 Sigismundum
2902 3588 3401 3678 Imperatorem
3458 3584 3947 3656 transmittun-

861 3708 1000 3776 tur.
1057 3704 1423 3777 Praecedit
1477 3705 1640 3777 illos
1696 3706 1897 3779 iussu
1953 3708 2166 3799 Regis
2223 3712 2293 3779 et
2348 3708 2907 3779 consiliariorum
2963 3707 3310 3778 Iohannes
3350 3704 3688 3779 Gamrath
3726 3703 3949 3786 milae,

859 3829 943 3896 ut
997 3828 1066 3897 et
1120 3825 1497 3897 adventum
1537 3845 1771 3898 eorum
1809 3827 2227 3917 Imperatori
2274 3828 2734 3916 (1611111111616)
2792 3832 2861 3899 61
2900 3828 3347 3899 securitatem
3386 3822 3804 3897 adveniendi
3846 3843 3949 3892 or-

775 3940 790 3953 '
861 3944 1175 4033 (1111617).
1233 3946 1308 4017 Is
1347 3947 1852 4019 commissione
1917 3948 2109 4019 Petri
2175 3948 2704 4039 Schaffranyecz
2775 3948 3074 4040 palatini
3138 3943 3621 4019 cracoviensis
3688 3956 3939 4015 temere

863 4069 935 4136 et
989 4064 1540 4137 extraordinarie
1595 4071 1951 4157 suscepta,
2011 4067 2276 4139 indicat
2329 4067 2779 4157 Imperatori:
2838 4068 3139 4157 Legatos
3188 4063 3521 4135 Poloniae
3557 4066 3830 4135 oratum
3868 4059 3953 4131 ad

868 4205 1024 4257 eum
1081 4185 1349 4272 venire,
1385 4191 1498 4256 .ut
1550 4187 2157 4277 gubernationem,
2224 4187 2657 4277 tutelamque
2704 4186 2932 4278 Regni
2980 4183 3311 4257 Poloniae
3366 4182 3732 4272 suscipiat.
3800 4179 3953 4252 Non

863 4303 1096 4377 minus
1151 4309 1416 4398 temere,
1463 4305 1722 4397 legatio
1776 4307 1946 4379 haec
2001 4306 2352 4397 exposita,
2425 4328 2631 4397 quam
2688 4306 2773 4377 ab
2828 4305 3255 4396 Imperatore
3318 4301 3585 4375 credita
3648 4306 3791 4386 est,
3847 4299 3949 4371 in-

861 4423 1223 4517 gessitque
1276 4425 1506 4501 animo
1545 4446 1669 4496 suo
1709 4446 2027 4517 magnam
2083 4426 2572 4498 extollentiam
2600 4426 2665 4513 ⁸)
2722 4430 2791 4496 et
2825 4423 3290 4508 hilaritatem,
3352 4442 3561 4512 quam
3598 4420 3947 4493 continere

861 4565 1001 4616 non
1055 4545 1333 4632 valens,
1390 4544 1712 4616 omnibus
1768 4545 2191 4618 consiliariis
2248 4546 2429 4633 suis,
2486 4547 2671 4618 inter
2725 4564 2901 4636 quos
2950 4548 3117 4615 tunc
3154 4540 3379 4633 aliqui
3416 4539 3773 4613 Electores
3812 4538 3946 4611 Im-

859 4663 1039 4756 perii
1095 4683 1328 4737 secum
1383 4664 1703 4749 aderant,
1757 4665 2261 4757 gloriabundus
2301 4664 2580 4737 effudit:
2626 4662 2873 4757 Legati
2930 4661 3263 4734 Poloniae
3308 4660 3811 4752 Imperatorem
3876 4657 3947 4730 in

1078 4972 1124 5052 ι)
1171 4974 1548 5052 primogeniti
1604 4974 1967 5051 Iagyellonis
2031 4966 2183 5033 Cod.
2246 4967 2438 5033 Rozr.
2503 4969 2550 5049 ²)
2612 4970 2921 5032 induceret
2983 4964 3135 5031 cod.
3183 4966 3375 5030 Rozr.
3444 4967 3497 5032 ³]
3546 4974 3955 5046 proventuram

860 5082 1046 5139 morte
1089 5078 1468 5154 Imperatoris
1514 5074 1876 5153 sigismundi
1921 5080 1982 5136 et
2025 5074 2212 5134 Ducis
2271 5073 2551 5134 Austriae
2593 5074 2823 5134 Alberti
2835 5118 2852 5150 ,
2912 5072 3134 5133 nullam
3180 5078 3321 5133 tunc
3372 5072 3599 5148 prolem
3640 5072 3957 5131 masculam

861 5180 1153 5251 habentis.
1211 5176 1363 5242 eod.
1410 5175 1603 5240 Rozr.
1668 5175 1720 5255 ⁴)
1766 5179 1966 5238 idonei
2027 5178 2319 5238 communi
2361 5176 2580 5237 iudicio
2638 5168 2791 5238 Cod.
2839 5173 3035 5237 Rozr.
3100 5174 3152 5253 ⁵)
3199 5175 3519 5235 existimati
3577 5168 3731 5237 God,
3782 5170 3955 5235 Koet.

869 5279 925 5360 ⁸)
947 5282 1270 5367 *nuntiaret
1326 5278 1478 5344 0001.
1524 5277 1720 5342 Rozr.
1772 5278 1824 5359 ⁷)
1873 5280 2195 5347 ordinaret.
2244 5274 2397 5341 Cod.
2432 5275 2625 5340 Rozr.
2674 5278 2725 5356 ⁸)
2772 5278 3182 5341 excellentiam
3224 5274 3351 5340 Ed.
3396 5272 3579 5359 Lips.
