4342 6384
342 571 479 675 (Α.
518 575 609 652 D.
644 578 904 681 1434.)
1511 603 1738 657 unna
1789 599 2250 655 unnncnms.
3295 578 3440 655 539

342 810 517 864 ram.
574 789 775 861 Hanc
810 792 1043 861 autem
1099 788 1567 869 vastationem
1632 787 1940 861 creditus
2004 790 2111 860 est
2166 786 2616 880 suggestione
2671 786 3068 878 aliquorum
3106 786 3442 859 baronum

339 908 707 995 Poloniae,
782 908 1295 981 clandestinum
1362 908 1597 982 odium
1668 911 1911 980 contra
1987 907 2365 999 Sbigneum
2441 906 2844 998 episcopum
2916 905 3442 979 Cracoviensem

338 1028 773 1121 gestantium
828 1033 897 1103 et
953 1028 1117 1102 aliis
1172 1027 1395 1101 modis
1450 1027 1563 1099 illi
1616 1046 1865 1100 nocere
1918 1048 2057 1099 non
2111 1026 2536 1115 valentium,
2595 1031 3004 1099 attentasse.

453 1391 759 1464 Derslaus
804 1391 887 1461 do
928 1390 1305 1479 nithvyani
1350 1390 1728 1462 thesaurum
1787 1390 1869 1461 ab
1913 1405 2039 1461 avo
2083 1406 2204 1463 auo
2249 1389 2560 1461 anfosum
2605 1393 2869 1463 movet
2912 1393 2983 1461 ot
3025 1390 3308 1479 turpiter

1394 1527 1471 1581 ao
1516 1510 1782 1603 prodigo
1825 1508 2110 1581 vivendo
2152 1509 2386 1599 pordit.

550 1752 695 1825 Sub
750 1750 931 1823 idem
989 1754 1288 1840 tempus,
1347 1748 1683 1821 Derslaus
1738 1747 1821 1821 de
1860 1747 2297 1839 Rithwyani,
2355 1747 2546 1820 filius
2601 1747 2888 1820 Martini
2941 1749 3027 1822 de
3079 1746 3435 1826 Lubnicze

341 1870 643 1962 palatini
706 1866 1220 1955 Lanciciensis,
1294 1867 1569 1958 nepotis
1634 1866 1949 1959 germani
2012 1867 2290 1939 Alberti
2358 1868 2870 1958 Iastrambyecz
2935 1867 3442 1960 archiepiscopi

342 1989 805 2076 Gnesnensis,
874 1990 1283 2062 thesaurum
1323 1989 1376 2076 ¹)
1440 1987 1857 2075 notabilem,
1924 1986 1999 2059 iu
2064 1987 2344 2061 florenis
2409 1987 3043 2080 Hungaricalibus,
3112 1987 3187 2058 in
3251 1988 3444 2060 vasis

342 2113 414 2182 et
470 2108 807 2183 clenodiis
864 2106 1096 2181 aureis
1153 2114 1223 2181 et
1276 2108 1658 2201 argenteiS,
1725 2108 1813 2179 ad
1866 2129 2232 2180 numerum
2298 2106 2762 2200 quadraginta
2818 2106 3124 2179 millium
3178 2127 3439 2180 marca-

339 2250 495 2302 rum
554 2250 627 2302 se
684 2228 1206 2317 extendentem,
1266 2249 1469 2320 quem
1524 2227 1709 2300 idem
1766 2227 2105 2299 Albertus
2160 2226 2726 2318 archiepiscopus
2781 2227 2989 2319 longo
3045 2230 3208 2300 ante
3265 2232 3438 2299 tem-

339 2370 539 2441 pore,
606 2349 759 2439 ipso
826 2348 1172 2420 duntaxat
1225 2348 1515 2421 Derslao
1580 2351 1959 2439 pronepote
2024 2368 2186 2435 suo,
2255 2351 2324 2419 et
2388 2348 2698 2419 Iohanne
2765 2347 2850 2419 de
2905 2346 3345 2438 Kozyebrodi
3376 2346 3440 2436 2)

246 2458 263 2471 ’
338 2468 713 2541 secretario
771 2488 897 2539 suo
962 2472 1031 2539 et
1094 2466 1512 2539 cancellario
1580 2466 1972 2539 Gnesnensi
2036 2466 2369 2556 consciis,
2447 2467 2522 2539 in
2588 2466 2885 2558 quodam
2950 2466 3283 2554 oratorie,
3351 2467 3438 2540 ad

337 2588 713 2680 tegendum
766 2586 1203 2678 propositum
1258 2586 1604 2658 duntaxat
1658 2590 2091 2675 constructo,
2148 2586 2224 2657 in
2277 2588 2462 2675 loco,
2521 2586 2643 2678 qui
2698 2584 3064 2677 Orzelyecz
3120 2590 3434 2674 vocatur,

336 2728 553 2800 prope
608 2707 1039 2779 Banschowa
1102 2710 1173 2778 et
1227 2704 1617 2793 Lubnicza,
1682 2726 1807 2796 pro
1874 2708 2113 2779 futura
2177 2706 2404 2798 ipsius
2459 2706 2737 2781 Derslai
2802 2710 2872 2778 et
2927 2707 3221 2778 fratrum
3275 2726 3434 2777 suo-

336 2849 491 2899 rum
548 2825 1005 2914 necessitate,
1072 2825 1319 2897 sabulo
1384 2829 1818 2916 coopertum,
1887 2825 2283 2913 abdiderat,
2341 2824 2563 2899 violat
2619 2830 2688 2899 et
2719 2824 2780 2915 3)
2837 2825 3048 2899 certis
3104 2825 3434 2899 satelliti·

336 2948 470 3019 bus
525 2946 611 3017 ad
667 2966 817 3019 eam
891 2945 1029 3017 sibi
1080 2966 1227 3017 rem
1299 2945 1593 3033 iunctis,
1669 2945 2117 3038 animumque
2182 2968 2388 3019 suum
2457 2946 2874 3033 iuvenilem,
2949 2946 3303 3017 infirmum
3366 2950 3437 3018 et

337 3066 820 3154 fastidiosum,
879 3066 967 3138 ad
1020 3064 1091 3137 id
1146 3066 1611 3139 formantibus
1666 3070 1738 3139 et
1775 3066 2283 3155 mulcentibus,
2340 3066 2424 3141 de
2461 3066 2626 3139 nido
2683 3086 2807 3138 suo
2865 3070 2936 3139 et
2970 3063 3262 3138 latebris
3313 3084 3432 3138 ex-

334 3186 593 3259 trahit:
650 3185 972 3259 omnibus
1028 3188 1169 3259 fere
1223 3185 1597 3259 comitibus
1654 3186 1803 3259 suis
1867 3186 2188 3260 certatim
2237 3192 2474 3279 partes
2529 3185 2844 3261 thesauri
2894 3206 3019 3277 pro
3059 3205 3132 3258 se
3173 3188 3285 3277 (ut
3321 3186 3434 3273 fit)

333 3306 879 3398 usurpantibus,
936 3304 1245 3377 creditus
1284 3309 1425 3393 est,
1466 3326 1604 3377 non
1643 3306 1871 3378 solum
1908 3305 2278 3398 praecipiti
2317 3310 2386 3379 et
2423 3306 2722 3380 iuvenili
2761 3327 3006 3395 seusu,
3063 3306 3185 3379 sed
3221 3304 3434 3379 etiam

334 3426 585 3499 matris
640 3445 808 3497 suae
862 3424 1251 3497 Dorotheae
1305 3424 1389 3497 de
1444 3426 1729 3498 Tarnow
1792 3446 2165 3517 persuasu,
2237 3426 2506 3499 facinus
2561 3426 2666 3515 id,
2734 3425 2994 3497 dudum
3049 3424 3434 3515 cogitatum

334 3550 411 3619 et
462 3546 959 3632 constitutum,
1024 3544 1167 3617 nisi
1230 3549 1459 3617 metus
1522 3544 1737 3637 Regis
1804 3546 2109 3637 cogitata
2175 3546 2623 3637 dissipasset,
2695 3549 3159 3637 perpetrasse.
3233 3543 3434 3616 Avus

334 3666 489 3741 eius
544 3666 881 3739 Albertus
936 3664 1533 3757 archiepiscopus,
1602 3666 1916 3738 novitate
1981 3666 2385 3755 huiusmodi
2440 3665 2713 3753 audita,
2779 3664 3141 3757 repentino
3196 3663 3432 3735 dolore

334 3792 407 3861 et
462 3785 759 3859 tristitia
814 3787 1107 3859 obrutus
1163 3789 1301 3873 est,
1361 3785 1912 3865 circumventum
1968 3807 2043 3859 se
2098 3785 2172 3858 111
2228 3787 2554 3859 thesauro
2611 3806 2769 3869 sue,
2837 3806 2993 3857 cum
3047 3782 3253 3884 illum
3307 3804 3431 3875 pro

333 3907 630 3979 Derslao
685 3910 755 3979 01
805 3904 1155 3998 germanis
1210 3905 1546 3979 fratribus
1603 3905 1790 3993 suiS,
1848 3906 2194 3993 Iohanne,
2261 3907 2554 3979 Alberto
2611 3909 2682 3977 et
2734 3904 3062 3989 Nicola0‚
3120 3902 3428 3976 destina-

334 4026 520 4101 verit
583 4031 653 4098 et
706 4024 1125 4111 condiderit,
1202 4025 1321 4097 sed
1384 4047 1508 4116 pro
1574 4024 2060 4099 aestimatione
2122 4029 2194 4097 et
2257 4045 2380 4117 spe
2443 4046 2571 4097 sua
2636 4024 3082 4115 intelligenS,
3160 4023 3427 4109 dolens,

332 4148 708 4219 Derslaum
762 4150 907 4216 tam
945 4144 1421 4218 inconsultum
1476 4146 1832 4237 ingenium
1889 4150 1959 4219 et
1997 4151 2141 4218 tam
2180 4144 2629 4218 immodestos
2667 4165 2891 4217 mores
2927 4149 3210 4216 nactum
3251 4164 3427 4233 esse,

330 4266 459 4339 ubi
514 4270 823 4338 castrum
860 4262 1266 4355 Rithwyani
1328 4266 1649 4339 accedere
1709 4270 1778 4337 et
1813 4285 1957 4337 rem
2013 4266 2196 4339 male
2230 4276 2502 4357 gestam
2539 4265 2883 4356 corrigere
2937 4262 3428 4355 disposuisset,

331 4385 869 4460 bombardarum
923 4404 960 4455 e
1014 4388 1275 4471 castro,
1344 4385 1543 4457 cuius
1600 4385 1751 4476 ipse
1806 4384 2180 4457 fabricator
2233 4390 2414 4471 erat,
2481 4386 2697 4477 pulsu
2751 4391 2821 4458 et
2875 4390 3136 4458 terrore
3191 4382 3425 4474 prohi-

332 4506 562 4592 bitus,
625 4504 890 4596 pudore
951 4504 1203 4594 plenus
1268 4505 1695 4577 retrocessit.
1778 4505 2114 4577 Derslaus
2181 4504 2332 4595 ipse
2395 4526 2666 4577 omnem
2733 4504 3138 4577 thesaurum
3195 4503 3426 4589 illum,

336 4625 633 4699 vivendo
687 4622 1006 4715 prodige,
1066 4629 1352 4696 ornatus
1410 4624 1875 4698 familiaribus
1930 4624 2464 4711 calamistratis,
2523 4626 2770 4697 stando
2809 4621 3301 4709 Varschoviae,
3359 4626 3429 4694 et

334 4744 674 4819 mittendo
732 4742 1122 4835 singularia
1186 4749 1255 4816 et
1318 4746 1465 4816 alta
1528 4745 1707 4816 dona
1769 4744 2107 4816 Ducissae
2174 4744 2435 4836 virgini
2491 4744 2796 4832 Offczae,
2862 4743 3049 4815 filiae
3115 4740 3428 4814 Boleslai

335 4864 555 4937 Ducis
610 4862 995 4950 Masoviae,
1053 4863 1253 4935 cuius
1308 4885 1540 4937 amore
1568 4865 1630 4953 ⁴)
1686 4863 2111 4955 deperiebat,
2178 4863 2378 4937 brevi
2442 4868 2750 4955 tempore
2813 4862 3241 4953 absumpsit,
3299 4881 3426 4935 nec

332 4988 584 5076 expost
638 4984 930 5056 Alberto
968 4982 1513 5075 archiepiscope,
1570 4984 1803 5057 studio
1842 4988 1915 5056 et
1950 4983 2448 5056 intercessione
2487 4982 2864 5055 amicorum
2900 4980 3424 5069 reconciliatus,

332 5110 609 5196 praeter
664 5103 913 5190 sellas,
970 5108 1244 5194 strepas
1301 5108 1371 5175 et
1425 5105 1621 5176 frena
1672 5108 1960 5195 argento
2015 5103 2478 5189 circumdata,
2537 5102 2917 5194 quidquam
2972 5100 3167 5173 aliud
3221 5100 3423 5174 resti-

548 5376 597 5453 ¹)
642 5378 828 5437 violat
870 5376 1209 5437 thesaurum
1258 5370 1410 5439 Cod.
1454 5373 1648 5438 Rozr.
1714 5373 1763 5455 ²)
1808 5376 2169 5437 Koziobrodi
2218 5368 2375 5437 Cod.
2419 5370 2596 5436 Kost.
2648 5372 2698 5453 ³)
2746 5379 2805 5435 et
2851 5392 2984 5435 eum
3031 5370 3182 5437 cod.
3231 5370 3424 5437 Rozr.

329 5480 389 5563 9)
432 5498 633 5543 amore
676 5485 949 5543 coecatus
998 5475 1150 5542 Cod.
1182 5476 1359 5545 Kost.
