4342 6384
875 546 1023 623 710
2032 576 2259 634 mnan
2310 580 2820 634 nuonncnms.
3278 560 3282 565 ’
3399 554 3534 657 (Α.
3571 556 3661 629 D.
3701 552 3961 653 1444.)

884 757 1055 845 „tim
1106 758 1333 833 beatis
1396 761 1711 853 Regibus
1730 818 1747 850 ,
1814 763 2165 855 Stephano
2222 769 2292 837 et
2345 763 2706 853 Ladislao,
2771 764 3100 837 Patronis
3152 764 3368 837 huius
3420 762 3647 857 Regni
3701 760 3958 848 nostri,

880 879 1346 967 „praedictam
1411 881 1981 956 deliberationem
2028 884 2082 972 1)
2150 889 2222 957 et
2274 883 2805 975 promissionem
2869 885 3110 957 Budae
3177 885 3430 957 factam
3495 880 3962 973 exequutioni

881 996 1383 1083 „effectualiter
1436 1001 1879 1091 demandare,
1938 1007 2007 1074 et
2062 1003 2246 1075 iufra
2283 1003 2577 1095 primam
2615 1003 2800 1075 diem
2837 1002 3265 1094 Septembris
3305 1003 3619 1095 proxime
3657 1020 3958 1092 sequen·

884 1114 1021 1203 „tis
1077 1138 1229 1192 esse
1282 1140 1438 1191 cum
1492 1125 1730 1192 nostro
1788 1121 2098 1194 exercitu
2138 1143 2350 1212 supra
2385 1122 2642 1193 vadum
2689 1121 2996 1194 Danubii
3031 1123 3216 1215 apud
3255 1122 3692 1195 Orschawam
3721 1118 3788 1207 ²)
3847 1120 3960 1192 vel

886 1236 1112 1327 „apud
1174 1237 1317 1311 alia
1378 1239 1558 1311 vada
1620 1245 1691 1312 et
1751 1241 1905 1314 loca
1965 1242 2324 1329 inferiora,
2395 1245 2464 1315 et
2526 1242 2923 1315 immediate
2987 1242 3292 1334 incipere
3356 1238 3834 1327 transfretari,
3893 1244 3964 1311 et

886 1356 1322 1443 „successive
1378 1359 1785 1433 continuare
1838 1360 2302 1435 effectualiter
2364 1362 2515 1434 sine
2569 1361 3087 1433 intermissione
3150 1360 3482 1452 temporis
3543 1360 3960 1431 trauan-eta·

885 1474 1189 1561 „tionem
1226 1478 1782 1567 exercitualiter,
1840 1485 1910 1553 et
1947 1481 2021 1553 in
2059 1481 2450 1554 continenti
2492 1481 2756 1555 intrare
2793 1485 3082 1569 terram,
3140 1501 3350 1572 quam
3384 1483 3721 1571 occupant
3757 1500 3960 1570 prae·

887 1593 1102 1684 „dicti
1164 1596 1404 1685 Turci,
1471 1601 1541 1669 et
1594 1600 1998 1674 continuare
2060 1600 2582 1673 exercitualiter
2644 1599 2795 1671 sine
2861 1600 3052 1687 dolo,
3117 1601 3358 1673 fraude
3422 1600 3536 1672 vel
3588 1599 3726 1670 alio
3786 1619 3959 1689 quo-

887 1734 1203 1806 „cunque
1256 1717 1651 1809 excogitato
1705 1720 1963 1807 colore,
2020 1718 2155 1792 iter
2207 1723 2523 1790 nostrum
2576 1718 2651 1790 iu
2704 1718 3118 1791 Romaniam
3165 1724 3236 1791 et
3273 1719 3633 1793 Graeciam
3667 1722 3740 1788 et
3777 1717 3960 1787 alias

886 1836 1195 1923 „parteS,
1252 1856 1427 1926 quas
1483 1841 1725 1909 tenent
1777 1838 1985 1910 Turci
2050 1837 2233 1910 circa
2295 1858 2514 1925 mare,
2573 1842 2644 1909 et
2697 1839 2919 1911 facere
2974 1837 3308 1929 quicquid
3359 1836 3562 1909 nobis
3614 1835 3962 1926 possibile

886 1974 1051 2043 „pro
1106 1954 1377 2026 viribus
1434 1960 1503 2027 et
1554 1956 1869 2046 potentia
1920 1961 2192 2044 nostra,
2249 1963 2330 2029 ut
2383 1956 2592 2029 Turci
2637 1957 2774 2029 isto
2813 1977 2992 2028 anno
3041 1958 3485 2048 expellantur
3518 1956 3604 2029 de
3637 1954 3964 2047 partibus

886 2072 1484 2161 „Christianitatis
1537 2076 1729 2147 ultra
1782 2097 1969 2150 mare
1986 2133 2002 2164 ,
2060 2098 2198 2149 uon
2253 2076 2695 2149 obstantibus
2750 2076 3284 2168 quibuscunque
3319 2076 3738 2149 tractatibus
3797 2078 3872 2145 et
3903 2071 3964 2160 ³)

888 2192 1257 2283 „practicis
1313 2214 1437 2266 seu
1490 2194 2057 2269 conclusionibus
2111 2202 2236 2268 aut
2291 2196 2622 2287 capitulis
2677 2201 3079 2290 treugarum
3119 2196 3323 2270 factis
3361 2197 3476 2269 vel
3513 2194 3762 2267 fiendis
3801 2214 3964 2265 cum

889 2312 1357 2403 „Imperatore
1410 2315 1821 2403 Turcorum‚
1878 2317 1995 2388 vel
2032 2315 2184 2388 eius
2221 2315 2492 2389 nuntiis
2531 2336 2656 2388 seu
2693 2316 3279 2389 ambasiatoribus
3313 2314 3692 2407 praedictis
3731 2312 3964 2404 ipsius

889 2430 1237 2520 „nomine,
1296 2432 1425 2505 sub
1481 2455 1891 2526 quacunque
1948 2436 2171 2508 forma
2225 2436 2628 2523 verborum,
2687 2435 2898 2507 etiam
2935 2436 3324 2508 iuramento
3359 2433 3655 2507 firmatis
3693 2434 3810 2505 vel
3845 2434 3961 2505 fir-

888 2550 1233 2639 „mandisz
1292 2552 1547 2643 quibus
1602 2554 1923 2627 omnibus
1976 2575 2101 2645 per
2153 2556 2334 2628 hanc
2385 2558 2818 2645 praesentem
2872 2560 3182 2627 nostram
3229 2553 3794 2645 promissionem,
3853 2551 3960 2623 iu-

889 2676 1317 2760 „ramentum
1372 2678 1441 2745 et
1492 2678 1735 2745 votum
1789 2674 2114 2746 volumus
2170 2694 2494 2765 expresse
2549 2678 2620 2745 et
2673 2674 2990 2765 specifice
3045 2674 3372 2765 derogare
3425 2676 3496 2745 et
3547 2672 3959 2764 derogatum

889 2810 1113 2879 „esse,
1170 2790 1272 2861 ita
1322 2800 1405 2862 ut
1458 2792 1653 2864 nullo
1710 2792 2021 2884 ingenio,
2079 2793 2307 2865 colore
2341 2792 2457 2865 vel
2491 2796 2896 2883 praetextu,
2953 2792 3076 2883 qui
3131 2791 3610 2883 quoquomodo
3665 2789 3961 2882 cogitari

890 2912 1200 2998 „posset,
1240 2908 1643 2983 huiusmodi
1677 2917 1919 2984 nostra
1952 2932 2280 3003 praesens
2316 2911 2719 3001 promissio,
2757 2911 3226 2983 iuramentum
3262 2917 3330 2983 et
3367 2914 3608 2982 votum
3643 2908 3960 3001 infringi,

892 3026 1218 3115 „violari,
1274 3028 1597 3118 impediri
1634 3033 1758 3101 aut
1794 3029 2059 3103 differri
2103 3031 2339 3103 valeat
2375 3030 2525 3103 sive
2555 3030 2618 3119 ⁴)
2671 3030 2920 3121 possit.
2978 3030 3064 3101 In
3103 3028 3305 3100 cuius
3339 3028 3442 3100 rei
3477 3027 3960 3101 testimonium

890 3148 1329 3234 „praesentes
1392 3146 1635 3219 literas
1698 3147 1852 3221 fieri
1916 3149 2208 3221 fecimus
2273 3154 2342 3222 et
2405 3148 2750 3241 duplicari
2781 3149 2867 3239 ⁵),
2941 3169 3022 3222 ac
3085 3148 3310 3221 nostri
3365 3146 3620 3239 sigilli,
3687 3167 3827 3237 quo
3882 3150 3962 3217 ut

892 3263 1087 3351 „Rex
1142 3264 1547 3357 Hungariae
1600 3266 1897 3356 utimur,
1957 3268 2380 3360 appensione
2423 3268 2706 3341 muniri.
2761 3270 3022 3341 Datum
3064 3266 3391 3359 Segedini
3417 3266 3506 3356 ὅ),
3563 3270 3816 3357 quarta
3851 3264 3964 3337 die

888 3382 1269 3476 „Augusti,
1327 3386 1531 3458 Anno
1586 3386 1867 3460 Domini
1921 3386 2520 3461 MCCCGXLIIII.

1096 3505 1231 3593 „Et
1282 3526 1408 3576 nos
1464 3506 1703 3579 Simon
1757 3508 1839 3578 de
1895 3508 2182 3599 Rozgon
2237 3508 2604 3599 episcopus
2641 3506 3042 3599 AgriensiS,
3099 3506 3359 3598 Regiae
3395 3504 3788 3577 Maiestatis
3825 3503 3959 3575 Su-

890 3644 1211 3715 „premus
1274 3623 1777 3715 CancellariuS‚
1845 3628 2196 3701 Iohannes
2259 3626 2628 3717 episcopus
2692 3624 3204 3714 Waradiensis,
3270 3624 3590 3713 Raphael
3649 3624 3960 3713 Herczeg

890 3743 1017 3831 „de
1070 3744 1399 3816 Zekchew
1429 3745 1491 3832 7)
1547 3745 1632 3816 ad
1689 3746 2162 3837 episcopatum
2221 3746 2647 3818 Bosnensem
2701 3745 3135 3836 postulatus,
3193 3749 3264 3815 et
3299 3744 3648 3817 Iohannes
3683 3742 3769 3815 de
3803 3742 3955 3812 Hu-

890 3860 1098 3950 „niad
1133 3862 1549 3953 Woyewoda
1585 3865 2161 3956 Transylvaniae,
2221 3864 2344 3956 qui
2380 3884 2537 3935 cum
2571 3865 2884 3954 praefato
2931 3864 3226 3936 Domino
3279 3868 3518 3935 nostro
3556 3864 3748 3955 Rege
3783 3860 3958 3932 ituri

891 4000 1208 4068 „sumu3,
1264 3982 1745 4071 promisimus,
1804 3983 2189 4055 iuravimus
2245 3988 2316 4055 et
2368 3982 2690 4053 vovimus
2729 3982 3055 4055 informa
3109 3982 3430 4073 superius
3469 4002 3830 4072 expressa;
3893 3984 3960 4051 et

889 4118 1057 4187 „nos
1111 4098 1365 4171 Petrus
1422 4100 1787 4192 episcopus
1842 4102 2348 4191 Chanadensis,
2405 4102 2827 4173 Laurentius
2882 4101 2966 4173 de
3022 4102 3440 4175 Hedrewara
3491 4100 3721 4192 Regni
3757 4100 3956 4171 Hun-

888 4216 1162 4309 „gariae
1217 4218 1618 4307 PalatinuS,
1675 4218 2015 4312 Georgius
2070 4222 2155 4293 de
2209 4221 2493 4312 Rozgon
2547 4220 2773 4293 Iudex
2825 4220 3073 4293 Curiae
3125 4221 3359 4313 regiae
3415 4224 3485 4293 et
3536 4218 3778 4292 Comes
3825 4218 3958 4289 Po-

787 4436 793 4439 .
892 4336 1283 4424 „sonionsis
1311 4336 1400 4427 ⁸),
1458 4337 1697 4411 Simon
1754 4339 1838 4411 de
1875 4340 2176 4413 Paloucz
2207 4339 2270 4427 ⁹)
2337 4340 2675 4431 Magister
2743 4340 3145 4430 Agasonum
3215 4339 3590 4431 regalium,
3664 4336 3960 4409 Michael

891 4454 1243 4549 „Orschag
1278 4457 1363 4529 de
1402 4456 1595 4529 Guth
1634 4458 1721 4546 ¹⁰)
1780 4458 2159 4549 Supremus
2198 4459 2702 4531 Thesaurarius
2750 4458 3030 4529 Domini
3067 4458 3316 4550 Regis,
3373 4456 3732 4529 Emericus
3768 4457 3958 4528 filius

890 4575 1387 4665 „Woyewodae
1424 4576 1510 4649 de
1545 4578 1876 4650 Marczali
1912 4580 2001 4667 ¹¹)
2039 4580 2306 4669 pridem
2345 4578 2586 4651 Comes
2625 4578 3099 4669 Simigiensis,
3139 4577 3404 4649 Paulus
3433 4577 3624 4649 filius
3655 4575 3836 4648 Bani
3869 4573 3956 4661 ¹²)

889 4694 1015 4782 „de
1052 4694 1521 4783 Alsolindwa,
1571 4695 1811 4768 Simon
1848 4697 2114 4769 Czudar
2157 4698 2242 4770 de
2277 4696 2503 4771 Olnod
2543 4695 2630 4785 ¹³)
2685 4696 3022 4787 Magister
3055 4696 3554 4769 Pincernarum
3591 4695 3952 4787 regalium,

1094 4912 1140 4995 ¹)
1188 4917 1669 4977 deliberationem
1729 4922 1988 4977 nostram
2046 4912 2175 4977 Ed.
2228 4913 2411 4998 Lips.
2476 4914 2529 4995 ²)
2575 4915 2888 4977 Orsthvvan
2934 4912 3062 4976 Ed.
3115 4912 3297 4997 Lipa.
3361 4912 3416 4994 ³)
3461 4920 3564 4975 aut
3605 4911 3732 4975 Ed.
3779 4910 3956 4996 Lips.

882 5015 937 5096 ⁴)
982 5020 1078 5079 vel
1122 5014 1248 5079 Ed.
1295 5015 1475 5099 Lips.
1528 5016 1578 5097 ⁶)
1621 5020 1913 5096 publicari
1954 5014 2081 5079 Ed.
2132 5016 2313 5099 Lips.
2362 5016 2415 5097 ⁸)
2459 5019 2521 5078 in
2551 5019 2808 5094 Segedin
2838 5014 3178 5099 Asa-Lim.
3213 5014 3264 5095 ⁷)
3295 5016 3592 5092 Herczigk
3621 5018 3695 5077 de
3726 5017 3957 5093 Zeghen

884 5114 1036 5182 Cod.
1081 5117 1258 5181 Kost.
1306 5120 1583 5197 Herczyk
1628 5122 1701 5181 de
1747 5121 2027 5181 Zekrzew
2074 5114 2226 5182 cod.
2271 5116 2410 5181 Lis.
2471 5122 2738 5196 Herczog
2783 5120 2857 5180 de
2902 5120 3185 5196 Zegczew
3227 5116 3356 5184 Ed.
3399 5116 3583 5200 Lips.
3644 5118 3956 5197 (Hertzegh

880 5220 957 5280 de
1000 5220 1211 5299 Szets).
1260 5218 1313 5299 ⁸)
1356 5220 1597 5281 Posonii
1642 5218 1767 5283 Ed.
1816 5218 1993 5303 Lapa.
2042 5219 2094 5299 ⁹)
2142 5221 2216 5281 de
2259 5222 2516 5281 Poloncz
2565 5216 2716 5284 Cod.
2764 5218 2898 5281 Lis.
2944 5222 3018 5281 de
3061 5222 3313 5282 Palencz
3357 5218 3480 5281 Ed.
3527 5218 3712 5302 Dips.
3767 5219 3846 5297 ¹⁰)
3889 5222 3958 5280 de

882 5321 1041 5384 Goth
1084 5319 1211 5385 Ed.
1255 5320 1435 5404 Lips.
1489 5320 1572 5407 ¹¹)
1620 5324 1694 5384 de
1736 5324 2054 5385 Marschali
2096 5320 2224 5387 Ed.
2270 5322 2448 5405 Lips.
2492 5320 2568 5404 ¹²)
2598 5324 2754 5383 filius
2789 5323 3162 5385 Woievvodae
3191 5325 3340 5383 Bani
3369 5319 3496 5385 Ed.
3529 5319 3710 5408 Lips.
3767 5320 3844 5403 ¹⁸)
3871 5322 3952 5383 Si-

880 5442 1017 5486 mon
1058 5426 1245 5488 Iudex
1288 5426 1363 5488 de
1405 5424 1597 5487 Amod
1640 5422 1765 5489 Ed.
1814 5422 1995 5514 Lips.
