4342 6384
928 569 1080 646 474
2131 593 2360 646 mann
2413 593 2863 648 nnnncnms.
3280 585 3289 592 ·
3463 571 3595 686 (Α.
3635 572 3727 648 D.
3766 574 3979 674 1432.)

928 798 1086 850 cum
1151 777 1498 870 Sbigneus
1563 777 2040 852 cracoviensis
2107 778 2475 870 episcopus
2548 779 3055 871 persensisset,
3138 778 3461 871 quamvis
3538 785 3704 853 tunc
3764 781 3975 854 absens

929 919 970 970 a
1005 897 1334 971 cracovia
1397 897 1667 986 aberat,
1734 898 2140 970 mandatum
2204 898 2527 990 capitulo
2574 904 2645 972 et
2680 900 2869 972 clero
2909 899 3227 972 civitatis
3292 905 3360 972 et
3413 899 3714 972 diocesis
3774 901 3976 973 craco-

930 1017 1198 1090 viensis
1253 1017 1547 1106 direxit,
1603 1023 1686 1089 ut
1739 1018 2208 1091 Bohemorum
2255 1018 2529 1092 nuntiis
2567 1018 3013 1093 venientibus
3050 1019 3351 1092 ubilibet
3386 1019 3832 1092 interdictum
3866 1041 3979 1093 ser-

925 1141 1230 1211 varetur.
1289 1138 1380 1210 Et
1434 1159 1572 1229 quo
1623 1158 1736 1211 res
1791 1138 2086 1240 rigidior
2141 1139 2567 1230 solidiorque
2606 1145 2824 1228 esset,
2882 1138 3209 1213 Vicarius
3246 1139 3669 1231 episcopalis
3704 1141 3979 1214 Andreas

925 1257 1194 1330 Miszka
1245 1257 1632 1331 Canonicus
1671 1258 2187 1348 CracoviensiS,
2246 1259 2817 1332 convocationem
2854 1259 3340 1331 Praelatorum
3379 1259 3715 1332 ecclesiae
3750 1261 3801 1348 1)
3850 1261 3979 1333 cta-

927 1377 1303 1466 coviensis,
1363 1377 2007 1470 Universitatisque
2046 1383 2116 1451 et
2153 1378 2463 1451 omnium
2500 1378 3019 1471 religiosorum,
3080 1379 3339 1451 tenuit:
3396 1379 3471 1451 in
3520 1401 3691 1471 qua,
3730 1401 3979 1453 assensn

928 1497 1270 1586 omnium,
1329 1496 1724 1590 episcopale
1777 1500 2183 1572 mandatum
2230 1499 2785 1572 commendatum
2822 1501 2962 1586 est,
3020 1502 3092 1570 et
3130 1498 3439 1571 omnium
3478 1499 3977 1591 subscriptione,

925 1616 1364 1706 assistentia,
1423 1617 1498 1690 in
1553 1618 1741 1692 omni
1795 1638 1994 1708 casu,
2052 1637 2277 1711 usque
2330 1618 2417 1690 ad
2474 1619 2885 1712 sanguinem
2947 1617 3292 1709 pollicita.
3360 1617 3819 1692 Venientibus
3874 1619 3981 1692 ita-

928 1757 1062 1829 que
1118 1739 1582 1811 Bohemorum
1634 1737 1940 1828 nuntiis,
2001 1743 2071 1812 et
2124 1758 2281 1811 cum
2336 1737 2489 1810 illis
2544 1736 3084 1811 conductoribus
3138 1737 3386 1830 regiis,
3444 1737 3883 1810 Manszikone
3928 1745 3984 1810 et

923 1853 1323 1946 Korczbok‚
1381 1856 1454 1929 in
1493 1857 1928 1946 Cracoviam‚
1984 1858 2181 1932 illico
2218 1857 2673 1932 interdictum
2710 1856 3265 1932 ecclesiasticum
3305 1857 3664 1930 observari
3701 1861 3983 1949 coeptum

926 1981 1036 2052 est
1078 1976 1396 2051 unanimi
1433 1998 1808 2065 consensu;
1865 1998 1992 2051 nec
2045 1977 2295 2052 literae
2342 1977 2973 2071 archiepiscopales
3021 1981 3091 2050 et
3140 1976 3606 2070 episcopales,
3648 1977 3987 2069 productae

925 2117 1052 2189 per
1102 2096 1388 2170 nuntios
1442 2097 1704 2190 regios,
1760 2101 2086 2189 poterant
2139 2097 2521 2172 intentioni
2574 2101 2645 2171 et
2680 2096 3040 2189 proposito
3088 2097 3481 2190 suffragari.
3538 2097 3794 2190 Magna
3828 2097 3902 2168 ob
3931 2096 3987 2168 id

927 2215 1318 2308 indignatio
1355 2216 1542 2308 apud
1577 2217 2042 2290 Bohemorum
2079 2217 2401 2306 nuntios,
2441 2216 2661 2290 maior
2697 2216 2885 2309 apud
2919 2215 3150 2309 regios
3187 2221 3424 2291 coorta
3460 2223 3591 2289 est.
3632 2217 3727 2288 Et
3762 2217 3985 2288 Koraz-

925 2335 1064 2408 bok
1125 2333 1418 2408 nuntius
1479 2336 1714 2438 regius
1778 2335 2102 2429 pluribus
2167 2336 2601 2411 sermonibus
2618 2392 2635 2425 ,
2712 2357 2897 2410 nunc
2963 2336 3283 2410 terrendo
3300 2391 3317 2424 ‚
3392 2355 3579 2408 nunc
3654 2335 3985 2427 carpendo,

930 2453 1254 2547 sperabat
1302 2475 1450 2528 rem
1503 2475 1708 2547 posse
1762 2457 2017 2550 corrigi
2073 2461 2144 2530 et
2198 2456 2479 2530 mutari.
2538 2457 2676 2530 Sed
2728 2457 2895 2530 dum
2942 2461 3343 2529 constantes
3390 2455 3663 2529 videret
3718 2455 3987 2527 omnium

927 2575 1231 2663 animos,
1299 2595 1450 2648 sero
1523 2577 1836 2650 mandati
1903 2576 2082 2670 regii
2149 2577 2589 2666 recordatus,
2666 2577 3132 2650 Bohemorum
3207 2575 3493 2648 nuntios
3549 2596 3639 2648 ex
3697 2573 3991 2649 cracovia

928 2694 1205 2783 eduxit,
1261 2694 1522 2786 ubique
1577 2695 1856 2787 quidem
1912 2698 2320 2785 honoratos,
2380 2698 2501 2770 sed
2539 2696 2911 2770 cracoviae
2948 2695 3189 2768 taliter
3224 2695 3637 2787 vilipensos.
3698 2696 3909 2768 Movit
3934 2697 3989 2765 et

927 2797 1189 2907 Regem
1242 2813 1456 2886 huius
1509 2815 1613 2888 rei
1643 2814 1708 2905 2)
1761 2816 2216 2904 contumelia,
2274 2816 2497 2889 movit
2552 2821 2622 2890 et
2656 2816 3024 2908 pontifices
3080 2815 3561 2902 ecclesiarum,
3620 2817 3747 2908 qui
3800 2816 3991 2887 Bohe-

930 2955 1078 3006 mos
1140 2933 1228 3006 ad
1283 2934 1834 3011 communionem
1891 2937 2207 3010 fidelium
2262 2936 2545 3009 admitti
2596 2938 3077 3022 decreverant,
3138 2936 3321 3026 quod
3368 2936 3727 3008 decretum
3792 2954 3991 3007 eorum

931 3052 1410 3127 cracoviensis
1483 3053 1852 3147 episcopus
1913 3056 2438 3148 reprehenderit
2510 3061 2583 3129 et
2651 3055 3077 3142 irritaverit,
3156 3060 3226 3128 et
3304 3055 3505 3146 quasi
3568 3076 3813 3128 casum
3864 3054 3991 3126 illo-

930 3194 1086 3245 rum
1139 3193 1270 3245 sua
1321 3172 1764 3264 providentia
1817 3176 2140 3250 erexerit.
2200 3176 2785 3250 stomachabatur
2850 3175 3068 3268 igitur
3122 3180 3194 3247 et
3246 3176 3405 3247 Rex
3461 3178 3533 3247 et
3586 3175 3895 3268 episcopi
3939 3174 3993 3245 in

931 3292 1452 3366 cracoviensem
1508 3293 1940 3387 episcopum,
2005 3302 2078 3370 et
2127 3296 2440 3390 graviter
2492 3295 2606 3368 illi
2678 3317 2803 3388 pro
2858 3294 3285 3369 contumelia
3358 3295 3670 3386 irrogata
3746 3313 3993 3367 succen-

932 3411 1209 3502 sebant,
1269 3413 1564 3506 Rexque
1611 3436 1884 3508 quoque
1919 3418 2006 3489 ad
2042 3415 2597 3509 indignationem
2633 3415 2963 3488 maiorem
3000 3415 3557 3506 concipiendam,
3616 3414 3997 3486 nuntiorum

930 3553 1212 3604 suorum
1267 3533 1583 3609 Manszik
1636 3539 1706 3608 et
1759 3535 2124 3610 Korczbok
2184 3535 2759 3628 persuasionibus
2822 3534 3350 3608 accendebatur.
3426 3533 3707 3627 Dignus
3758 3551 3999 3625 quoque

933 3658 1102 3725 tunc
1133 3649 1197 3740 ³)
1251 3652 1730 3728 cracoviensis
1783 3655 2152 3748 episcopus
2191 3655 2593 3745 videbatur,
2650 3659 2733 3728 ut
2772 3655 2933 3729 sede
2971 3675 3099 3727 sua
3138 3659 3394 3728 exutus
3430 3655 3850 3746 pelleretur,
3890 3650 4001 3722 alio

936 3772 1011 3844 in
1064 3772 1296 3844 locum
1350 3772 1502 3846 eius
1557 3779 1947 3866 surrogato.
2004 3775 2150 3849 Sub
2206 3795 2285 3848 eo
2322 3781 2554 3848 autem
2610 3780 2919 3866 tempore
2964 3774 3037 3847 in
3074 3773 3458 3847 Basiliensi
3492 3773 3812 3847 Concilio
3863 3791 4002 3863 qua-

931 3897 1093 3967 tuor
1144 3891 1571 3985 principales
1625 3895 2090 3968 Bohemorum
2145 3895 2415 3969 erronei
2470 3895 2755 3968 articuli
2810 3894 2885 3968 in
2938 3894 3227 3986 publica
3280 3893 3643 3967 audientia
3690 3889 4003 3966 confutati

934 4016 1102 4086 sunt
1167 4033 1291 4104 per
1354 4013 1602 4086 Patres
1665 4013 1992 4102 Concilii‚
2061 4015 2392 4088 Bohemis
2454 4015 2944 4107 praesentibus
3016 4019 3087 4088 et
3140 4015 3473 4088 articulos
3540 4013 3746 4104 ipsos
3800 4013 4001 4084 defen-

934 4131 1286 4206 dentibus,
1343 4131 1476 4222 Qui
1514 4133 1648 4206 etsi
1687 4155 1794 4224 se,
1853 4153 2154 4228 suosque
2210 4155 2476 4208 errores
2532 4135 2791 4209 celebri
2844 4135 2975 4208 illa
3011 4140 3081 4207 et
3120 4134 3505 4207 fortissima
3548 4133 4005 4226 disputatione

930 4255 1335 4343 superatum
1387 4251 1476 4324 iri
1529 4273 1667 4324 non
1720 4254 2229 4357 dubitaverint,
2286 4255 2639 4328 mentibus
2695 4261 2925 4329 tamen
2990 4276 3257 4328 venena
3318 4253 3729 4342 retinendo,
3804 4253 4003 4345 profa-

932 4392 1074 4454 nos,
1115 4370 1298 4472 ritus
1353 4391 1518 4442 suos
1571 4377 1641 4444 et
1695 4372 2050 4466 dogmata,
2107 4375 2406 4463 reversi,
2464 4377 2651 4467 apud
2704 4377 2997 4468 vulgum
3071 4375 3309 4448 offerre
3346 4374 3765 4447 coelotenus
3798 4377 3859 4461 ⁴)
3892 4389 4007 4442 non

934 4490 1393 4579 erubuerunt,
1451 4495 1646 4563 tanto
1698 4493 2050 4584 pleniores
2104 4495 2479 4582 mendacii,
2538 4500 2799 4587 quanto
2854 4494 3205 4568 inaniores
3259 4493 3585 4567 veritate.

1152 4763 1199 4844 ι)
1243 4766 1530 4826 ecclcsiae
1577 4766 1934 4831 cathedralis
1983 4762 2134 4830 God.
2180 4765 2374 4830 Rozr.
2434 4766 2483 4846 ²)
2528 4767 2874 4828 huiusmodi
2922 4762 3072 4829 0001.
3124 4763 3299 4829 Calv.
3362 4763 3415 4846 ³)
3458 4766 3579 4825 iam
3644 4763 3804 4828 (lod.
3851 4761 4007 4824 Rem.

939 4864 990 4950 ⁴)
1038 4868 1118 4930 ad
1161 4868 1388 4929 coelum
1443 4866 1595 4931 cod.
1642 4866 1836 4933 Rozr.
1987 4881 1992 4886 '
