4342 6384
384 625 520 730 (Α.
557 629 648 702 D.
687 626 921 726 1431.)
1567 652 1791 704 LIBER
1843 651 2305 707 unm-:emus
3326 631 3476 702 443

379 857 592 928 gnum
650 835 1116 925 effectualem,
1185 843 1257 909 et
1319 837 1552 929 ruptis
1605 836 1799 929 pacis
1863 839 2243 928 perpetuae
2298 835 2913 928 inscriptionibUS‚
2970 836 3295 930 Regnum
3352 836 3475 910 ho·

383 939 668 1044 stiliter,
725 956 788 1028 si
843 955 1176 1029 Poloniae
1213 956 1442 1048 Regni
1497 956 1851 1028 exercitus
1908 955 2281 1048 quicquam
2336 955 2409 1026 in
2460 955 2965 1048 Switrigellum
3020 955 3279 1029 hostile
3334 976 3475 1027 mo-

379 1074 650 1164 liretur,
691 1075 1124 1149 invaderent.
1184 1076 1330 1148 Nec
1367 1075 1847 1148 tantummodo
1902 1074 2306 1146 huiusmodi
2354 1074 2790 1148 clandestino
2848 1079 3153 1147 tractatu
3192 1077 3473 1146 conteu-

379 1199 530 1284 tuS,
587 1196 939 1268 Andream
994 1196 1077 1268 de
1115 1196 1347 1268 Lubin
1401 1200 1569 1268 tunc
1605 1196 1938 1269 dilectum
1997 1195 2445 1269 secretarium
2503 1216 2741 1282 suum,
2800 1194 2883 1266 de
2922 1193 3136 1266 armis
3174 1194 3477 1281 Powala,

383 1319 452 1386 et
507 1315 940 1406 Stephanum
1006 1315 1312 1406 Chibsky
1353 1317 1406 1404 ¹)
1471 1315 1892 1388 canonicum
1948 1315 2528 1402 Posnaniensem,
2605 1315 2808 1387 aulae
2872 1334 3039 1386 suae
3101 1311 3476 1400 notarium,

382 1433 466 1506 de
521 1433 721 1506 domo
776 1433 1005 1522 Luba,
1063 1435 1149 1506 ad
1191 1435 1604 1527 Magistrum
1661 1441 1730 1508 et
1767 1435 2094 1508 Ordinem
2150 1434 2577 1520 transmisit,
2637 1434 2758 1526 qui
2812 1433 3017 1505 iuxta
3069 1431 3476 1504 instructio·

383 1573 542 1625 nem
593 1552 846 1645 RegiS,
911 1553 1326 1646 Magistrum
1393 1560 1462 1628 et
1537 1555 1862 1627 Ordinem
1929 1555 2002 1626 in
2070 1555 2404 1628 Poloniae
2466 1554 2696 1647 Regni
2756 1552 3223 1627 vastationem
3286 1572 3468 1625 com-

382 1671 619 1764 posuit
649 1670 754 1766 2),
811 1673 1000 1764 Quae
1065 1673 1296 1746 omnia
1359 1680 1644 1766 expost,
1715 1674 2102 1747 Wladislao
2169 1676 2363 1766 Rege
2426 1678 2730 1762 mortuo,
2798 1675 3154 1765 praefatus
3210 1673 3478 1744 Paulus

382 1791 466 1866 de
520 1793 894 1865 Russdorff
941 1793 1277 1886 Magister
1331 1795 1660 1868 Prussiae
1716 1794 2085 1868 Vincentio
2141 1795 2339 1866 Koth
2402 1794 2487 1866 de
2542 1794 2857 1866 Dambno
2890 1792 2950 1881 3)
3028 1798 3193 1866 tunc
3247 1790 3477 1884 Regni

382 1910 716 1986 Poloniae
773 1913 1376 2002 vicecancellariO,
1433 1914 1521 1986 ad
1560 1936 1632 1986 se
1687 1913 1760 1986 in
1797 1913 2148 2004 legatione
2185 1913 2463 1985 nomine
2500 1913 2716 2005 Regis
2771 1912 3083 1985 venienti
3120 1908 3476 2004 patefecit,

383 2051 702 2104 asserens
757 2053 830 2104 se
885 2055 1242 2125 nunquam
1299 2033 1541 2106 foedus
1605 2054 1762 2106 cum
1817 2034 2059 2124 Regno
2116 2033 2452 2105 Poloniae
2514 2034 2865 2105 firmatum
2931 2032 3270 2119 violasse,
3336 2028 3478 2102 nisi

383 2171 586 2241 prece
640 2161 709 2224 et
761 2153 1212 2243 persuasione
1251 2153 1632 2226 Wladislai
1670 2153 1885 2245 Regis
1941 2153 2028 2224 ad
2067 2153 2140 2225 id
2180 2153 2431 2226 fuisset
2468 2153 2898 2226 stimulatus,
2958 2151 3209 2224 Omnia
3245 2156 3479 2222 tamen

384 2291 510 2362 ego
562 2272 733 2344 haec
785 2293 910 2364 pro
966 2272 1372 2346 falsissimis
1427 2273 1788 2345 existimo:
1845 2293 2004 2345 cum
2059 2272 2394 2346 cruciferi
2448 2272 2537 2344 ad
2591 2273 3034 2345 colorandum
3093 2271 3323 2344 scelus
3361 2291 3477 2342 ru-

382 2394 660 2480 ptorum
717 2393 1102 2479 foederum,
1163 2393 1693 2466 mendacissime
1747 2393 1818 2466 id
1876 2397 1946 2466 et
1980 2393 2187 2484 plura
2240 2393 2382 2464 alia
2419 2393 2796 2464 creduntur
2852 2395 3357 2464 commentasse
3387 2389 3475 2478 ⁴).

387 2508 716 2582 Rumoris
771 2516 1004 2585 autem
1079 2517 1148 2585 et
1213 2512 1580 2585 relationis
1642 2512 1856 2584 huius
1920 2512 2055 2586 etsi
2115 2517 2261 2585 tres
2330 2512 2726 2605 pontifices:
2802 2509 3183 2604 Sbigneum
3244 2507 3477 2582 Cardi-

385 2629 614 2701 nalem
670 2634 740 2702 et
795 2631 1198 2723 episcopum
1237 2631 1794 2720 Gracoviensem,
1835 2632 2283 2704 Vincentium
2340 2631 2937 2723 archiepiscopum
2975 2629 3475 2716 Gnesnensem,

383 2748 716 2822 Thomam
778 2750 1337 2841 cracoviensem,
1407 2752 1767 2844 episcopos
1800 2753 1887 2840 5),
1961 2751 2486 2826 denuntiatores
2548 2751 2870 2826 habeam:
2948 2770 3172 2842 neque
3244 2753 3476 2822 tamen

383 2869 730 2942 affirmata
783 2891 1018 2942 eorum
1080 2871 1418 2944 relatione
1480 2893 1591 2944 res
1653 2874 1826 2946 haec
1888 2873 1984 2946 sit
2012 2874 2099 2962 θ),
2165 2892 2293 2946 1160
2354 2893 2479 2964 pro
2535 2891 2715 2942 vana
2776 2868 3293 2963 praetermissa.
3365 2867 3477 2940 Ex

384 2990 920 3064 mansuetudine
972 2997 1205 3064 autem
1261 2992 1636 3084 singulari,
1707 3013 1912 3084 quam
1976 2993 2333 3085 praefatus
2389 2991 2827 3064 Wladislaus
2882 2992 3037 3063 Rex
3104 2992 3174 3062 et
3227 2987 3302 3060 in
3354 3008 3473 3080 pe-

383 3112 573 3182 ctore
630 3117 700 3182 et
755 3110 829 3182 in
884 3111 1210 3202 operibus
1262 3116 1539 3204 gestare
1596 3118 2087 3205 consueverat,
2155 3113 2353 3186 misit
2408 3133 2495 3185 ex
2550 3113 2777 3204 Byecz
2842 3111 2927 3182 ad
2984 3110 3245 3184 Ducem
3302 3106 3475 3182 Swi-

387 3228 630 3321 trigal‚
688 3231 1138 3304 secretarium
1205 3254 1408 3304 suum
1474 3238 1542 3304 et
1607 3233 1957 3305 notarium
2021 3235 2405 3306 Iohannem
2468 3230 2866 3304 Luthkonis
2922 3230 3005 3302 de
3061 3230 3355 3301 Brzesze
3388 3227 3474 3316 ⁷),

379 3369 634 3440 rogans
689 3354 761 3421 et
813 3349 1176 3441 requirens
1232 3351 1470 3439 illum,
1530 3355 1874 3443 quatenus
1931 3374 2004 3424 se
2043 3373 2271 3426 errare
2327 3359 2398 3425 et
2451 3373 2589 3424 non
2625 3371 2950 3443 germane
3004 3369 3129 3423 nec
3175 3348 3476 3420 fraterne

383 3489 618 3560 agere,
678 3469 1056 3561 aliquando
1111 3476 1664 3562 recognosceret,
1723 3477 1792 3544 et
1845 3491 2002 3543 cum
2039 3471 2193 3564 ipso
2232 3471 2624 3544 Wladislao
2671 3471 2863 3562 Rege
2918 3469 3005 3540 ad
3041 3464 3475 3540 concordiam

383 3588 764 3662 fraternam
819 3590 1107 3676 rediret,
1166 3591 1350 3662 facta
1403 3589 1541 3663 sibi
1597 3591 1680 3663 de
1735 3590 2016 3665 iniuriis
2070 3590 2639 3664 reconciliatione
2694 3595 2764 3662 et
2816 3607 3281 3678 recompensa.
3339 3585 3475 3658 Sed

381 3707 505 3782 ubi
559 3730 797 3801 pacem
853 3710 1176 3784 credebat
1231 3731 1619 3799 occurrere,
1676 3710 1831 3784 illic
1885 3711 2223 3784 immenso
2280 3710 2517 3783 dolore
2573 3708 2927 3782 sauciatus
2985 3711 3115 3780 est.
3189 3707 3471 3778 Praefa-

381 3833 532 3900 tum
591 3828 776 3902 enim
829 3830 1305 3919 Luthkonem,
1371 3830 1673 3904 fideliter
1725 3837 1794 3904 et
1851 3831 2158 3904 animose
2214 3831 2541 3902 mandata
2593 3828 2787 3922 regia
2840 3830 3333 3919 exponentem,
3400 3823 3473 3896 in

382 3948 734 4020 choleram
789 3969 1154 4037 accensuS,
1213 3949 1356 4022 irae
1394 3971 1640 4042 parum
1681 3957 2106 4042 temperan8‚
2164 3950 2254 4022 ad
2292 3949 2657 4022 maxillam
2711 3947 2863 4021 eius
2917 3969 3127 4019 manu
3184 3951 3475 4018 extensa

383 4067 639 4140 cecidit
667 4067 755 4158 ⁸),
814 4074 882 4141 et
937 4068 1376 4161 captivitatis
1432 4070 1750 4142 custodia
1804 4071 2201 4162 mancipare
2254 4091 2389 4142 11011
2446 4069 2582 4142 fuit
2636 4068 2929 4155 verituS,
2984 4066 3059 4138 in
3096 4063 3473 4138 maximam

380 4187 603 4278 Regis
659 4193 730 4259 et
782 4187 1044 4280 Regni,
1101 4188 1302 4260 cuius
1357 4189 1592 4261 nuntii
1644 4211 1782 4261 11011
1839 4191 2065 4262 solum
2121 4188 2304 4281 apud
2352 4191 2581 4282 Reges
2637 4192 2708 4260 et
2761 4186 3124 4278 Principes
3179 4183 3473 4258 catholi-

383 4327 538 4395 cos,
595 4308 714 4382 sed
772 4308 982 4380 etiam
1038 4308 1225 4400 apud
1279 4309 1744 4400 Imperatores
1801 4310 2213 4398 Turcorum,
2272 4310 2769 4382 Thartarorum
2822 4315 2893 4379 et
2950 4309 3473 4392 Saracenorum,

383 4448 654 4499 summo
711 4428 968 4500 honore
1005 4429 1514 4516 tractabantur,
1572 4429 2066 4502 contumeliam
2123 4435 2193 4501 et
2228 4429 2583 4520 pudorem.
2640 4429 2833 4500 Haec
2870 4449 3143 4520 quoque
3197 4423 3475 4498 novitas

381 4546 778 4620 Wladislao
833 4547 1013 4639 Regi
1069 4553 1140 4620 et
1193 4547 1342 4620 suis
1395 4548 1821 4620 consiliariis
1877 4547 2233 4636 nuntiata,
2291 4547 2576 4640 impulit
2612 4547 2850 4635 illum,
2906 4545 3227 4619 omnibus
3281 4544 3475 4637 pacis

602 4804 650 4882 ¹)
696 4805 942 4880 Chipski
993 4798 1142 4866 Cod.
1191 4801 1366 4865 Kost.
1419 4803 1472 4881 α)
1517 4823 1918 4881 composuere.
1971 4800 2124 4867 Cod.
2148 4801 2341 4866 Rozr.
2400 4803 2451 4882 ³)
2497 4803 2653 4865 Roth
2698 4803 2774 4864 de
2818 4804 3033 4879 Dabno
3082 4797 3233 4863 Cod.
3282 4797 3475 4863 Roma

383 4907 440 4989 ⁴)
487 4909 856 4970 confinxisse.
907 4901 1058 4968 Cod.
1105 4905 1296 4968 Rozr.
1369 4905 1419 4984 ⁵)
1468 4906 1562 4968 sic
1607 4906 1678 4968 in
1728 4901 1878 4969 Cod.
1929 4905 2105 4970 Calv.
2174 4913 2235 4968 ct
2277 4907 2566 4968 Thomam
2627 4908 2967 4983 episcopum
3012 4904 3474 4965 Posnaniensem

387 5009 541 5075 Cod.
575 5007 765 5071 Rozr.
812 5010 1100 5070 Thomam
1131 5011 1686 5071 wladislaviensem
1718 5012 2055 5086 episcopum
2093 5005 2246 5072 Cod.
2276 5007 2455 5071 Kost.
2502 5008 2720 5091 utiquc
2738 5027 3127 5090 perperam:
3173 5006 3475 5088 quoniam

383 5125 535 5177 teano
581 5113 882 5196 temporis
939 5109 1159 5172 nullus
1213 5109 1488 5174 Thomas
1547 5113 1718 5174 inter
1777 5111 2104 5195 episcopos
2147 5111 2460 5174 Polo-niae
2521 5108 3039 5194 deprehenditur.
3109 5107 3477 5170 Dim-ritm-

383 5219 488 5280 hic
531 5238 684 5278 sanc
731 5213 808 5276 de
848 5213 908 5276 T
907 5215 1094 5276 homa
1139 5213 1216 5276 dc
1258 5213 1670 5297 Strzampino
1719 5224 1866 5275 tmw
1913 5214 2287 5277 consiliario
2334 5215 2533 5299 regie,
2578 5214 2693 5298 qui
2737 5221 2979 5296 eapost,
3022 5209 3178 5274 dum
3199 5210 3472 5295 Dluqos-

381 5322 522 5384 sius
565 5316 852 5380 Annales
893 5316 1208 5380 Poloniae
1252 5318 1662 5398 concinassct,
1708 5315 1788 5378 ab
1834 5340 1895 5379 a.
1943 5318 2115 5379 1456
2157 5315 2249 5378 ad
2293 5340 2355 5378 a.
2390 5317 2562 5378 1460
2602 5338 2863 5378 munere
2908 5315 3193 5400 episcopi
3247 5315 3472 5378 craco-

381 5423 621 5488 υἰοηείε
652 5419 1076 5505 frangebatur.
1154 5419 1206 5498 ⁶)
1254 5441 1452 5482 eorum
1496 5427 1616 5482 tam
1661 5423 1945 5481 relatione
2004 5441 2098 5482 res
2143 5422 2293 5482 haec
2336 5439 2527 5497 neque
2582 5422 2871 5480 affirmata
2914 5425 3007 5480 cst
3082 5416 3233 5480 Ood.
3280 5417 3473 5480 Rozr.

385 5527 440 5608 ⁷)
483 5529 725 5588 Brzczie
774 5521 926 5586 Cod.
971 5522 1164 5588 Rozr.
1215 5524 1264 5602 ⁸)
1313 5526 1508 5586 caedit
1554 5521 1704 5588 Cod.
1749 5522 1942 5586 Rozr.
