4342 6384
842 525 993 610 288
2008 489 2236 602 unm«
2287 544 2745 600 unnncnms.
3361 519 3502 622 (Α.
3535 521 3628 595 D.
3671 513 3935 616 1⁴22.)

850 737 1109 822 „stram
1183 735 1253 803 et
1290 731 1344 820 ¹)
1402 729 1603 804 Sedis
1673 729 2123 821 Apostolicae
2185 728 2684 820 protectionem
2751 727 3128 820 suscipias:
3197 747 3370 822 ques
3433 733 3506 802 et
3557 750 3735 822 quas
3794 745 3924 802 nos

850 868 1169 940 „exnunc
1239 849 1684 939 suscipimus,
1758 848 1851 920 Et
1914 848 2204 940 insuper
2274 849 2633 935 volumus,
2701 848 2886 939 quod
2947 848 3304 940 quaelibet
3363 849 3672 940 partium
3723 870 3920 941 prae·

848 968 1235 1058 „dictarum
1288 967 1494 1040 alteri
1544 967 1734 1058 parti
1784 967 2056 1058 petenti
2110 967 2560 1040 securitatem
2613 966 2689 1039 in
2741 968 2994 1055 forma,
3059 985 3200 1059 qua
3250 967 3659 1057 dictaveris,
3723 989 3920 1060 prae-

848 1091 1079 1176 „stare
1139 1090 1485 1160 teneatur.
1552 1087 1797 1160 Testes
1860 1091 2093 1160 autem
2156 1086 2220 1158 si
2274 1086 2510 1159 favore
2563 1087 2678 1158 vel
2731 1085 2922 1174 odie,
2986 1087 3104 1158 vel
3165 1086 3448 1174 timore,
3504 1092 3628 1161 aut
3680 1087 3922 1180 aliqua

846 1205 1031 1294 „alia
1080 1206 1387 1279 humana
1437 1205 1668 1297 gratia
1721 1227 1797 1278 se
1832 1204 2346 1293 subtraxerint,
2401 1206 2782 1296 compellas
2817 1225 2940 1296 per
2976 1225 3338 1278 censuram
3377 1205 3921 1280 ecclesiasticam

846 1323 1214 1413 „veritatis
1266 1324 1746 1397 testimonium
1798 1324 2192 1415 perhibere:
2258 1345 2397 1396 non
2461 1323 2904 1396 obstantibus
2967 1323 3394 1416 privilegiis,
3465 1323 3917 1398 ordinationi-

846 1443 1020 1531 „bus
1073 1446 1143 1516 et
1196 1442 1819 1518 constitutionibus
1870 1441 2314 1535 apostolicis,
2381 1447 2452 1515 et
2501 1442 2911 1537 praesertim
2967 1443 3096 1515 illa
3141 1443 3370 1517 felicis
3415 1443 3917 1518 recordationis

846 1560 1237 1650 „Bonifacii
1288 1561 1519 1652 Papae
1571 1560 1834 1650 octavi,
1888 1560 2436 1652 praedecessoris
2487 1559 2744 1648 nostri,
2801 1581 2940 1653 qna
2989 1567 3307 1650 cavetur,
3361 1584 3452 1636 ne
3503 1562 3662 1654 quis
3717 1569 3921 1636 extra

844 1699 1087 1767 „suam
1139 1679 1505 1768 diocesim,
1560 1679 1701 1752 nisi
1752 1701 1925 1768 una,
1981 1683 2054 1753 et
2105 1679 2180 1752 in
2232 1679 2440 1753 certis
2479 1678 2794 1768 casibus,
2849 1680 3119 1752 duabus
3166 1680 3416 1754 diaetis
3453 1681 3542 1752 ad
3577 1680 3916 1757 iudicium

846 1797 1075 1888 „trahi
1129 1799 1244 1872 vel
1298 1798 1570 1872 evocari
1630 1800 1897 1886 valeat;
1954 1803 2079 1871 aut
2130 1798 2196 1871 si
2249 1797 2385 1886 eie,
2451 1799 2564 1872 vel
2619 1797 2834 1871 alicui
2887 1817 3122 1872 eorum
3173 1821 3216 1872 a
3271 1799 3450 1872 Sede
3503 1801 3916 1892 Apostolica

848 1918 1245 2006 „indultum
1282 1916 1576 2006 existat,
1634 1918 1817 2008 quod
1853 1916 2210 2006 interdici,
2251 1917 2580 2008 suspendi
2625 1919 2742 1990 vel
2795 1917 3377 1991 excommunicari
3427 1939 3566 1990 non
3603 1923 3913 2010 possent,

850 2057 1015 2128 „per
1066 2034 1311 2109 literas
1365 2035 1819 2125 apostolicas,
1884 2055 2023 2108 non
2084 2036 2420 2108 facientes
2482 2037 2761 2127 plenam
2824 2039 2895 2108 et
2948 2057 3348 2127 expressam
3409 2057 3489 2109 ac
3553 2037 3638 2110 de
3701 2037 3914 2110 verbo

846 2155 975 2244 „ad
1029 2153 1349 2241 verbum,
1404 2153 1491 2226 de
1544 2153 1817 2226 indulto
1871 2153 2276 2226 huiusmodi
2327 2154 2782 2242 mentionem,
2846 2154 3280 2246 caeterisque
3331 2155 3701 2228 contrariis
3757 2155 3910 2246 qui-

846 2272 1338 2364 „buscumqua
1404 2272 1661 2344 Datum
1724 2273 1985 2346 Romae
2046 2272 2234 2364 apud
2297 2272 2632 2346 Sanctum
2683 2273 3004 2363 Petrum,
3068 2273 3334 2346 Octavo
3383 2273 3722 2348 calendas
3776 2275 3911 2346 De-

846 2391 1216 2479 „cembris,
1275 2390 1737 2464 Pontificatus
1789 2391 2015 2465 nostri
2066 2410 2249 2464 anno
2303 2390 2624 2483 quinto“.
3609 2389 3622 2398 ‘

898 2741 1223 2814 tributum
1265 2743 1545 2832 quinquo
1588 2741 1855 2814 millium
1896 2741 2276 2813 florenorum
2321 2738 2672 2810 wladislao
2714 2739 2870 2841 Regi
2913 2741 2982 2812 in
3026 2741 3199 2812 clero
3241 2740 3538 2813 Poloniae
3581 2758 3621 2813 a
3664 2742 3836 2832 rapa

1939 2859 2388 2949 consignatum
2431 2858 2812 2948 denegatur.

1037 3103 1335 3196 Aliquot
1383 3103 1832 3177 hebdomadis
1885 3102 2321 3176 wladislaus
2375 3101 2706 3176 Poloniae
2758 3103 2912 3176 Rex
2967 3103 3154 3194 apud
3206 3102 3606 3176 cracoviam
3659 3103 3903 3176 immo-

828 3227 1057 3312 ratus,
1112 3223 1188 3296 in
1240 3226 1462 3296 terras
1516 3221 1801 3295 Maioris
1854 3222 2216 3310 Poloniae,
2275 3220 2538 3313 Sophia
2587 3220 2858 3312 Regina
2911 3225 2982 3294 et
3033 3220 3183 3293 filia
3234 3221 3428 3313 regia
3481 3222 3789 3316 Hedvigi
3825 3224 3902 3297 in

827 3340 1158 3414 cracovia
1206 3345 1638 3429 remanente,
1692 3341 2052 3432 processit.
2109 3340 2464 3413 Antonius
2517 3341 2809 3431 insuper
2859 3341 3042 3412 Zeno
3090 3340 3406 3413 Nuntius
3445 3341 3900 3432 apostolicus,

826 3459 1165 3549 officium,
1231 3460 1320 3533 ad
1373 3459 1555 3552 quod
1609 3459 2001 3533 destinatus
2064 3461 2326 3548 fuerat,
2394 3458 2660 3533 sincere
2721 3457 3174 3550 impleturus„
3241 3459 3542 3532 testibus
3594 3460 3902 3552 primum

824 3599 949 3671 pro
1001 3583 1200 3670 parte
1252 3577 1585 3650 Poloniae
1637 3577 1853 3671 Regis
1906 3578 2276 3651 cracoviae
2327 3577 2666 3665 inductis,
2723 3576 3174 3666 examinatis,
3232 3577 3597 3670 literisque
3647 3583 3718 3652 et
3753 3579 3897 3671 pri-

825 3697 1109 3790 vilegiis
1163 3697 1383 3770 variis
1436 3696 1611 3768 visis
1666 3701 1737 3769 et
1789 3695 2251 3787 transumptis
2269 3751 2286 3783 ,
2342 3695 2418 3767 in
2471 3695 2802 3768 Maiorem
2857 3695 3220 3768 Poloniam
3267 3701 3338 3769 et
3373 3695 3524 3788 ipse
3578 3697 3896 3786 divertit,

825 3820 899 3889 et
949 3816 1279 3890 ecclesias
1332 3815 1765 3889 cathedrales
1780 3871 1797 3904 ,
1863 3815 2274 3908 collegiatae
2303 3869 2320 3903 ,
2387 3813 2942 3906 monasteriaque
3005 3812 3289 3888 Maioris
3350 3815 3688 3890 Poloniae
3742 3837 3903 3908 per-

826 3935 1161 4018 sonaliter
1213 3934 1486 4023 adiens,
1542 3934 1973 4026 grandaevos
2025 3937 2280 4020 testes,
2336 3936 2790 4024 vetustasque
2840 3932 3086 4005 literas
3137 3939 3209 4006 et
3253 3932 3658 4027 privilegia,
3715 3936 3902 4008 veri-

824 4056 1043 4125 tatem
1093 4073 1325 4124 rerum
1378 4073 1587 4144 quam
1639 4052 1943 4126 maxime
1994 4051 2361 4140 testantia,
2417 4051 2730 4138 videbat,
2787 4050 3230 4124 examinabat
3283 4057 3354 4124 et
3391 4053 3901 4128 transumebat.

824 4170 1265 4243 Wladislaus
1326 4170 1609 4242 interim
1670 4171 2003 4244 Poloniae
2063 4171 2220 4243 Rex
2277 4169 2462 4261 apud
2515 4169 2820 4261 Wyelun
2850 4167 2918 4258 2)
2967 4169 3298 4260 oppidum
3353 4191 3477 4261 pro
3532 4170 3906 4244 Dominica

822 4287 1223 4362 Palmarum
1278 4309 1522 4381 agens,
1578 4289 1948 4362 Nicolaum
2004 4289 2476 4362 Gnesnensem
2544 4287 3140 4379 archiepiscopum
3177 4293 3248 4361 et
3284 4289 3636 4362 Andream
3670 4289 3897 4380 Lyas-

772 4463 782 4472 .
822 4405 976 4480 kari
1028 4407 1567 4480 Posnaniensem
1623 4407 2023 4499 episcopum
2076 4409 2163 4480 ad
2219 4429 2294 4482 se
2347 4408 2742 4495 venienteS,
2798 4407 2882 4480 de
2937 4405 3284 4480 solutione
3335 4427 3646 4480 summae
3690 4408 3900 4499 quin-

822 4545 957 4618 que
1009 4524 1313 4598 millium
1366 4525 1777 4606 florenorum
1839 4527 1915 4598 in
1968 4527 2153 4600 clero
2207 4525 2540 4599 Poloniae
2596 4525 2733 4599 sibi
2785 4545 2908 4616 per
2961 4523 3340 4596 Martinum
3402 4526 3666 4616 Papam
3718 4525 3899 4599 assi-

818 4647 1105 4736 gnatae,
1134 4641 1478 4744 requirit.
1536 4643 1669 4734 Qui
1724 4665 1879 4717 cum
1934 4644 2021 4716 ad
2075 4645 2374 4717 aliorum
2427 4642 2962 4734 provincialium
3015 4641 3496 4733 episcoporum
3553 4643 3900 4717 delibera-

818 4762 1079 4835 tionem
1135 4783 1277 4836 rem
1331 4760 1781 4849 detulissent,
1840 4762 2282 4834 conformiter
2315 4762 2402 4835 ab
2439 4761 2770 4834 universa
2801 4759 3134 4834 Polonica
3171 4761 3464 4835 ecclesia
3499 4761 3902 4835 Wladislao

818 4880 998 4973 Regi
1060 4885 1169 4953 est
1230 4898 1672 4972 responsum:
1745 4880 2172 4953 Nullatenus
2245 4878 2608 4970 pontifices
2675 4885 2745 4953 et
2799 4880 3060 4953 clerum
3124 4877 3364 4971 papali
3434 4879 3902 4972 assignationi

815 4999 1199 5090 parituros3
1244 4999 1405 5070 'tum
1463 4999 1645 5089 quod
1698 4999 1927 5072 clerus
1982 5003 2053 5072 et
2106 4997 2438 5072 ecclesiae
2501 4996 3027 5090 consignatione
3091 4997 3246 5088 ipsa
3299 4997 3681 5088 plurimum
3735 5019 3900 5090 gra·

818 5121 1179 5205 vai-entur,
1237 5120 1385 5188 tum
1442 5117 1625 5207 quod
1677 5117 2232 5209 pertimescenda
2267 5116 2443 5188 foret
2479 5117 2794 5209 sequela,
2851 5120 3001 5188 tum
3041 5115 3222 5207 quod
3261 5115 3694 5207 consignatio
3731 5136 3900 5190 con-

1030 5366 1078 5448 1)
1122 5373 1301 5446 atque
1347 5364 1498 5433 Coa.
1538 5367 1731 5434 Rozr.
1780 5369 1832 5450 ⁹)
1877 5371 2155 5448 Wielyun
2195 5367 2328 5432 Ed.
2373 5365 2556 5452 Lips.
