4342 6384
876 533 1024 608 586
2024 556 2253 611 mmm
2307 550 2825 608 nnonncnms.
3413 528 3544 628 (A.
3586 525 3678 603 Ι).
3718 518 3975 629 msc.)

870 739 1398 831 ministrabant,
1451 741 1794 815 rationem
1848 762 1889 813 a
1943 762 2018 815 se
2072 740 2265 833 exigi
2320 764 2456 813 non
2502 760 2729 833 posse.
2790 737 2983 812 Vicit
3038 737 3259 830 igitur
3294 756 3531 809 eorum
3588 736 3957 824 sententia,

872 859 994 950 qui
1048 859 1507 934 consulebant
1566 861 1885 953 Regnum
1952 860 2328 933 Bohemiae
2392 865 2784 953 acceptare,
2856 879 2935 931 eo
2986 856 3400 949 praesertim
3463 860 3823 947 respectu,
3884 862 3969 929 ut

871 977 1166 1051 Alberto
1221 978 1401 1072 Regi
1455 980 1926 1051 Romanorum
1981 984 2053 1053 et
2105 980 2511 1071 Hungariae
2574 980 2649 1052 in
2703 978 2857 1051 eius
2910 976 3351 1050 assecutione
3415 975 3620 1047 detur
3676 974 3965 1065 impedi-

872 1102 1214 1185 mentum,
1273 1118 1360 1170 ne
1399 1096 1462 1169 si
1515 1098 1784 1171 duobus
1822 1098 2078 1171 vicinis
2124 1099 2366 1191 Regno
2402 1098 2737 1171 Poloniae
2774 1096 3041 1188 Regnis
3086 1095 3355 1187 potitus
3410 1094 3483 1165 in
3519 1114 3690 1185 paee
3730 1093 3963 1177 tuerit,

871 1216 1115 1307 Regno
1152 1216 1487 1289 Poloniae
1541 1218 1738 1289 velut
1774 1218 2170 1290 Almannus
2228 1218 2479 1290 fortius
2516 1238 2762 1291 nocere
2799 1215 3050 1308 possit.
3110 1214 3256 1287 Sub
3309 1212 3713 1286 huiusmodi
3750 1212 3968 1305 igitur

871 1334 1427 1409 consideratione
1491 1341 1561 1408 et
1625 1342 1946 1427 respectu
2009 1336 2415 1409 Kazimirus
2488 1335 2562 1408 in
2616 1336 2773 1428 ipsa
2827 1334 3285 1408 conventione
3338 1332 3579 1405 Novae
3634 1330 3963 1404 Civitatis

865 1454 1194 1546 Regnum
1253 1454 1631 1529 Bohemiae
1681 1460 2030 1547 aceeptat;
2089 1456 2527 1528 wladislaus
2580 1474 2862 1547 qnoque
2896 1454 3050 1527 Rex
3106 1454 3191 1525 ad
3229 1452 3781 1544 prosequendam
3830 1452 3965 1524 ele-

873 1572 1176 1646 ctionem
1239 1573 1554 1665 germani
1617 1573 1728 1645 sui
1800 1574 1972 1647 duos
2044 1574 2403 1666 palatin-os
2472 1573 2702 1666 Regni
2744 1576 2835 1663 ¹),
2911 1571 3415 1665 Sandivogium
3485 1571 3569 1644 de
3641 1569 3971 1663 Ostrorog

872 1691 1456 1795 Posnaniensem,
1513 1692 1894 1765 Iohannem
1950 1692 2035 1766 de
2089 1692 2441 1765 Thanezin
2498 1691 3166 1780 Sandomiriensem,
3224 1692 3415 1765 viros
3468 1690 3850 1782 prudentes
3900 1694 3967 1762 et

873 1810 1292 1901 industrios,
1351 1812 1514 1884 dato
1569 1811 1719 1884 illis
1755 1812 2054 1885 notabili
2109 1816 2181 1885 et
2214 1812 2486 1903 potenti
2525 1812 2871 1899 exercitu,
2929 1812 3003 1884 in
3042 1810 3449 1884 Bohemiam
3504 1808 3965 1881 transmittit:

875 1929 1205 2020 qnoniam
1279 1950 1516 2003 omnes
1579 1932 1906 2019 barones,
1981 1930 2259 2004 nobiles
2328 1936 2399 2004 et
2462 1931 2787 2005 civitates
2854 1930 3266 2018 Bohemiae,
3342 1929 3464 2020 qui
3532 1927 3971 2001 Kaaimirum

875 2049 1260 2141 elegerant,
1319 2049 1709 2123 subsidium
1767 2050 2227 2139 exercituale,
2282 2070 2372 2123 ne
2426 2051 2513 2123 ab
2566 2050 2791 2123 altera
2844 2054 3043 2142 parte
3077 2046 3603 2136 invaderentur,
3658 2047 3853 2120 mitti
3900 2047 3969 2117 in

881 2168 1292 2241 Bohemiam
1347 2170 1862 2261 supplicabant.
1919 2170 2158 2242 Nimio
2214 2171 2378 2261 plus
2434 2190 2643 2262 quam
2696 2168 2913 2243 velim
2966 2169 3393 2241 Polonornm
3456 2172 3629 2239 sunt
3680 2165 3971 2239 mobilia

877 2287 1194 2378 ingenia:
1251 2287 1338 2359 ad
1373 2288 1792 2380 legationem
1849 2293 1992 2361 tam
2031 2288 2309 2361 futilem
2346 2295 2417 2362 et
2454 2294 2767 2377 tenuem,
2806 2308 3032 2380 neque
3066 2286 3505 2361 Kazimirum
3556 2286 3967 2359 electionem

875 2405 1258 2497 suscipere,
1329 2426 1554 2498 neque
1620 2408 1940 2499 Regnum
2004 2407 2339 2481 Poloniae
2390 2409 2781 2499 pernicioso
2834 2428 2911 2481 se
2936 2406 3003 2497 2)
3071 2407 3257 2480 bello
3312 2405 3707 2477 immiscere
3758 2424 3967 2495 expe-

873 2524 1141 2614 diebat,
1202 2526 1403 2617 quasi
1457 2526 1760 2598 Polonos
1825 2526 2140 2599 taederet
2205 2526 2489 2599 floridae
2554 2528 2751 2619 pacis
2810 2526 3277 2618 prosperitate
3331 2524 3580 2616 potiri,
3638 2530 3973 2597 venustae

873 2644 1140 2717 arboris
1195 2645 1533 2733 adinstar,
1609 2665 1787 2735 quae
1841 2646 2075 2718 fructu
2128 2647 2421 2739 gravida
2494 2646 2569 2719 in
2624 2646 2991 2721 flexionem
3044 2646 3308 2737 pariter
3376 2644 3683 2736 pondere
3734 2662 3969 2735 pressa

875 2765 1382 2856 praecipitatur
1436 2768 1508 2837 et
1563 2765 1964 2836 fracturam.
2037 2764 2263 2837 Nemo
2328 2786 2415 2837 ex
2470 2763 2793 2838 omnibus
2858 2766 3085 2857 Regni
3152 2764 3487 2835 Poloniae
3540 2762 3967 2835 consiliariis

877 2902 1094 2973 aeque
1150 2905 1358 2974 quam
1413 2882 1761 2975 Sbigneus
1826 2884 2309 2956 cracoviensis
2374 2884 2741 2975 episcopus
2807 2882 3273 2975 acceptationi
3328 2882 3691 2954 Bohemici
3746 2882 3965 2973 Regni

881 3002 1417 3089 adversabatur3
1473 3023 1714 3074 veru-m
1771 3024 2204 3092 supervacua
2241 3002 2395 3075 visa
2432 3010 2541 3075 est
2598 3025 2725 3075 sua
2778 3008 2849 3075 et
2884 3002 3244 3093 persuasio
3300 3008 3371 3073 et
3406 3000 3654 3087 oratio,
3696 3001 3967 3091 quando

879 3120 1312 3211 reliquorum
1367 3120 1680 3211 spirabat
1712 3119 1773 3210 ³)
1829 3122 1916 3192 ad
1955 3142 2269 3213 quaeque
2323 3123 2667 3195 deteriora
2702 3142 3107 3194 consensus
3168 3121 3487 3193 Movebat
3541 3124 3778 3191 autem
3817 3119 3965 3191 Sbi-

877 3260 1130 3331 gneum
1188 3240 1709 3312 cracoviensem
1773 3239 2178 3331 episcopum
2244 3262 2380 3311 non
2446 3242 2671 3313 selum
2738 3240 2965 3331 Regni
3029 3239 3403 3312 Bohemiae
3474 3260 3723 3329 parum
3786 3239 3969 3309 iusta

877 3358 1262 3450 acceptatio
1287 3414 1303 3447 ,
1361 3358 1483 3430 sed
1535 3358 1858 3449 pont-ifex
1913 3357 2303 3430 catholicus
2360 3358 2751 3446 verebatur,
2807 3380 2893 3430 ne
2947 3359 3268 3431 haereses
3326 3357 3747 3429 Bohemicae
3799 3356 3963 3429 reci·

875 3482 1124 3567 petent
1153 3475 1220 3567 ⁴)
1273 3482 1752 3570 augmentum.

1311 3836 1582 3927 megetio
1625 3836 1870 3907 metti
1915 3835 2335 3925 Imperatoris
2375 3837 2459 3909 ad
2504 3837 2923 3909 wladissaum
2965 3839 3203 3928 aegon
3244 3838 3565 3910 Poloniae.

1085 4072 1420 4145 Albertns
1475 4072 1945 4145 Romanorum
1997 4076 2070 4145 et
2123 4074 2529 4165 Hungariae
2586 4074 2745 4148 Rex
2804 4076 3113 4149 sentiens
3158 4074 3597 4154 Kazimirum
3654 4074 3740 4149 de
3792 4075 3965 4147 scitu

879 4199 950 4264 et
1001 4190 1297 4264 consilio
1361 4190 1740 4262 Wladislai
1805 4190 2022 4282 Regis
2086 4190 2418 4265 Poloniae
2490 4194 2809 4285 Regnum
2882 4194 3257 4268 Bohemiae
3312 4195 3699 4288 accepisse,
3756 4192 3967 4266 mittit

881 4312 968 4384 ad
1007 4308 1479 4381 Wladislaum
1516 4310 1778 4401 Regem
1833 4310 2008 4381 duos
2061 4311 2351 4383 nuutios
2404 4332 2627 4403 nsque
2682 4313 2755 4385 in
2794 4312 3227 4402 Gracoviam,
3286 4314 3619 4387 videlieet
3656 4312 3965 4383 Blasium

885 4432 1062 4503 alias
1119 4429 1424 4503 Balasch
1481 4428 1887 4520 Hungariae
1917 4428 1988 4519 5)-
2036 4434 2106 4502 et
2160 4431 2544 4505 Iohannem
2598 4432 2901 4507 Rabstin
2955 4433 3333 4505 Bohemiae
3360 4433 3448 4521 ὅ),
3506 4431 3799 4520 milites,
3855 4430 3967 4521 qni

884 4571 1008 4642 pro
1063 4550 1312 4623 diebus
1350 4550 1800 4622 Pentecostes
1835 4549 2238 4623 Craeoviam
2292 4550 2707 4640 adveniunt,
2766 4552 3243 4643 significantes
3276 4552 3337 4641 ⁷)
3374 4551 3448 4623 in
3486 4549 3763 4642 primis,
3805 4571 3963 4640 qna·

889 4671 1054 4743 liter
1080 4669 1146 4759 ⁸)
1201 4671 1520 4761 Regnum
1575 4668 1952 4741 Bohemiae
2014 4673 2164 4740 tum
2218 4670 2489 4741 ratione
2550 4670 2897 4743 consortis
2962 4690 3129 4743 suae
3184 4671 3583 4755 Elisabeth,
3642 4674 3961 4759 tanquam

884 4790 1129 4863 unicae
1184 4789 1373 4861 filiae
1429 4787 1864 4880 sigismundi
1918 4794 1988 4861 et
2024 4788 2379 4877 haerediS,
2438 4796 2588 4862 tum
2634 4790 2904 4864 ratione
2958 4790 3403 4881 antiq-uorum
3460 4789 3811 4861 foederum
3848 4787 3959 4857 du-

885 4910 1050 4981 dum
1105 4908 1291 4982 inter
1353 4909 1673 5000 Regnum
1739 4907 2116 4981 Bohemiae
2180 4912 2251 4980 et
2312 4910 2592 4981 domum
2658 4908 2990 4983 Austriae
3054 4908 3383 4980 initorum
3403 4963 3422 4997 ,
3495 4912 3645 4981 tum
3708 4907 3959 4979 ratione

1099 5199 1146 5277 ¹)
1189 5200 1381 5275 Regni
1425 5199 1518 5259 sui
1563 5195 1689 5259 Ed.
1738 5196 1918 5279 Lipe.
1982 5196 2034 5277 ⁹)
2079 5198 2411 5273 perniciose
2456 5194 2581 5260 Ed.
2630 5194 2815 5279 [Αἶρε.
2878 5195 2935 5275 ⁸)
2980 5198 3291 5273 spectabat
3348 5190 3501 5258 cod.
3562 5192 3743 5256 Koet.
3806 5191 3855 5271 ⁴)
3890 5208 3955 5249 ne

885 5301 1147 5361 haeresis
1191 5300 1513 5361 Bohemiae
1552 5302 1842 5376 reciperet
1884 5296 2010 5361 Ed.
2057 5298 2242 5381 Lipe.
2295 5298 2349 5378 ⁵)
2392 5300 2696 5375 Ungarnm
2740 5296 2865 5361 Ed.
2916 5297 3096 5381 Lips.
3160 5297 3215 5379 ⁸)
3258 5299 3579 5360 Euhenum
3622 5294 3751 5359 Ed.
3796 5293 3955 5376 Lipa-

891 5400 942 5483 7)
991 5403 1324 5477 significant
1369 5398 1525 5465 Cod.
1569 5399 1748 5463 Kone.
1797 5400 1850 5481 ⁸)
1895 5402 2056 5478 qnod
2115 5398 2241 5463 Ed.
2290 5398 2470 5483 Lipe.
