4342 6384
345 595 474 696 (Α.
513 595 604 669 D.
646 595 875 696 1410.)
1506 621 1733 674 unna
1785 621 2244 675 muniemus.
3387 606 3432 678 9

940 919 1265 992 Externus
1309 920 1497 992 miles
1542 921 1627 992 ad
1668 921 1905 994 bellum
1948 921 2398 994 Prothenicum
2443 923 2841 996 conducitur.

546 1165 850 1238 Sabbato
906 1169 1067 1238 ante
1122 1166 1557 1239 Dominicam
1612 1167 1931 1257 cantate,
1992 1168 2428 1240 Wladislaus
2482 1169 2816 1243 Poloniae
2871 1171 3060 1259 Rex,
3119 1170 3439 1244 ordinata

348 1285 644 1376 partium
718 1285 1301 1360 Sandeczensium
1372 1286 1802 1378 provisione,
1878 1309 1964 1360 ex
2022 1288 2330 1361 Sandecz
2403 1309 2760 1381 egressus,
2834 1311 2960 1381 per
3029 1291 3312 1364 Czchow
3369 1294 3439 1363 et

349 1407 745 1497 Bochnyam
798 1406 1179 1479 transitum
1234 1407 1527 1495 faciens,
1595 1408 1769 1480 feria
1832 1407 2043 1481 tertia
2105 1414 2268 1500 post
2321 1409 2756 1483 Dominicam
2811 1410 3133 1500 cantate,
3193 1411 3434 1483 Oraco-

349 1525 527 1596 viam
585 1525 891 1598 advenit.
950 1526 1092 1598 Ubi
1148 1527 1543 1618 quindecim
1598 1528 1843 1601 diebus
1898 1528 2341 1618 immoratus,
2398 1529 2716 1602 residuos
2752 1530 3019 1604 milites
3059 1535 3127 1604 et
3163 1531 3434 1603 curien-

348 1665 454 1718 ses
509 1666 706 1733 suos,
764 1654 1109 1737 quatenus
1164 1646 1237 1718 in
1292 1647 1808 1738 expeditionem
1861 1648 2359 1721 Pruthenicam
2415 1671 2489 1721 se
2545 1650 3024 1742 disponerent,
3084 1651 3158 1722 in
3197 1671 3432 1723 eorum

347 1767 525 1837 lares
579 1765 900 1838 licentiat
954 1771 1027 1838 et
1062 1767 1117 1854 ¹)
1170 1767 1495 1840 remittit.
1554 1767 1775 1840 Vocat
1826 1767 2113 1860 insuper
2150 1774 2221 1841 et
2259 1769 2608 1860 stipendio
2664 1770 2991 1842 conducit
3043 1771 3430 1842 nonnullos

351 1885 689 1957 Bohemos
743 1891 813 1958 et
867 1885 1189 1958 Moravos
1239 1865 1415 1959 belii
1467 1888 1764 1979 peritos,
1823 1888 1945 1980 qui
2000 1890 2387 1961 exercitum
2433 1910 2670 1982 regere
2702 1889 2788 1980 ²),
2847 1891 3123 1964 ordines
3161 1892 3434 1977 ducere,

350 2005 497 2077 loca
552 2009 717 2096 apta
767 2027 893 2097 pro
946 2007 1238 2078 locando
1295 2007 1611 2080 exercitu
1666 2008 1922 2100 eligere
1974 2030 2183 2081 nosse
2237 2009 2725 2082 credebantur:
2783 2010 2970 2082 inter
3025 2031 3199 2100 quos
3245 2011 3438 2082 fuere

352 2125 922 2216 praestantiores,
982 2126 1227 2214 Sokol‚
1286 2126 1597 2200 Szolawa
1630 2125 1715 2216 ³),
1773 2127 2204 2202 Zbiszlawek
2233 2129 2322 2217 ⁴),
2389 2130 2698 2216 Kostka‚
2759 2129 3221 2202 Stanislawek
3251 2129 3312 2219 5)
3369 2134 3442 2202 et

354 2246 585 2336 plures
638 2245 789 2318 alii.
847 2245 1181 2336 Quamvis
1238 2248 1583 2339 siquidem
1640 2248 2078 2320 Wladislaus
2132 2249 2467 2322 Poloniae
2520 2250 2678 2322 Rex
2734 2270 2822 2321 ex
2875 2248 3155 2341 proprio
3213 2247 3441 2323 milite

274 2407 283 2416 ·
356 2367 593 2438 fortem
650 2370 721 2438 et
773 2387 1222 2438 numerosum
1275 2368 1681 2440 habiturum
1720 2391 1795 2442 se
1830 2390 1969 2441 non
2024 2369 2379 2442 dubitaret
2433 2369 2852 2457 exercitum,
2910 2370 2998 2440 ad
3053 2370 3437 2442 conducen-

355 2485 511 2556 dum
566 2491 798 2558 tamen
861 2486 1303 2578 peregrinum
1371 2487 1701 2576 militem,
1770 2486 2062 2560 consilio
2130 2509 2416 2560 suorum
2478 2489 2814 2561 Poloniae
2883 2488 3440 2561 consiliariorum

356 2605 805 2678 saluberrimo
861 2627 949 2679 ex
1004 2627 1213 2680 causa
1268 2607 1648 2699 multiplici
1704 2611 1775 2679 et
1809 2607 2218 2680 rationabili
2254 2611 2580 2699 respectu
2616 2608 2752 2680 fuit
2788 2613 3219 2699 pertractuS‚
3279 2630 3438 2680 sua-

356 2724 660 2797 dentium
725 2727 935 2799 fortia
998 2731 1069 2799 et
1133 2727 1525 2818 frequentia
1588 2730 1985 2800 exterorum
2050 2728 2306 2800 solatia
2335 2729 2398 2816 6)
2454 2728 2542 2800 ad
2595 2728 2860 2801 bellum
2921 2728 3298 2822 gerendum
3355 2748 3443 2800 ex

354 2864 431 2916 eo
482 2844 929 2936 potissimum
999 2851 1321 2937 respectu
1393 2847 1635 2920 acciri:
1710 2851 1791 2918 ut
1846 2847 1909 2919 si
1964 2846 2260 2919 victoria
2324 2848 2504 2939 Regi
2567 2847 2869 2934 cederet,
2945 2851 3212 2921 certum
3266 2848 3444 2919 foret

352 2964 606 3053 victoS,
664 2969 733 3037 et
786 2965 1137 3057 stipendia
1190 2971 1261 3037 et
1316 2987 1787 3058 quaecumque
1824 2966 2362 3058 imperarentur,
2418 2965 2804 3040 victoribus
2841 2967 3053 3058 pendi
3090 2971 3440 3058 oportere3

354 3084 418 3156 si
470 3084 732 3170 minus,
790 3085 1221 3176 stipendium
1274 3085 1683 3174 desiderati,
1742 3085 1931 3176 capti
1985 3089 2057 3158 et
2110 3086 2283 3159 victi
2337 3107 2476 3158 non
2529 3087 2757 3158 forent
2809 3086 3246 3179 requisituri.
3305 3089 3439 3158 Ac·

350 3204 633 3277 cedebat
686 3205 1005 3296 insuper,
1072 3226 1159 3276 ne
1213 3204 1477 3278 milites
1534 3207 1843 3278 forenses
1908 3227 1951 3277 a
2003 3206 2194 3298 Rege
2257 3205 2586 3278 conducti
2658 3211 2728 3278 et
2791 3206 3252 3293 conducendi,
3320 3205 3438 3278 do-

350 3323 589 3396 nativo
644 3323 1167 3416 praeoccupati,
1234 3325 1309 3396 in
1360 3330 1630 3416 partem
1684 3325 2048 3413 hostilem,
2114 3327 2327 3398 robur
2381 3346 2617 3398 eorum
2671 3326 2979 3415 aucturi,
3037 3325 3442 3398 transirent.

348 3443 595 3536 Longa
632 3444 913 3535 quidem
948 3444 1090 3516 fuit
1127 3446 1210 3518 de
1246 3446 1377 3518 hac
1412 3467 1485 3519 re
1522 3446 1707 3519 inter
1762 3446 2200 3518 consiliarios
2249 3446 2582 3518 Poloniae
2621 3446 3077 3534 concertatiO,
3134 3447 3446 3518 Iohanne

344 3563 435 3636 de
491 3565 774 3637 Tarnow
828 3564 1138 3656 palatino
1196 3565 1638 3639 Oracoviensi
1692 3565 1925 3656 (cuius
1972 3565 2392 3640 sententiam
2430 3565 2717 3652 caeteri,
2774 3569 3108 3657 tanquam
3159 3565 3296 3637 viri
3332 3586 3442 3637 ra-

342 3703 474 3756 rae
538 3685 1019 3773 dexteritati8‚
1094 3686 1628 3777 sequebantur),
1695 3690 1775 3757 ut
1836 3685 2106 3778 proprii
2177 3685 2415 3777 potius
2470 3685 2770 3774 militeS,
2845 3685 2932 3757 ad
2986 3686 3252 3758 bellum
3307 3706 3444 3757 non

342 3803 679 3896 obligati,
736 3810 1071 3896 tanquam
1125 3805 1405 3878 fidiores
1458 3805 1759 3897 pat-riae,
1819 3805 2178 3897 operosius
2235 3805 2322 3877 ad
2375 3804 2767 3877 navandam
2822 3804 3218 3892 victoriam,
3285 3825 3443 3895 ope-

336 3945 463 3994 ras
523 3945 683 3996 suas
738 3924 1169 4012 adiunctum,
1238 3925 1549 3998 mercede
1613 3927 2087 4013 traherentur,
2158 3925 2516 3998 suadente.
2585 3925 2722 3998 Sed
2785 3924 2958 3997 vicit
3021 3924 3310 4017 Sbignei
3363 3925 3448 3995 de

338 4043 648 4116 Brzesze
681 4045 741 4133 ⁷)
798 4044 1024 4137 Regni
1087 4045 1423 4119 Poloniae
1486 4050 1653 4118 tunc
1718 4045 2045 4118 marsalci
2110 4044 2492 4132 sententia,
2559 4045 2867 4117 forenses
2923 4048 2993 4117 et
3044 4035 3447 4136 peregrinos

334 4165 617 4238 milites
669 4164 1188 4256 praeferendoS,
1246 4164 1456 4256 idque
1512 4165 1735 4257 magis
1790 4165 2248 4256 Reipublicae
2303 4164 2712 4237 conducere:
2771 4184 2934 4236 nam
2981 4163 3042 4236 si
3079 4163 3444 4249 vicissent,

334 4307 485 4356 non
549 4285 695 4356 suis
752 4284 1002 4376 opibus
1058 4288 1179 4358 aut
1233 4284 1495 4376 Regni,
1554 4286 1674 4358 sed
1730 4285 2081 4357 manubiis
2136 4283 2448 4356 hostium
2503 4285 2854 4356 facturum
2909 4283 3118 4367 satis;
3176 4283 3237 4355 si
3277 4283 3448 4354 victi

331 4410 619 4491 essent,
684 4425 813 4476 nec
875 4424 990 4476 eos
1055 4403 1176 4495 qui
1238 4410 1661 4495 repeterent,
1736 4425 1861 4478 nec
1916 4427 1955 4476 a
2013 4404 2270 4496 quibus
2324 4405 2547 4496 repeti
2602 4404 2961 4490 deberent,
3029 4402 3448 4494 superstites

326 4525 677 4598 relictum
732 4524 847 4596 iri.

578 4795 622 4875 ¹)
669 4803 845 4873 atque
894 4791 1044 4858 Cod.
1092 4794 1285 4858 Rozr.
1336 4795 1386 4875 ῃ)
1432 4801 1635 4872 tegere
1680 4793 1805 4856 Ed.
1838 4793 2017 4878 Lips.
2068 4794 2122 4872 ³)
2171 4796 2408 4855 Zolawa
2441 4790 2593 4857 Cod.
2625 4791 2816 4855 Rozr.
2867 4791 2922 4871 ³)
2967 4793 3288 4872 Zbisohek‚
3335 4795 3448 4855 La-

326 4901 471 4960 wek
538 4896 697 4964 Coa.
740 4897 932 4960 Rozr.
982 4897 1033 4978 ⁵)
1084 4899 1489 4960 Stanszlawek
1537 4894 1687 4960 Cod.
1740 4894 1915 4960 Calv.
1964 4895 2019 4976 ⁶)
2049 4899 2272 4958 auxilia
2307 4894 2456 4959 Cod.
2488 4895 2679 4959 Rozr.
2717 4896 2770 4975 ⁷)
2797 4896 3038 4956 Brzezie
3073 4891 3226 4958 Cod.
3257 4895 3448 4960 Rozr.

374 5653 423 5694 J.
455 5654 677 5701 magos.
704 5648 877 5692 lii-tor.
904 5650 1062 5692 Polou.
1090 5649 1141 5691 Τ.
1171 5649 1251 5690 IV.
3041 5633 3078 5687 2
