4342 6384
388 599 526 705 (Α.
563 603 654 680 D.
697 599 926 703 1413.)
1574 622 1800 680 mana
1851 623 2314 682 monemus.
3336 605 3499 683 159-

398 813 777 902 „Poloniae
849 813 1157 905 supremi
1229 812 1662 903 cancellarii,
1737 814 1938 887 uobis
2011 812 2282 888 sincere
2354 813 2621 888 dilecti.
2710 813 3065 908 Scriptum
3130 839 3293 890 vero
3366 841 3491 913 per

397 956 690 1024 „manus
745 933 1116 1008 Ozolkouis
1155 935 1209 1023 ¹)
1266 934 1595 1007 Canonici
1651 932 2263 1024 SandomiriensiS,
2322 936 2574 1009 secreti
2626 937 2853 1009 nostri
2908 936 3193 1011 notarii.

388 1299 782 1371 vladislaus
824 1299 962 1370 Rex
1003 1299 1220 1389 ignem
1272 1301 1652 1390 perpetuum
1705 1316 1746 1370 a
1799 1299 2182 1390 Samagittis
2235 1317 2350 1390 pro
2402 1301 2532 1372 Deo
2586 1301 2829 1374 cultum
2884 1302 3251 1392 extinguit,
3310 1304 3493 1376 lucos

845 1419 1142 1505 succidit,
1187 1420 1484 1509 ritusque
1530 1419 1850 1509 gentium,
1897 1420 2005 1509 qui
2051 1420 2191 1491 late
2235 1424 2663 1492 recensentur
2676 1477 2693 1508 ,
2740 1422 3032 1512 abrogat.

539 1741 544 1746 ,
593 1657 901 1730 Foedere
952 1661 1289 1748 perpetuo
1345 1661 1558 1749 atque
1610 1657 1915 1752 glutinio
1969 1656 2156 1731 inter
2210 1657 2543 1732 Poloniae
2598 1662 2669 1734 et
2713 1659 3138 1733 Lithuauiae
3193 1661 3489 1735 barones

391 1776 852 1849 saluberrima
907 1776 1345 1851 ordinatione
1398 1779 1743 1867 confecto,
1799 1777 2241 1851 Wladislaus
2297 1776 2630 1851 Poloniae
2666 1779 2823 1851 Rex
2877 1779 2953 1850 in
3009 1779 3486 1870 Lithuaniam,

389 1894 766 1968 comitante
821 1918 978 1969 eum
1034 1897 1439 1970 Alexandro
1503 1898 1756 1991 Magno
1821 1899 2014 1971 Duce
2076 1897 2534 1986 Lithuaniae,
2610 1919 2767 1970 cum
2832 1900 3039 1971 Anna
3091 1899 3363 1992 Regina
3418 1907 3488 1974 et

386 2015 540 2086 filia
592 2015 903 2107 Hedvigi
953 2017 1318 2106 processit.
1376 2017 1661 2110 Ingenti
1715 2021 1948 2090 autem
1985 2017 2365 2106 cruciatus,
2422 2017 2870 2111 afflictusque
2906 2019 3266 2107 molestia,
3306 2022 3491 2112 quod

387 2138 614 2207 terrae
672 2156 840 2206 suae
891 2137 1252 2208 naturales
1309 2137 1798 2229 Samagittiae,
1864 2157 2004 2208 nou
2059 2137 2214 2209 sine
2276 2157 2403 2209 suo
2456 2137 2740 2228 probro,
2808 2159 3008 2212 coeco
3061 2138 3489 2231 gentilitatis

387 2255 465 2324 in
517 2274 670 2326 eam
706 2253 890 2326 diem
941 2254 1424 2328 detinerentur
1460 2277 1716 2329 errore:
1775 2277 2012 2330 omnes
2067 2260 2359 2330 conatus
2398 2277 2563 2328 suos
2614 2277 2741 2348 pro
2798 2257 3224 2332 illustranda
3276 2265 3487 2352 gente

388 2373 776 2463 praedicta,
840 2375 974 2448 fide
1037 2379 1106 2448 et
1166 2375 1507 2468 religione
1577 2375 1996 2465 christiana,
2053 2376 2392 2464 intendit,
2461 2381 2532 2448 et
2594 2374 2666 2448 id
2724 2377 2863 2450 sibi
2924 2377 3225 2470 primum
3281 2399 3488 2471 agen-

386 2493 552 2564 dum
607 2493 1080 2584 existimavit,
1137 2498 1220 2567 ut
1273 2517 1314 2568 a
1350 2495 1632 2588 populis
1689 2495 2148 2589 Samagittiae
2204 2496 2571 2570 idolatriae
2620 2497 2998 2589 spurcitias
3053 2497 3485 2590 dispelleret.

387 2613 800 2704 Assumptis
857 2615 1095 2707 itaque
1150 2616 1324 2688 viris
1379 2616 1686 2689 literatis
1743 2620 1812 2689 et
1865 2615 2252 2708 religiosis,
2320 2618 2549 2689 zelum
2604 2618 2735 2689 Dei
2790 2617 3244 2706 habentibus,
3302 2617 3487 2690 circa

387 2732 646 2804 festum
701 2733 943 2808 Sancti
997 2735 1316 2825 Martini,
1375 2737 1866 2829 Samagittiam
1923 2737 2161 2809 navali
2216 2737 2501 2826 itinere,
2559 2737 2913 2810 destinata
2948 2737 3179 2808 auimo
3234 2757 3485 2810 execu-

387 2857 626 2940 turus,
683 2853 786 2926 ire
837 2855 1091 2948 pergit.
1149 2857 1241 2928 Et
1279 2859 1484 2928 Anna
1537 2857 1810 2950 Regina
1863 2857 2048 2948 apud
2100 2857 2369 2929 Kowno
2425 2877 2583 2929 cum
2640 2856 3159 2948 impedimentis
3213 2856 3484 2945 relicta,

387 2993 512 3063 per
565 2973 828 3047 fiumen
881 2975 1244 3068 Nyemyeu
1280 2976 1787 3066 descendendo,
1843 2997 2068 3069 usque
2121 2976 2212 3049 ad
2246 2977 2505 3049 flumen
2551 2975 2859 3050 Dubissa
2884 2975 2981 3066 ²);
3038 2974 3288 3049 abinde
3323 2998 3487 3050 vero

387 3091 684 3165 fluvium
739 3094 1044 3168 Dubissa
1075 3093 1138 3185 ³)
1211 3098 1675 3185 ascendendo,
1755 3097 1842 3169 ad
1895 3101 2153 3170 terram
2210 3097 2758 3190 Samagittarum
2811 3096 3161 3188 pervenit3
3234 3095 3484 3170 convo-

388 3217 684 3305 catoque
753 3215 1124 3308 utriusque
1195 3237 1408 3290 sexus
1480 3218 1809 3290 universo
1891 3217 2349 3311 Samagittico
2420 3218 2713 3310 populo,
2796 3217 2997 3290 docet
3068 3216 3343 3289 foedum
3418 3221 3489 3290 et

387 3337 598 3424 turpe
653 3336 798 3406 fore
836 3335 899 3424 ⁴)
961 3335 1316 3410 universis
1378 3336 1803 3411 Lithuaniae
1873 3341 2017 3410 tam
2081 3337 2531 3430 Principibus
2606 3342 2677 3410 et
2738 3335 3203 3426 militaribuS,
3278 3358 3485 3429 quam

385 3453 882 3544 popularibus,
939 3456 1087 3529 veri
1143 3462 1212 3529 et
1265 3459 1477 3530 unius
1543 3457 1673 3531 Dei
1737 3457 2006 3530 cultum
2071 3457 2615 3550 agnoscentibus
2671 3461 2742 3528 et
2798 3457 3302 3545 tractantibus,
3361 3457 3485 3528 Sa·

387 3573 722 3664 magittus
778 3575 1136 3648 veteribus
1193 3579 1776 3669 superstitionum
1830 3577 2183 3650 erroribus
2240 3577 2562 3651 detineri.
2621 3577 2801 3649 Aras
2840 3575 3090 3648 deinde
3144 3575 3487 3650 idolorum

388 3691 728 3784 destruit,
804 3697 1001 3768 lucos
1065 3697 1396 3786 succidit,
1471 3701 1541 3770 et
1603 3697 1691 3770 ad
1752 3695 2206 3790 praecipuum
2280 3696 2824 3789 Samagittarum
2892 3717 3181 3784 numen,
3252 3695 3485 3789 iguem

354 3809 750 3904 ,videlicet,
809 3837 1014 3906 quem
1069 3821 1588 3894 sacrosanctum
1644 3821 1714 3890 et
1766 3823 2179 3910 perpetuum
2235 3817 2601 3909 putabant,
2660 3817 2782 3909 qui
2834 3814 2911 3887 iu
2966 3815 3225 3889 montis
3282 3813 3484 3888 altis-

387 3931 550 4005 simi
604 3934 768 4026 iugo
834 3956 1045 4027 super
1104 3935 1396 4009 fluvium
1471 3938 1898 4030 Nyewyasza
1929 3937 1990 4028 ⁵)
2047 3937 2219 4020 sito,
2286 3935 2637 4030 lignorum
2692 3935 2977 4009 assidua
3044 3932 3485 4029 appositione

389 4073 430 4124 a
484 4074 839 4126 sacrorum
895 4056 1374 4129 sacerdotibus
1405 4057 1468 4147 θ)
1523 4058 1867 4146 alebatur,
1934 4058 2301 4147 accedens,
2358 4057 2643 4145 turrim,
2710 4055 2785 4129 in
2841 4075 2978 4148 qua
3032 4055 3481 4144 consistebat,

389 4171 754 4262 incendit,
791 4179 861 4247 et
914 4174 1146 4268 iguem
1200 4176 1481 4250 disiecit
1543 4181 1616 4250 et
1677 4177 2056 4270 extinguit.
2130 4176 2448 4250 Succidit
2500 4176 2747 4250 deinde
2808 4195 2934 4268 per
2986 4175 3251 4248 milites
3316 4195 3482 4247 suos

388 4292 762 4366 Polonicos
818 4293 1074 4384 silvas,
1133 4317 1306 4386 quas
1361 4319 1500 4369 non
1557 4317 1758 4370 secus
1813 4318 2020 4389 quam
2076 4302 2353 4370 sanctas
2410 4300 2478 4370 et
2516 4291 2817 4370 Deorum
2872 4317 3155 4368 suorum
3208 4294 3481 4368 habita-

391 4415 552 4486 cula
589 4413 1053 4507 Samagittae,
1091 4414 1296 4487 iuxta
1333 4416 1513 4488 illud
1549 4415 1931 4508 poeticum:
1983 4413 2457 4506 „Habitarunt
2490 4415 2594 4488 dii
2631 4436 2905 4508 quoque
2943 4415 3205 4488 silvas“
3238 4415 3324 4504 ⁷),
3364 4435 3482 4487 ve-

389 4534 838 4625 nerabantur,
894 4533 970 4607 in
1025 4556 1175 4607 eam
1230 4533 1600 4629 caliginem
1657 4535 1910 4610 mentis
1966 4536 2309 4629 prolapsi,
2367 4537 2550 4628 quod
2606 4540 2675 4610 et
2731 4535 2955 4608 silvae
3008 4535 3361 4627 praefatae
3413 4539 3483 4606 et

389 4675 588 4743 aves,
647 4657 969 4748 feraeque
1031 4656 1106 4727 in
1160 4655 1310 4728 illis
1375 4657 1871 4744 consistentes,
1941 4675 2179 4730 sacrae
2242 4657 2471 4729 forent
2497 4655 2586 4746 8),
2666 4660 2737 4728 et
2790 4653 3125 4749 quicquid
3187 4654 3262 4727 in
3316 4653 3483 4726 illas

389 4778 646 4849 faceret
709 4775 1132 4868 ingressum,
1205 4780 1288 4847 ut
1349 4782 1671 4849 sanctum
1743 4777 2026 4850 deberet
2089 4775 2381 4850 censeri.
2464 4775 2625 4849 Non
2698 4796 2860 4868 ergo
2933 4774 3512 4882 Samagittarum⁸

387 4895 651 4987 aliquis
706 4895 780 4967 in
835 4895 1040 4968 silvis
1095 4897 1428 4987 praefatis
1483 4897 1678 4989 ligna
1729 4897 2028 4970 audebat
2083 4896 2473 4986 concidere,
2532 4901 2655 4968 aut
2708 4895 2915 4968 alites
2971 4896 3089 4969 vel
3140 4895 3323 4966 feras
3358 4915 3477 4967 ve-

388 5016 574 5088 nari:
651 5013 952 5087 violanti
1007 5015 1192 5088 enim
1245 5038 1521 5106 nemuS,
1582 5019 1796 5107 feras,
1854 5019 1970 5090 vel
2025 5017 2266 5107 alites,
2322 5037 2569 5090 manus
2626 5020 2751 5088 aut
2802 5015 3013 5108 pedes
3069 5014 3481 5087 daemonum

605 5291 655 5369 ¹)
702 5292 1040 5354 Cziolkonis
1089 5287 1241 5353 cod.
1287 5288 1466 5353 Kost.
1530 5287 1586 5375 ²)
1633 5291 1711 5351 ad
1753 5290 1995 5350 fluvium
2039 5290 2349 5352 Dubischa
2396 5285 2524 5350 Ed.
2570 5287 2752 5371 Lips.
2815 5284 2874 5370 ³)
2920 5289 3136 5350 flumen
3179 5286 3487 5349 Dubischa

387 5393 510 5457 Ed.
563 5393 748 5477 Lips.
822 5390 879 5479 ⁴)
941 5413 1074 5456 esse
1143 5390 1294 5458 cod.
1353 5391 1547 5455 Rozr.
1619 5389 1674 5477 ⁶)
1734 5393 2073 5470 Nywyesch
2145 5389 2297 5454 0001.
2362 5387 2538 5454 Calv.
2608 5389 2664 5469 ο)
2723 5393 3031 5453 sacerdote
3093 5386 3245 5452 cod.
3290 5387 3505 5469 Rom-.-

391 5496 440 5578 '')
487 5495 565 5560 P.
629 5494 903 5580 Viryilii
945 5495 1247 5560 Maronis
1290 5494 1516 5559 Bucol.
1562 5493 1782 5579 Ecloy.
1827 5493 1920 5558 ΙΙ.
1967 5517 2023 5558 v.
2054 5495 2158 5557 60.
2209 5493 2265 5576 ⁸)
2308 5500 2507 5556 esseut
2554 5489 2707 5557 Cod.
2755 5491 2947 5557 Rozr.
