4342 6384
414 570 547 677 (Α.
587 571 678 650 D.
718 572 947 676 1413.)
1575 597 1802 652 menn
1853 595 2311 653 monemus·
3356 578 3497 654 161

413 783 690 855 carinae
743 781 1089 856 maximae
1145 782 1685 857 similitudinem
1723 785 2107 875 elaborata,
2165 786 2240 857 in
2278 784 2635 858 cacumine
2672 785 2978 857 fenestra
3030 805 3171 856 una
3208 806 3504 875 superne

410 903 646 976 lumen
699 903 1024 976 reddens:
1100 904 1343 976 subter
1405 924 1612 995 quam
1677 905 1871 976 focus
1927 909 1997 978 et
2059 905 2252 977 cibos
2315 904 2663 995 parabiles
2720 923 3057 996 coquens„
3116 908 3185 976 et
3248 904 3495 996 friguS,

411 1043 547 1112 quo
600 1022 792 1114 regio
846 1044 971 1114 pro
1025 1022 1273 1095 maiori
1327 1023 1494 1095 anni
1545 1027 1744 1114 parte
1801 1025 2179 1096 constricta
2233 1029 2371 1114 est,
2428 1024 2799 1120 repellens,
2870 1024 2958 1095 In
3012 1046 3091 1097 ea
3146 1024 3345 1096 domo
3403 1045 3501 1111 se,

406 1163 694 1230 uxoreS,
750 1141 1075 1235 pignora,
1135 1163 1405 1232 servos,
1461 1141 1792 1233 ancillas,
1846 1164 2084 1234 pecua,
2141 1147 2563 1232 armentum,
2623 1145 3047 1216 frumentum
3102 1147 3173 1216 et
3228 1164 3499 1216 omnem

405 1262 922 1352 supellectilem
975 1262 1316 1350 condunt,
1381 1283 1506 1336 nec
1559 1262 1702 1334 alia
1757 1262 2103 1352 aedificia,
2170 1264 2575 1351 coenacula,
2639 1263 2938 1353 palatia,
2995 1261 3497 1354 promptuaria,

406 1385 530 1453 aut
583 1402 890 1454 cameras
946 1383 1062 1454 vel
1097 1381 1380 1455 stabula
1415 1385 1703 1472 norunt,
1745 1381 1866 1454 sed
1903 1381 2153 1455 iisdem
2189 1382 2745 1454 habitationibus
2785 1403 2858 1456 se
2913 1387 2982 1456 et
3017 1403 3231 1475 pecus
3270 1404 3497 1470 suum,

407 1506 751 1590 armenta,
827 1505 1038 1592 atque
1104 1499 1336 1574 omnia
1398 1501 1540 1573 alia
1602 1501 1934 1573 animalia
1995 1501 2378 1574 domestica
2440 1500 2835 1575 includunt.
2920 1502 3107 1575 Gens
3172 1503 3495 1594 agrestiS,

411 1621 558 1692 fera
611 1625 684 1694 et
737 1621 1037 1711 inculta,
1095 1624 1166 1694 et
1203 1619 1292 1692 ad
1323 1621 1508 1695 ritus
1561 1622 1921 1714 profanOS,
1975 1621 2063 1693 ad
2101 1621 2632 1694 divinitationes
2687 1625 2757 1694 et
2793 1621 3085 1715 auguria
3137 1621 3496 1713 proclivis.

399 2101 753 2173 wladislao
795 2101 969 2192 Rege
1015 2101 1464 2188 concionante,
1511 2101 1909 2190 &maginae
1953 2102 2218 2174 verbnm
2248 2101 2360 2173 nei
2406 2103 2793 2192 suscipiunt.
2838 2102 3137 2174 Facetum
3167 2102 3497 2174 cuiusdam

1257 2221 1338 2292 de
1382 2221 1568 2311 plebe
1615 2220 1857 2292 dictum
1903 2221 1982 2292 de
2029 2221 2359 2294 creatione
2403 2221 2643 2292 mundi.

609 2459 702 2531 Et
766 2459 1092 2549 quoniam
1153 2479 1353 2531 nemo
1428 2479 1516 2533 ex
1578 2457 1754 2530 viris
1823 2458 2349 2550 spiritualibuS,
2424 2456 2546 2551 qui
2618 2479 2774 2530 cum
2838 2458 3028 2551 Rege
3098 2457 3493 2530 Wladislao

401 2577 894 2670 Samagittiam
959 2578 1416 2667 advenerant,
1491 2577 1803 2672 linguam
1868 2577 2395 2672 Samagitticam
2459 2581 2750 2650 noverat
2814 2578 3231 2670 exprimere,
3294 2577 3488 2652 Wla-

398 2698 670 2770 dislaus
726 2698 1058 2771 Poloniae
1113 2699 1267 2770 Rex
1325 2699 1413 2770 ad
1467 2699 1807 2789 populum
1864 2697 2322 2790 Samagittiae
2373 2719 2499 2789 pro
2554 2697 2688 2769 fide
2744 2701 2811 2768 et
2864 2697 3201 2790 religione
3257 2698 3489 2769 ortho-

395 2817 582 2889 doxa
637 2816 1082 2908 suscipienda
1136 2816 1522 2890 declamare
1579 2823 1860 2890 coactus
1915 2822 2045 2891 est.
2103 2817 2196 2890 Et
2232 2817 2536 2908 primum
2592 2817 2871 2908 quidem
2920 2837 3037 2888 eos
3091 2815 3491 2888 Orationem

395 2937 870 3026 Dominicam,
925 2940 1088 3028 post
1123 2958 1284 3009 vero
1325 2936 1734 3028 Symbolum
1789 2937 2060 3026 docuit,
2119 2940 2191 3009 et
2228 2957 2463 3009 omnes
2518 2935 2883 3009 duodecim
2940 2934 3101 3008 fidei
3155 2937 3490 3009 articulos

397 3057 472 3128 in
533 3056 864 3148 Symbolo
921 3061 1283 3129 contentos
1338 3056 1523 3130 credi
1576 3055 1809 3147 prius,
1877 3078 2085 3149 quam
2133 3057 2221 3128 ad
2272 3055 2704 3148 baptismum
2759 3056 3229 3147 perveniatur,
3297 3078 3488 3128 mon-

391 3177 672 3248 stravit.
730 3176 1114 3268 Multiplici
1167 3175 1418 3249 deinde
1475 3196 1786 3249 sermone
1841 3175 2182 3249 astruxit:
2256 3198 2474 3248 unum
2530 3176 2667 3249 coli
2735 3181 3049 3267 oportere
3102 3177 3357 3264 Deum,
3414 3175 3488 3247 in

387 3296 702 3368 essentia
757 3296 1038 3387 quidem
1091 3318 1342 3385 unum,
1401 3295 1474 3370 in
1530 3295 1848 3388 personis
1904 3317 2068 3369 vero
2124 3297 2420 3384 trinum,
2488 3295 2733 3368 mundi
2790 3296 3007 3367 totius
3060 3295 3484 3387 benignissi-

387 3437 582 3487 mum
639 3421 711 3488 et
765 3416 1189 3488 conditorem
1256 3419 1325 3487 et
1375 3415 1916 3506 redemptorem3
1992 3415 2418 3507 Samagittas
2484 3414 2830 3488 deducens
2896 3415 3205 3488 evidenti
3260 3436 3487 3488 errore

387 3539 742 3624 coecatos,
810 3536 1028 3607 falsos
1082 3536 1297 3624 Deos,
1374 3533 1705 3608 videlicet
1767 3536 2030 3627 ignem,
2098 3536 2397 3624 fulmen,
2465 3535 2717 3625 silvas,
2792 3535 3104 3626 aspides,
3181 3557 3484 3624 nemora,

385 3677 518 3746 pro
571 3675 736 3727 vero
793 3655 1126 3727 coluisse:
1183 3675 1339 3727 cum
1375 3654 1546 3728 haec
1601 3654 1884 3746 singula
1937 3660 2168 3727 creata
2223 3659 2421 3742 sunt,
2479 3652 2991 3727 irrationabilia
3046 3677 3087 3726 a
3124 3675 3285 3726 vero
3340 3655 3485 3727 Deo

383 3775 760 3866 producta,
835 3793 1062 3865 neque
1136 3774 1436 3846 salutem
1509 3773 1648 3847 sibi
1707 3774 1917 3865 ipsiS,
1993 3773 2491 3878 quantominus
2544 3774 2944 3846 hominibus
3015 3773 3483 3846 rationalibus

383 3898 746 3985 praestare
800 3893 1144 3982 valentia,
1199 3893 1562 3965 hominum
1618 3879 1832 3966 etiam
1884 3895 2221 3985 potestati
2274 3915 2399 3984 pro
2438 3893 2723 3965 illorum
2776 3893 3212 3984 beneplacito
3268 3897 3338 3965 et
3374 3915 3481 3965 ar-

383 4012 602 4086 bitrio
667 4011 1012 4086 subiecta:
1090 4011 1272 4105 quod
1337 4017 1408 4084 et
1471 4011 1609 4104 ipsi
1681 4013 1757 4084 in
1826 4013 2190 4105 praecipui
2261 4012 2374 4086 sui
2445 4011 2787 4102 numiniS,
2863 4013 3051 4104 ignis
3124 4012 3479 4100 videlicet,

386 4153 594 4223 quem
648 4131 981 4204 rebantur
1033 4137 1479 4223 perpetuum,
1537 4132 1998 4222 extinctione,
2057 4133 2132 4204 in
2186 4133 2536 4219 lucorum,
2594 4133 2933 4204 silvarum
2992 4135 3061 4203 et
3116 4153 3476 4204 nemorum

385 4251 810 4338 succisione,
884 4251 959 4322 in
1013 4272 1290 4323 ararum
1354 4255 1422 4324 et
1495 4251 2029 4324 simulacrorum
2103 4273 2388 4323 suorum
2452 4250 2901 4338 contritione,
2972 4251 3195 4324 oculis
3249 4252 3478 4343 pervi-

383 4371 656 4442 derant.
711 4369 905 4442 Haec
958 4375 1028 4442 et
1061 4370 1367 4460 plurima
1420 4371 1592 4460 alia,
1650 4392 1828 4463 quae
1881 4371 2020 4443 viri
2075 4371 2481 4462 spirituales
2519 4371 2697 4462 Regi
2754 4370 3249 4463 suggerebant,
3283 4371 3477 4444 Wla-

381 4489 608 4561 dislao
663 4489 856 4581 Rege
908 4489 1350 4579 praedicante
1417 4493 1486 4562 et
1551 4490 2036 4579 concionante,
2106 4488 2654 4582 Samagittarum
2716 4511 2921 4582 genS,
2989 4494 3059 4562 et
3111 4489 3478 4561 numinum

381 4613 594 4699 atque
649 4628 1000 4680 sacrorum
1054 4629 1338 4681 suorum
1403 4609 1784 4697 deletione,
1855 4614 1926 4683 et
1987 4609 2181 4701 regia
2244 4608 2673 4682 authoritate
2749 4613 2957 4700 atque
3024 4608 3477 4699 persuasione

381 4730 729 4817 permota,
786 4728 991 4800 fidem
1047 4731 1116 4813 et
1169 4726 1579 4820 religionem
1633 4729 2087 4802 christianam
2125 4727 2479 4821 suscipere
2536 4730 2606 4800 et
2658 4727 2847 4800 unda
2898 4726 3345 4818 baptismatis
3402 4747 3475 4798 se

381 4844 610 4934 ablui,
669 4845 990 4918 sordibus
1045 4839 1390 4919 idolorum
1445 4847 1767 4937 abiectiS,
1827 4847 2208 4934 consentit;
2282 4867 2836 4937 consensumque
2888 4846 3133 4938 paucis
3189 4845 3473 4937 quidem

379 4963 650 5052 verbis,
707 4965 828 5038 sed
884 4966 1164 5055 facetis,
1227 4987 1352 5058 per
1403 4988 1622 5039 unum
1684 4973 1856 5040 natu
1912 4967 2241 5040 maiorem
2304 4967 2391 5038 ad
2445 4967 2518 5040 id
2573 4967 2920 5040 delectum
2971 4965 3472 5056 pronuntiatis,

379 5083 551 5156 edit.
609 5085 716 5156 Ex
773 5105 942 5176 quo,
999 5084 1363 5178 inquiunt,
1420 5085 1540 5158 Dii
1592 5086 1850 5176 nostri,
1909 5108 2203 5177 quorum
2258 5087 2607 5160 culturam
2662 5089 2731 5158 et
2768 5107 2965 5158 sacra
3018 5106 3059 5157 a
3097 5085 3475 5157 maioribus

377 5223 896 5294 acceperamus,
955 5225 996 5276 a
1031 5209 1134 5293 te,
1175 5205 1458 5295 tuisque
1493 5205 1875 5294 militibus,
1931 5206 2088 5278 Rex
2129 5205 2605 5294 serenissime,
2663 5205 2878 5278 deleti
2915 5209 3113 5294 sunt,
3170 5209 3241 5277 et
3278 5204 3479 5277 velut

378 5322 640 5395 inertes
695 5325 766 5394 et
821 5323 1139 5416 languidi
1201 5345 1242 5395 a
1296 5325 1718 5397 Polonorum
1773 5325 1916 5396 Deo
1971 5323 2267 5412 devicti,
2324 5325 2509 5396 Deos
2548 5328 2824 5396 nostros
2880 5328 2951 5397 et
3006 5345 3203 5397 sacra
3241 5345 3477 5400 eorum

377 5439 796 5530 deserimu8‚
855 5446 924 5514 et
979 5443 1122 5514 Deo
1161 5444 1582 5516 Polonorum
1640 5451 1849 5534 atque
1889 5448 2042 5534 tu0,
2097 5445 2299 5518 velut
2354 5443 2660 5533 fortiori,
2717 5443 3192 5518 adhaeremus.
3251 5442 3472 5516 Nota-

426 5607 474 5650 δ.
497 5607 691 5656 mugen.
719 5606 891 5650 mctor.
918 5608 1078 5650 Polou.
1103 5607 1158 5648 '1'-
1186 5609 1266 5650 Π.
3126 5594 3191 5648 21
