4342 6384
909 573 1058 648 392
2099 587 2329 641 menn
2378 567 2839 641 uunncnms.
3442 559 3579 662 (Α.
3618 561 3710 638 D.
3750 557 4000 660 143⁰.)

907 781 1230 872 Regnum
1282 777 1598 864 libertat,
1657 779 1726 848 et
1781 773 2104 848 omnibns
2159 772 2477 846 ecclesiis
2532 772 3087 860 cathedralibus,
3158 772 3328 845 item
3386 770 3713 844 omnibus
3766 791 3994 843 mona·

909 898 1178 987 storiis,
1253 895 1581 970 claustris
1649 914 2246 986 quorumcumque
2309 892 2667 982 ordinum,
2724 891 2893 964 item
2958 892 3281 965 omnibus
3336 893 3512 965 locis
3567 893 3995 978 monialium,

907 1019 1076 1091 item
1133 1016 1454 1089 omnibus
1511 1013 2008 1088 ecclesiasticis
2045 1011 2398 1106 personis,
2456 1013 2794 1084 stationes
2835 1033 3271 1105 quocumque
3308 1012 3509 1085 modo
3566 1013 3996 1086 introductas

902 1139 1207 1225 relaxat,
1266 1139 1338 1208 et
1393 1154 1634 1208 omues
1689 1132 2024 1207 ecclesias
2077 1131 2311 1224 Regni
2364 1131 2507 1220 sui,
2565 1153 3039 1224 personasque
3076 1132 3617 1223 ecclesiasticaS‚
3675 1156 3715 1207 a
3758 1133 3994 1206 statio-

903 1256 1112 1330 nibus
1165 1255 1524 1349 regalibns
1587 1254 1662 1326 in
1715 1257 1942 1325 totum
1996 1252 2283 1325 libertat
2344 1255 2417 1324 et
2470 1252 2811 1340 absolvit3
2884 1253 3054 1324 item
3111 1275 3347 1326 omnes
3403 1255 3667 1328 abusus
3720 1257 3795 1326 et
3844 1275 3993 1346 gra-

903 1375 1185 1449 vamina
1246 1375 1570 1466 Regnum
1632 1370 2054 1464 prementia,
2123 1370 2450 1457 sustulit,
2515 1372 2755 1462 plures
2830 1372 3202 1461 articuloS,
3279 1373 3402 1466 qui
3468 1374 3749 1466 saepius
3804 1389 3995 1447 revo-

905 1496 1244 1570 cabantur
1295 1493 1372 1566 in
1425 1492 1749 1580 dubium,
1807 1491 2203 1564 dilucidans
2260 1494 2329 1564 et
2382 1490 2773 1564 declarans:
2844 1493 3423 1583 quemadmodum
3478 1494 3555 1566 in
3608 1494 3785 1586 ipsis
3840 1495 3993 1569 lite-

903 1616 1040 1704 riS,
1099 1635 1392 1706 quarum
1446 1617 1646 1686 tenor
1697 1610 1814 1684 hic
1866 1611 2179 1684 insertus
2234 1614 2377 1699 est,
2432 1610 2650 1682 latius
2704 1611 3121 1685 continetur.

1125 1732 1608 1824 „wladislaus
1670 1731 1803 1804 Dei
1869 1731 2099 1823 gratia
2169 1731 2329 1803 Rex
2388 1730 2756 1820 Poloniae,
2811 1750 2939 1805 nec
3001 1754 3137 1804 non
3192 1737 3535 1806 terrarum
3607 1733 3999 1823 cracoviae,

917 1851 1471 1945 „Sandomiriae,
1527 1850 1932 1938 Lanciciae‚
1973 1849 2353 1942 Cuyaviae‚
2410 1849 2969 1943 Lithuaniaeque
3032 1851 3371 1944 Princeps
3435 1874 3827 1945 supremus,
3867 1855 3998 1926 Po·

916 1974 1338 2064 „meraniae,
1395 1970 1837 2062 Russiaeqne
1890 1971 2231 2043 Dominus
2294 1976 2367 2042 et
2429 1971 2674 2042 haeres
2748 1975 2879 2044 etc.
2956 1971 3448 2064 significamus
3512 1979 3753 2047 tenore
3804 1993 3997 2064 prae-

918 2093 1299 2184 „sentium,
1381 2089 1638 2182 quibus
1711 2088 2026 2181 expedit,
2099 2089 2475 2163 universis
2561 2089 2913 2180 Quomodo
2987 2091 3355 2165 libramine
3430 2113 3632 2165 verae
3702 2093 3998 2166 rationis

919 2216 1336 2304 „pensantes
1391 2209 1846 2284 intemeratae
1897 2209 2060 2282 fidei
2133 2215 2205 2282 et
2257 2209 2760 2299 insuperabilis
2822 2211 3113 2283 virtutis
3168 2211 3667 2300 constantiam,
3746 2215 3999 2304 quibus

919 2332 1230 2423 „incolae
1282 2330 1514 2423 Regni
1567 2329 1791 2403 nostri
1825 2327 2160 2402 Poloniae
2214 2327 2289 2400 in
2324 2327 2536 2401 bellis
2592 2332 2663 2401 et
2718 2329 2791 2400 in
2829 2330 3361 2419 certaminibus,
3418 2352 3595 2422 quae
3648 2353 3807 2406 cnm
3842 2353 3995 2424 pro·

918 2451 1220 2544 „speri8,
1278 2449 1561 2541 auspice
1599 2447 1925 2535 Domino,
1981 2452 2377 2520 nostrornm
2417 2447 2929 2540 triumphorum
2985 2449 3425 2523 suscessibus
3472 2471 3677 2543 saepe
3716 2453 3995 2544 saepius

915 2593 1082 2664 „pro
1137 2569 1536 2644 defensione
1589 2572 1831 2641 nostra
1885 2571 1957 2640 et
1993 2567 2223 2660 Regni
2260 2566 2601 2656 eiusdem,
2660 2568 2969 2640 hostium
3010 2568 3420 2644 sustinendo
3458 2571 3805 2658 insultus,
3846 2593 3995 2644 sus-

915 2690 1299 2783 „cepimus,
1355 2689 1632 2779 placere
1683 2687 1885 2760 nobis
1943 2692 2380 2774 meruerunt,
2440 2693 2511 2758 et
2546 2686 2733 2759 votis
2788 2688 3083 2776 nostris,
3140 2689 3729 2764 obsecundatione
3782 2691 3995 2780 fideli,

915 2832 1097 2900 „non
1149 2810 1412 2900 absque
1466 2808 1684 2881 variis
1738 2807 2074 2898 periculis
2129 2827 2493 2899 corporum
2550 2812 2621 2880 et
2658 2808 3155 2881 extenuatione
3206 2829 3471 2898 rerum,
3528 2810 3783 2882 devota
3838 2811 3995 2883 sub-

915 2929 1256 3020 „iectione
1308 2928 1572 3020 ubique
1625 2931 2006 3019 paruerunt
2071 2931 2141 3000 et
2196 2947 2498 3018 semper:
2573 2928 2819 2999 horum
2885 2927 3153 3000 intuitu
3218 2933 3288 3002 et
3342 2929 3639 3002 aliorum
3692 2935 3995 3003 contem·

915 3048 1270 3142 „platione
1321 3047 1760 3134 meritorum,
1819 3067 1996 3138 quae
2051 3048 2330 3120 excelsa
2384 3047 2561 3118 dona
2616 3051 2894 3119 nostrae
2949 3048 3467 3122 munificentiae
3518 3070 3657 3123 non
3714 3049 3997 3142 indigne

917 3173 1473 3261 „promerentur3
1527 3167 1846 3240 volentes
1885 3167 2130 3255 etiam,
2188 3173 2269 3238 ut
2306 3167 2793 3240 benevolentia
2848 3188 3081 3240 eorum
3139 3173 3211 3240 et
3246 3169 3408 3242 fidei
3460 3170 3785 3258 affectus,
3826 3191 3997 3262 quos

917 3310 1118 3378 „cum
1171 3292 1372 3361 tanta
1425 3286 1828 3360 sinceritate
1882 3286 1956 3358 in
2011 3286 2197 3359 filios
2253 3292 2562 3374 nostroe,
2619 3288 3015 3378 praeclaros
3068 3287 3465 3380 PrincipeS,
3528 3289 3995 3363 Wladislamn

915 3415 1030 3500 „et
1081 3408 1520 3481 Kazimirum
1575 3405 2015 3495 direxerunt,
2075 3427 2369 3496 qnorum
2423 3428 2671 3494 unum,
2730 3427 2935 3498 quem
2982 3407 3322 3500 aptiorem
3374 3409 3464 3481 ad
3498 3411 3806 3502 regimen
3860 3411 3993 3483 Re-

914 3529 1080 3622 „gni
1131 3527 1616 3621 cognoverint,
1675 3547 1880 3618 quem
1914 3526 2181 3599 nostris
2234 3525 2812 3618 requisitionibus
2850 3527 3220 3617 admoniti,
3280 3528 3451 3617 sibi,
3492 3530 3775 3620 expleta
3810 3531 3997 3602 vitae

915 3653 1237 3740 „nostrae
1288 3646 1606 3739 periodo,
1664 3667 1789 3739 pro
1830 3647 2050 3738 Rege,
2107 3645 2470 3737 Principe,
2529 3647 2823 3719 Domino
2880 3653 2949 3720 et
2986 3648 3280 3721 haerede
3332 3648 3561 3740 Regni
3609 3649 3827 3721 liuius
3862 3650 3993 3722 Po·

915 3769 1186 3860 „Ioniae
1241 3774 1312 3842 et
1365 3772 1708 3840 terrarum
1763 3765 2185 3838 Lithuaniae
2241 3771 2311 3838 et
2364 3767 2697 3854 Russiae,
2757 3789 2931 3858 quas
2985 3770 3385 3859 praeclarus
3440 3767 3801 3860 PrincepS,
3859 3770 3995 3841 Do·

913 3889 1189 3979 „minus
1243 3888 1644 3961 Alexander
1697 3885 1874 3958 alias
1914 3885 2355 3957 Withawdus
2418 3886 2715 3978 Magnus
2754 3887 2914 3958 Dux
2970 3887 3423 3975 Lithuaniae,
3481 3889 3697 3961 frater
3760 3895 3999 3962 noster

916 4007 1447 4096 „charissimus,
1512 4009 1722 4097 prout
1785 4004 1860 4077 in
1921 4004 2477 4096 praesentiarum
2540 4005 2975 4097 possidebat,
3032 4007 3233 4080 debet
3286 4007 3371 4079 ad
3436 4012 3751 4098 tempora
3803 4009 3996 4080 vitae

917 4147 1128 4216 „suae
1179 4125 1565 4216 possidere,
1626 4130 1696 4196 et
1747 4127 1907 4215 post
1962 4123 2229 4195 obitum
2284 4123 2436 4196 eius
2492 4125 2577 4195 ad
2631 4146 2758 4196 nos
2824 4131 2893 4197 et
2946 4126 3131 4198 filios
3186 4130 3461 4199 nostros
3526 4148 3607 4198 ac
3660 4128 3997 4200 Coronam

917 4267 1123 4334 „vera
1176 4250 1246 4317 et
1297 4243 1763 4319 haereditaria
1825 4243 2265 4318 successione
2327 4243 2641 4331 devolvi,
2709 4245 2891 4318 sicut
2954 4247 3361 4337 patentibus
3422 4247 3651 4319 literis
3712 4248 3801 4319 ad
3868 4249 3999 4320 hoc

916 4363 1292 4455 „confectis
1348 4368 1455 4436 est
1492 4364 1842 4436 firmatum
1877 4362 1953 4452 ¹),
1993 4363 2242 4436 devote
2296 4368 2367 4437 et
2403 4364 2766 4437 humiliter
2802 4371 3288 4456 susceperunt,
3346 4369 3417 4438 et
3454 4387 3705 4439 corona
3740 4367 3998 4460 Regni,

915 4483 1392 4576 „sceptrisque
1451 4482 1808 4575 regalibus
1874 4501 2032 4555 cum
2089 4483 2511 4556 solennitate
2566 4484 3150 4557 caeremoniarum
3204 4485 3443 4558 debita
3494 4487 3997 4578 promiserunt,

915 4609 1290 4696 „tanquam
1345 4624 1586 4676 verum
1651 4606 1722 4674 et
1786 4601 2181 4693 legitimum
2246 4623 2751 4691 successorem,
2815 4610 3187 4694 postquam
3252 4610 3552 4679 aetatem
3607 4605 4003 4698 legitimam

915 4723 1312 4813 „habuerit,
1369 4721 1742 4814 insignire,
1801 4721 2036 4814 dignis
2089 4743 2214 4814 pro
2268 4729 2469 4813 grata
2520 4722 3013 4796 vicissitudine
3066 4724 3299 4816 regiae
3342 4725 3785 4798 celsitudinis
3843 4748 3999 4798 mn·

913 4843 1242 4933 „neribus
1294 4846 1861 4934 compensentur:
1919 4840 2151 4913 omnia
2187 4841 2341 4913 iura
2379 4847 2449 4914 et
2486 4841 2797 4933 ipsorum
2834 4841 3241 4935 privilegia,
3300 4865 3475 4934 quae
3512 4844 3775 4917 dudum
3810 4844 4007 4918 circa

915 4963 1468 5052 „coronationem
1523 4965 1866 5048 nostram,
1935 4965 2006 5033 et
2059 4961 2221 5033 aliis
2275 4961 2717 5052 postmodum
2774 4963 3144 5034 momentis
3208 4969 3278 5036 et
3332 4963 3764 5054 temporibus
3818 4964 4005 5056 ipsis

915 5083 1458 5171 „concessimus,
1527 5083 1642 5154 vel
1695 5101 1872 5172 quae
1937 5079 2038 5152 eis
2103 5080 2230 5154 alii
2293 5081 2521 5173 Reges
2585 5086 2656 5154 et
2708 5082 3104 5180 Principes,
3171 5081 3319 5156 veri
3372 5082 3703 5155 haeredes
3766 5084 4007 5176 Regni

917 5200 1322 5289 „Poloniae,
1380 5200 1606 5272 nostri
1657 5201 2255 5291 praedecessoreS,
2315 5203 2400 5273 ab
2455 5201 2769 5293 antiquis
2825 5203 3255 5293 temporibus
3292 5207 3819 5291 concesserunt,
3873 5223 4007 5294 pa-

1125 5456 1170 5542 ¹)
1217 5463 1309 5518 est
1349 5461 1638 5517 firmatum
1685 5453 1914 5518 desum
1956 5456 2030 5520 in
2071 5453 2225 5520 0001.
2268 5455 2445 5520 C'alv.
