4342 6384
371 584 506 687 (Α.
547 585 639 662 D.
662 584 912 685 1419.)
1542 609 1770 663 menn
1821 607 2280 664 unnncnms.
3321 590 3471 663 225

383 800 508 884 „ut
560 794 850 888 iniquus
903 795 1212 886 profecto
1269 795 1365 868 sit
1421 795 1668 884 iudex,
1727 795 2148 888 quicumque
2200 817 2329 870 nos
2366 795 2561 888 pacis
2616 795 3063 870 avidissimos
3118 818 3255 870 non
3294 798 3474 872 iudi-

389 915 620 1003 „cabit
675 916 1049 989 zelatorem
1087 917 1166 1005 ¹).
1241 915 1424 988 Nam
1479 915 1692 990 toties
1745 917 1954 1004 laesi,
2032 917 2244 992 toties
2296 919 2690 1009 provocati,
2748 939 2904 991 cum
2961 940 3154 992 arma
3208 925 3475 994 tenere-

383 1057 616 1126 „mus,
691 1039 1073 1128 parataque
1144 1042 1332 1109 esset
1404 1041 1474 1110 et
1537 1036 1882 1110 exercitui
1953 1038 2211 1129 praeda
2282 1041 2353 1110 et
2416 1037 2621 1111 nobis
2693 1037 3021 1128 victoria,
3100 1039 3481 1113 maluimus

384 1161 662 1246 „tamen
715 1155 948 1230 omnia
1011 1155 1364 1245 omittere,
1440 1161 1522 1228 ut
1583 1156 1970 1230 christiano
2039 1157 2368 1250 sanguini
2430 1162 2863 1250 parceretur,
2937 1179 3203 1252 nosque
3266 1158 3478 1233 scire-

383 1299 586 1368 „mur
612 1275 701 1368 ²),
758 1277 1040 1350 nonnisi
1093 1276 1392 1364 invitoS,
1449 1283 1692 1350 contra
1744 1277 2168 1352 domesticos
2223 1277 2386 1352 fidei
2442 1280 2531 1351 ad
2566 1300 2757 1352 arma
2810 1279 3158 1353 devenire.
3234 1281 3320 1352 In
3372 1301 3479 1352 re-

385 1399 768 1488 „ducendis
842 1417 1006 1471 vero
1081 1397 1486 1472 infidelibus
1557 1400 1646 1472 ad
1717 1399 1924 1472 fidem
1997 1399 2489 1487 orthodoxam,
2566 1403 2906 1491 quantum
2979 1400 3479 1490 laboravimuS,

387 1524 772 1612 „quantum
825 1517 1279 1612 prefecimuS,
1337 1519 1498 1592 nolo
1553 1519 1628 1592 in
1681 1519 1814 1592 hoc
1865 1519 2190 1612 gloriari:
2246 1519 2312 1593 ei
2368 1518 2463 1592 sit
2517 1519 2775 1612 gloria,
2832 1541 2873 1592 a
2910 1542 3046 1613 quo
3099 1521 3483 1594 mercedem

387 1659 540 1728 „me
595 1659 796 1731 spero
849 1643 1318 1730 recepturum.
1391 1639 1484 1711 Et
1549 1643 1736 1714 certe
1799 1640 2021 1710 multo
2078 1639 2418 1731 amplius,
2486 1641 2851 1733 multoque
2906 1641 3194 1715 uberius
3248 1643 3475 1733 profe-

390 1759 719 1848 „cissem,
777 1757 1300 1850 maioribusque
1353 1759 1526 1832 fides
1581 1758 1928 1832 catholica
1981 1758 2282 1833 adaucta
2318 1759 2573 1834 fuisset
2626 1761 3108 1851 incrementiS,
3166 1761 3307 1835 nisi
3361 1783 3486 1853 per

391 1901 551 1968 „ees
607 1878 826 1953 variis
881 1878 1022 1952 viis
1093 1885 1164 1954 et
1227 1879 1450 1952 modis
1523 1878 1902 1972 impeditus
1969 1879 2285 1953 fuissem.
2361 1880 2627 1971 Quodsi
2681 1902 2722 1952 a
2776 1887 3116 1974 tempore,
3175 1902 3311 1973 quo
3366 1902 3489 1973 per

391 1999 770 2092 „baptismi
821 2000 1120 2092 gratiam
1174 2003 1626 2094 regeneratus
1665 2021 1820 2074 sum
1877 2005 1948 2073 et
1986 2000 2445 2073 orthodoxam
2482 2000 2689 2074 fidem
2728 2000 3111 2094 assumpsi,
3170 2001 3483 2076 conside-

393 2125 682 2210 „rentur
735 2121 1040 2210 tructus,
1098 2141 1274 2212 quos
1329 2120 1404 2194 in
1457 2123 1590 2194 hoc
1642 2121 1775 2194 feci
1830 2142 1956 2214 ego
2013 2120 2395 2194 saecularis
2450 2122 2687 2211 homo,
2756 2121 2897 2195 imo
2951 2145 3091 2194 non
3146 2143 3271 2216 ego
3291 2179 3307 2211 ,
3368 2121 3488 2194 sed

395 2241 628 2328 „Deus
683 2261 808 2333 per
859 2261 1000 2328 me,
1058 2243 1130 2314 et
1183 2246 1672 2333 comparentur
1725 2263 1883 2314 cum
1919 2241 2064 2330 his,
2121 2263 2299 2334 quos
2336 2240 2722 2315 adversarii
2778 2242 2918 2315 mei
2970 2243 3184 2316 etiam
3239 2264 3281 2314 a
3314 2247 3488 2316 tem-

395 2382 602 2453 „pore
656 2359 1132 2434 institutionis
1189 2359 1472 2435 Ordinis
1535 2361 1649 2435 sui
1716 2364 2062 2451 feceruut,
2139 2362 2263 2455 qui
2328 2383 2403 2435 se
2466 2362 2713 2435 dicunt
2772 2363 3144 2456 religiosos
3201 2385 3353 2436 esse
3422 2367 3493 2434 et

393 2503 562 2574 „pro
619 2481 756 2554 fide
793 2481 1056 2555 Christi
1093 2502 1437 2574 pugnare,
1495 2483 1722 2555 multo
1758 2484 2066 2575 profecto
2105 2483 2469 2557 inferiores
2508 2505 2617 2556 me
2654 2481 3172 2556 invenirentur:
3232 2483 3491 2577 quippe

393 2602 624 2694 „quod
688 2601 972 2676 doleant
1034 2602 1516 2690 vehementer,
1591 2624 1729 2675 non
1793 2625 1945 2676 esse
2012 2625 2249 2676 omnes
2316 2601 2850 2677 circumvicinos
2915 2625 3080 2676 suos
3151 2624 3487 2696 paganos,

397 2726 562 2810 „aut
616 2721 796 2796 alias
851 2721 1204 2810 infideles,
1261 2727 1342 2794 ut
1395 2722 1561 2795 illos
1593 2721 1656 2812 ³)
1711 2723 2121 2816 impugnare
2178 2745 2257 2797 eo
2298 2723 2511 2796 titulo
2566 2727 2858 2816 possent
2911 2730 2981 2795 et
3018 2723 3201 2796 bona
3254 2744 3491 2795 eorum

396 2841 806 2932 „honestius
863 2863 1130 2934 rapere.
1203 2843 1352 2935 Ego
1417 2865 1582 2916 vero
1647 2844 1904 2917 vellem
1971 2867 2209 2916 omnes
2277 2843 2547 2918 vicinos
2614 2865 2837 2930 meos,
2911 2843 3051 2916 imo
3117 2863 3356 2916 omnes
3424 2849 3494 2914 et

397 2964 658 3050 „bonos
689 2962 752 3052 ⁴)
807 2961 1244 3036 Christianos
1275 2962 1361 3052 5),
1417 2968 1500 3035 ut
1535 2985 1692 3036 cum
1749 2964 1852 3037 eis
1887 2965 2140 3037 bonam
2194 2985 2437 3057 pacem
2492 2966 2749 3037 habere
2796 2985 3111 3056 possem:-
3166 2968 3236 3035 et
3274 2961 3337 3036 si
3375 2963 3496 3055 qui

399 3082 656 3172 „etiam
711 3081 786 3154 in
840 3082 1224 3176 longinquo
1279 3082 1547 3157 inimici
1603 3082 1764 3156 fidei
1819 3083 2280 3172 christianae,
2340 3105 2457 3157 eos
2512 3105 2637 3176 pro
2676 3083 2949 3157 viribus
3002 3083 3364 3176 persequi,
3424 3088 3495 3156 et

401 3204 557 3292 „vel
612 3203 942 3278 reducere
1008 3203 1121 3276 vel
1176 3203 1408 3278 delere
1439 3206 1529 3294 6).
1605 3205 1812 3277 Nunc
1875 3209 2110 3280 autem
2174 3227 2300 3296 per
2353 3205 2529 3278 istos
2586 3203 2948 3297 impedior,
3017 3225 3191 3296 quos
3248 3204 3497 3278 timere

399 3345 549 3412 „me
605 3322 830 3414 magis
895 3328 1200 3416 oportet,
1275 3346 1484 3418 quam
1547 3345 1770 3418 genus
1834 3326 2060 3398 ullum
2127 3326 2603 3399 barbarorum.
2688 3324 2874 3396 Nam
2939 3324 3054 3397 illi
3116 3324 3302 3398 nihil
3364 3325 3494 3396 irn-

403 3443 640 3536 „pium
673 3445 736 3532 ⁷)
791 3465 1003 3536 super
1055 3465 1164 3518 me
1201 3448 1578 3537 quaeruut:
1635 3444 1760 3518 isti
1813 3450 2046 3518 autem
2087 3445 2533 3539 sanguinem,
2592 3444 2947 3537 totaleque
3000 3443 3499 3518 exterminium

404 3585 678 3653 „meum
741 3563 1163 3638 desiderant.
1249 3566 1446 3656 Quod
1511 3565 1572 3638 si
1647 3565 2311 3641 animadvertissent
2381 3563 2637 3638 Nuntii
2709 3569 2985 3638 vestrae
3058 3563 3499 3652 sanctitatis,

403 3706 584 3774 „non
639 3689 785 3756 tam
839 3683 1046 3758 facile
1101 3685 1521 3760 seutentiam
1577 3691 1818 3759 contra
1871 3707 2123 3760 nomeu
2180 3707 2409 3760 meum
2466 3690 2536 3758 et
2575 3687 2828 3758 famam
2882 3683 3500 3777 praecipitassent:

405 3825 692 3894 „verum
745 3803 944 3878 decet
999 3804 1232 3878 omnia
1285 3805 1360 3878 in
1397 3805 1652 3879 melius
1707 3805 2180 3899 interpretari.
2239 3808 2646 3898 Amplector
2684 3805 2926 3898 igitur,
2986 3803 3260 3879 scilicet
3316 3804 3502 3897 quod

405 3915 648 4014 „dicit
684 3924 1038 3998 Sanctitas
1104 3930 1372 4016 vestra,
1446 3930 1528 3999 ut
1589 3928 1821 4000 solent
1893 3926 2315 4001 mediatores
2388 3925 2617 4020 pacis,
2694 3925 2817 4018 qui
2878 3946 3066 3998 nunc
3130 3924 3257 3997 uni
3319 3923 3506 4016 parti

406 4045 720 4139 „aliquid
775 4045 1124 4134 tribuant,
1198 4067 1384 4120 nunc
1445 4047 1687 4136 alteri,
1765 4050 1846 4120 ut
1910 4069 2027 4120 eos
2092 4046 2523 4120 commodius
2590 4067 2671 4120 ac
2734 4045 3015 4119 facilius
3080 4046 3365 4117 trahant
3418 4045 3505 4116 ad

407 4187 721 4258 „pacem
778 4165 1028 4257 quodsi
1083 4171 1359 4238 tantum
1416 4166 1815 4241 tribuerunt
1870 4167 2053 4257 illie,
2112 4167 2235 4261 qui
2270 4187 2511 4260 pacem
2566 4165 2961 4259 fugiebant,
3019 4169 3102 4238 ut
3156 4165 3229 4237 in
3268 4185 3505 4239 eorum

409 4285 958 4377 „complacentia
1021 4291 1166 4358 tam
1189 4352 1194 4358 .
1219 4287 1536 4379 graviter
1599 4289 1851 4360 famam
1908 4310 2162 4377 meam,
2231 4307 2620 4378 nomenque
2675 4287 3032 4360 laederent
3098 4291 3167 4359 et
3221 4285 3504 4358 ‹lamna-

410 4411 636 4495 „rentz
715 4404 886 4498 quid
949 4405 1126 4479 mihi
1189 4409 1479 4499 aequale
1552 4409 1666 4481 vel
1731 4407 2020 4502 dignum
2084 4407 2429 4496 tribuent,
2507 4407 2629 4499 qui
2692 4412 2890 4480 tanto
2957 4406 3191 4480 studio
3266 4426 3506 4497 pacem

411 4547 737 4620 „sequor,
810 4531 894 4598 ut
945 4525 1296 4600 interdum
1353 4528 1566 4602 etiam
1620 4527 1832 4602 nimis
1887 4528 2181 4602 timidus
2236 4549 2317 4602 ac
2370 4526 2848 4619 pusillanimis
2903 4525 3171 4600 iudicer
3226 4532 3296 4599 et
3350 4545 3505 4597 cen-

412 4667 628 4734 „sear.
705 4647 1020 4738 Expecto
1084 4646 1308 4740 igitur
1359 4653 1442 4720 ut
1495 4670 1906 4741 responsum
1961 4653 2353 4740 praestent,
2422 4647 2485 4721 si
2542 4627 2712 4740 quid
2763 4647 3026 4720 habent
3079 4647 3255 4736 tale,
3323 4644 3508 4736 quod

414 4765 682 4858 „possit
736 4765 901 4839 huic
954 4765 1254 4840 iniuriae
1319 4768 1495 4842 mihi
1552 4769 1796 4843 illatae
1843 4769 2270 4862 comparari.
2344 4769 2530 4841 Nam
2585 4767 2720 4841 etsi
2786 4764 3379 4858 compromiserim
3435 4763 3507 4836 in

417 4885 982 4976 „serenissimum
1036 4887 1320 4973 fratrem
1375 4910 1604 4962 meum
1669 4889 2139 4963 Romanorum
2194 4890 2457 4983 Regem
2523 4888 2991 4980 praedictum,
3048 4891 3280 4960 tamen
3318 4883 3508 4958 viam

617 5195 664 5278 ¹)
710 5217 830 5258 nen
891 5198 1180 5259 iudicaret
1239 5197 1545 5258 zelatores·
1611 5192 1763 5259 Cod.
1824 5194 2015 5259 Rozr.
2087 5195 2142 5276 ²)
2188 5203 2248 5258 et
2306 5197 2533 5258 cunctis
2592 5200 2855 5274 pateret,
2916 5213 3025 5256 nos
3105 5190 3257 5257 cod.
3322 5189 3513 5271 Rozr,

412 5298 463 5378 3)
508 5320 610 5362 eos
661 5296 816 5363 God.
866 5297 1059 5364 Romu
1129 5297 1180 5381 ⁴)
1235 5301 1352 5361 imo
1410 5306 1472 5361 et
1529 5319 1732 5361 omnes
1793 5301 2022 5360 viciuos
2088 5293 2241 5361 cod.
2285 5296 2463 5361 Kost.
2532 5298 2648 5358 imo
2708 5301 2769 5358 et
2811 5315 3015 5358 omnes
3075 5296 3342 5357 homines
3386 5293 3513 5358 Ed.

413 5387 592 5486 Lips.
643 5401 696 5482 ⁶)
737 5404 1113 5466 Christianos
1159 5423 1294 5466 esse
1341 5397 1494 5466 cod.
1537 5399 1731 5465 Rozr.
1780 5400 1838 5483 ⁸)
1883 5408 1950 5464 ut
1993 5421 2096 5463 eos
2126 5402 2225 5464 vel
2269 5402 2611 5464 reducerem
2654 5401 2751 5462 vel
2794 5401 3071 5462 delerem.
3124 5395 3274 5462 cod.
3321 5396 3515 5460 Rozr.

412 5503 467 5584 ⁷)
508 5507 594 5566 nil
641 5506 802 5582 quod
846 5507 1090 5583 impium
1139 5501 1292 5570 cod.
1337 5502 1530 5568 Rozr.

470 5657 518 5698 s.
541 5655 732 5707 magos.
761 5657 934 5698 mutor.
961 5657 1121 5700 Polou.
1148 5656 1202 5696 'r-
1229 5656 1310 5700 iv„
3172 5635 3242 5692 29
