4342 6384
849 592 942 661 76
2024 611 2249 664 mssa
2301 611 2758 664 unnncnms
3409 587 3543 686 (Α.
3584 589 3674 663 D.
3715 587 3944 688 1410.)

843 795 1003 888 gnei
1060 796 1143 868 de
1181 797 1477 868 Brzcsze
1517 797 1568 885 ¹)
1627 798 1951 870 marsalci
1991 798 2282 884 tradito,
2343 797 2740 885 discedens,
2801 797 3062 869 stativa
3113 819 3240 869 sua
3275 796 3465 868 inter
3499 795 3947 889 Marienburg
4046 809 4054 818 '

846 921 915 988 et
970 918 1291 1008 Dzyrgon
1329 916 1401 988 in
1440 916 1689 990 itinere
1746 919 2006 1005 medie,
2068 941 2279 1009 supra
2335 919 2578 990 villam
2618 923 2687 990 et
2725 919 2951 990 lacum
3009 916 3700 1008 Starytarglocavit.
3759 919 3944 988 Duo-

843 1037 977 1109 bus
1031 1041 1261 1107 autem
1327 1036 1680 1108 militibus
1738 1058 1824 1109 ex
1882 1042 2109 1110 castro
2177 1037 2622 1130 Marienburg
2687 1038 2860 1109 illuc
2915 1036 3488 1124 advenientibus,
3547 1039 3617 1109 et
3671 1037 3943 1109 nuntiis

848 1155 1137 1228 Henrici
1192 1156 1274 1228 de
1328 1156 1611 1229 Plawen
1664 1157 1739 1228 iu
1793 1178 2078 1230 numero
2136 1157 2594 1248 frequentiori
2657 1158 2745 1228 ad
2806 1157 3069 1249 Regem
3117 1156 3435 1228 venturis
3501 1157 3949 1229 securitatem

846 1276 1189 1367 praestari
1244 1278 1677 1369 petentibuS‚
1735 1277 2097 1368 respondit
2149 1278 2340 1350 Rex:
2409 1277 2716 1369 propitia
2769 1275 3162 1349 Divinitate
3220 1295 3294 1348 se
3345 1275 3420 1348 in
3469 1275 3856 1349 crastinum
3885 1276 3948 1366 2)

846 1396 923 1468 in
978 1396 1424 1488 Marienburg
1478 1397 1941 1470 adventurum
1981 1402 2049 1470 et
2086 1396 2508 1489 largiturum
2546 1397 2818 1469 nuntiis
2857 1397 3320 1488 quantislibet
3351 1395 3412 1486 ³)
3471 1396 3946 1469 securitatem.

854 1513 1199 1606 Oppidum
1263 1515 1711 1609 Marienburg
1778 1516 1889 1590 die
1954 1517 2114 1606 illa,
2191 1539 2276 1590 ne
2341 1517 2812 1608 conquisitum
2884 1515 3064 1610 Regi
3137 1517 3470 1590 Poloniae
3537 1521 3607 1588 et
3671 1517 3822 1590 suis
3877 1517 3950 1590 in

853 1635 1281 1727 praesidium
1339 1641 1409 1709 et
1464 1658 1689 1710 arcem
1746 1640 1975 1726 fieret,
2034 1643 2103 1710 et
2158 1642 2466 1710 castrum
2521 1636 3134 1730 Marienburgense
3189 1637 3626 1730 contingeret
3680 1658 3768 1710 ex
3824 1637 3950 1710 illo

850 1755 1169 1827 strictius
1225 1756 1597 1845 coarctari,
1654 1756 1939 1830 iubente
1988 1757 2293 1830 Henrico
2333 1757 2418 1829 de
2455 1758 2738 1829 Plawen
2776 1757 3373 1846 Commendatore‚
3431 1756 3752 1830 incendio
3791 1778 3949 1830 con·

852 1875 1222 1968 flagratum
1280 1880 1411 1948 est.

1148 2229 1325 2301 Giton
1369 2229 1669 2319 oppidum
1714 2230 2115 2319 fledanburg
2158 2231 2532 2301 Polonorum
2579 2232 2650 2302 et
2693 2230 2978 2301 hostium
3023 2229 3192 2302 levis
3235 2230 3659 2302 concertatio.

1080 2475 1288 2548 Feria
1327 2479 1561 2564 sexta,
1602 2475 1675 2547 in
1714 2475 1825 2549 die
1864 2475 2108 2548 Sancti
2144 2475 2385 2548 Iacobi
2429 2475 2788 2567 Apostoli,
2847 2474 3182 2548 vicesima
3219 2475 3466 2568 quinta
3501 2477 3706 2566 Iulii,
3763 2477 3958 2550 Wla-

858 2597 1133 2668 dislaus
1188 2596 1521 2669 Poloniae
1586 2597 1739 2669 Rex
1796 2596 1881 2668 ad
1938 2601 2243 2669 castrum
2311 2595 2794 2688 Marienburg,
2861 2594 3267 2686 praemissis
3323 2595 3596 2687 aliquot
3649 2597 3955 2670 militum

857 2717 1182 2805 vexilliS,
1252 2716 1376 2809 qui
1439 2718 1593 2789 loca
1658 2720 2076 2807 occuparent
2142 2721 2566 2808 opportuna,
2635 2719 2706 2787 et
2760 2714 3114 2807 quaslibet
3169 2715 3468 2788 insidias
3525 2721 3594 2789 et
3645 2717 3957 2809 pericula

858 2838 1365 2930 propellerent,
1423 2837 1646 2929 primo
1702 2858 1915 2928 supra
1971 2837 2201 2908 lacum
2242 2835 2558 2909 Grinhau
2588 2836 2651 2926 4)
2706 2836 2894 2908 locat
2932 2839 3196 2923 castra,
3256 2835 3511 2909 exinde
3549 2836 3621 2908 in
3659 2837 3955 2910 Matien-

858 2960 1039 3051 burg
1094 2957 1394 3030 feliciter
1446 2956 1799 3049 pervenit,
1867 2961 1936 3029 et
1991 2956 2322 3028 continuo
2378 2977 2465 3029 ex
2523 2955 2712 3028 omni
2766 2959 2964 3048 parte
3021 2954 3378 3028 obsidione
3444 2962 3752 3030 castrum
3808 2960 3952 3031 val-

860 3078 1065 3151 lavit.
1123 3077 1461 3150 Exercitu
1517 3081 1749 3149 autem
1804 3076 2135 3149 Polonico
2191 3076 2265 3148 in
2323 3076 2664 3167 superiori
2721 3075 2934 3148 castri
2988 3079 3188 3166 parte
3235 3097 3481 3149 versus
3519 3077 3854 3152 orientem
3893 3083 3960 3152 et

862 3198 1222 3271 meridiem
1276 3198 1533 3284 locato,
1591 3196 2087 3268 Lithuanicum
2144 3194 2530 3269 exercitum
2587 3195 2658 3268 in
2713 3194 3027 3268 inferiori
3081 3199 3279 3287 parte
3333 3197 3736 3287 constituit,
3793 3219 3953 3290 gen-

866 3324 972 3391 tes
1029 3318 1317 3408 insuper
1374 3322 1711 3388 terrarum
1767 3316 1994 3408 Regni
2050 3317 2162 3389 sui
2218 3317 2552 3389 Podoliae
2607 3321 2676 3389 et
2732 3315 3031 3389 Russiae
3083 3315 3322 3407 posuit
3368 3315 3443 3388 in
3482 3317 3773 3408 speciali
3809 3319 3958 3390 loco

866 3442 1109 3511 contra
1164 3436 1549 3510 meridiem.
1606 3436 1871 3509 Habita
1927 3442 2035 3509 est
2089 3441 2322 3510 autem
2379 3443 2530 3509 tota
2583 3437 2697 3509 die
2753 3438 2882 3510 illa
2937 3437 3123 3508 inter
3176 3434 3442 3508 milites
3480 3437 3696 3530 Regis
3733 3443 3804 3511 et
3839 3440 3957 3510 ho-

764 3635 777 3647 ,
866 3564 1010 3630 stes
1072 3558 1255 3631 levis
1320 3557 1741 3629 concertatio
1816 3579 1939 3648 pro
2006 3557 2606 3650 Matienburgensi
2691 3555 2943 3648 oppido
3017 3555 3156 3628 iam
3232 3561 3517 3646 exuste,
3595 3579 3956 3650 aegreque,

872 3701 961 3751 ne
1014 3677 1333 3751 Polonici
1390 3677 1653 3750 milites
1708 3676 1890 3749 illud
1946 3677 2348 3766 introirent,
2407 3679 2492 3751 ab
2529 3677 2854 3750 hostibus
2891 3677 3286 3767 defensum3
3343 3699 3570 3770 neque
3608 3679 3792 3752 enim
3831 3677 3959 3750 dif-

872 3799 1057 3871 ficile
1123 3799 1291 3887 fuit,
1357 3799 1599 3871 urbem
1662 3802 2031 3889 properato
2096 3797 2283 3890 capi,
2352 3819 2528 3889 quae
2591 3819 2716 3870 nec
2778 3799 3088 3872 naturali
3153 3801 3335 3872 fulta
3399 3803 3586 3872 esset
3617 3799 3678 3890 5)
3735 3799 3958 3871 muni·

874 3917 1094 4006 mine,
1153 3924 1222 3990 et
1277 3940 1317 3990 a
1374 3917 1521 3990 suis
1579 3922 1765 3990 esset
1819 3916 2295 3990 dilabentibus
2351 3918 2625 3991 deserta
2679 3924 2888 4008 atque
2942 3919 3310 3992 destituta.

874 4272 1167 4344 oestrum
1210 4271 1611 4361 larienburg
1654 4272 1810 4362 quin
1856 4275 2198 4362 caperetur
2244 4274 2516 4345 audacia
2561 4273 2956 4362 quorundam
2992 4275 3270 4346 militum
3301 4273 3705 4361 Polouorum,
3752 4250 3968 4364 paru-i

876 4392 1104 4463 abfuit.
1148 4391 1425 4462 Tandem
1467 4392 1850 4464 bernhardus
1894 4392 2287 4465 wladislaus
2332 4394 2473 4466 Rex
2516 4394 2584 4465 in
2635 4394 2976 4465 ecclesiam
3021 4395 3236 4484 oppidi
3277 4398 3474 4466 nocte
3503 4394 3743 4467 inferre
3772 4394 3969 4478 iubet,

1713 4516 1784 4584 et
1828 4516 2113 4584 castrum
2158 4514 2266 4585 diu
2311 4515 2736 4603 nequicquam
2781 4517 3136 4602 oppugnat.

1085 4759 1423 4846 Sabbat0‚
1481 4757 1553 4830 in
1608 4758 1911 4830 crastino
1942 4759 2005 4848 6)
2064 4761 2303 4832 Sancti
2343 4759 2578 4832 Iacobi
2619 4760 2977 4851 Apostoli,
3037 4759 3368 4832 vicesima
3423 4765 3626 4833 sexta
3657 4761 3718 4850 ⁷)
3775 4759 3967 4848 Iulii,

876 4879 1092 4972 regiis
1145 4878 1475 4971 gentibus
1530 4878 1614 4950 de
1670 4878 1940 4951 duobus
1997 4880 2319 4967 vexilliS,
2378 4881 2708 4953 videlicet
2755 4881 2840 4952 de
2889 4879 3154 4952 vexillo
3194 4880 3439 4953 maiori
3479 4880 3670 4954 etde
3707 4880 3967 4953 vexillo

879 4999 963 5072 de
1018 4998 1502 5086 Oleschnicza,
1561 4997 1951 5070 custodiam
2004 5021 2129 5090 pro
2187 5006 2372 5072 sorte
2411 5004 2480 5072 et
2519 5001 2669 5073 vice
2717 5022 2846 5072 sua
2883 5000 3453 5090 observantibus,
3512 5005 3799 5074 ventum
3839 4999 3970 5071 fuit

1613 5186 1702 5194 —-

1098 5287 1142 5367 ¹)
1204 5290 1445 5350 Brzezie
1514 5287 1667 5353 God.
1732 5289 1928 5352 Rozr.
1994 5287 2047 5368 ²)
2110 5290 2366 5350 crastino
2427 5291 2523 5350 die
2586 5285 2736 5351 Cod.
2800 5287 2992 5351 Rozr.
3059 5287 3114 5368 ³)
3159 5290 3523 5365 quibuslibet
3585 5283 3737 5350 Cod.
3783 5285 3970 5350 Roz-r.

884 5388 937 5469 4)
985 5391 1221 5452 Gnihan
1272 5388 1421 5454 Cod.
1473 5388 1648 5455 Calv.
1697 5394 1947 5453 Grintan
2005 5389 2155 5454 0οᾶ.
2205 5389 2396 5453 Rozr.
2455 5392 2868 5472 (Grtlnhagen)
2942 5390 2992 5471 ⁵)
3039 5379 3188 5452 fulta
3231 5397 3324 5453 est
3371 5387 3522 5455 Cod.
3565 5389 3756 5455 Rozr.
3813 5389 3869 5477 ⁸)
3915 5393 3972 5452 in

890 5495 1148 5555 crastino
1192 5495 1329 5556 festi
1372 5493 1497 5558 Ed.
1545 5494 1726 5580 Lips.
1778 5493 1829 5574 ⁷)
1875 5491 2165 5574 vigesima
2211 5501 2422 5556 octava
2469 5491 2619 5557 Cod.
2667 5491 2859 5559 Rozr.
