4342 6384
898 530 1044 607 706
2028 554 2254 609 mann
2305 555 2815 610 nuonnonms.
3417 533 3549 633 (Α.
3589 534 3683 607 D.
3727 530 3990 630 1444)

905 742 1017 827 „et
1069 741 1323 810 famam
1375 738 1720 827 fidelium,
1778 744 1849 813 et
1886 740 2248 813 delendam
2303 740 2858 814 Christianitatis
2897 740 3353 812 inveteratam
3399 739 3778 827 maculam,
3820 760 3987 811 0011-
4043 725 4050 727 ’

906 863 1057 946 „tra
1110 858 1409 949 perfidos
1464 858 2071 951 nequissimosque
2126 861 2460 949 Teucros,
2519 860 2642 952 qui
2695 860 3103 949 crudeliter,
3167 860 3592 950 nequissime
3645 864 3724 931 et
3779 859 3990 930 fide-m

904 983 1255 1065 „nostram
1292 982 1364 1050 et
1399 977 1859 1051 christianum
1916 999 2164 1050 nomen
2202 979 2648 1070 impiissime,
2708 980 3251 1071 turpissimeque
3286 978 3634 1070 persecuti
3671 980 3732 1067 ¹)
3791 983 3987 1049 sunt.

906 1096 1085 1186 „Sed
1139 1102 1219 1169 ut
1272 1092 1471 1169 nulla
1524 1097 1609 1171 110
1663 1098 1991 1171 laudibus
2047 1099 2303 1172 vestris
2359 1104 2553 1171 aetas
2609 1104 2836 1171 taceat
2891 1103 2960 1171 et
3005 1096 3466 1172 Serenitatem
3511 1102 3826 1170 vestram
3865 1117 3990 1167 vo-

906 1216 1042 1305 „tis
1094 1217 1471 1307 posteritas
1535 1216 1758 1289 omnis
1822 1222 2185 1309 exposcat,
2252 1217 2514 1290 vincite
2562 1218 2799 1290 Titum
2828 1216 2918 1306 2),
2977 1216 3100 1308 qui
3153 1215 3447 1289 Iudaeos
3497 1215 3802 1307 triginta
3845 1235 3992 1286 11110

904 1334 1225 1423 „denario
1290 1334 1605 1408 vendidit
1675 1341 1957 1426 propter
2028 1335 2384 1408 Christum
2459 1336 2756 1428 triginta
2826 1335 3130 1407 nummis
3195 1335 3728 1421 venumdatum,
3798 1338 3872 1406 et
3929 1333 3992 1404 si

906 1454 1115 1544 „quid
1170 1454 1245 1525 in
1300 1454 1534 1527 verbis
1589 1455 1755 1541 fuit,
1824 1459 2224 1542 evanescat,
2291 1455 2665 1546 redeatque
2727 1455 3058 1527 Maiestas
3124 1458 3356 1526 vestra
3419 1455 3506 1525 ad
3557 1452 3824 1526 mentis
3877 1452 3988 1523 in-

907 1573 1377 1664 „tegritatem‚
1436 1594 1576 1665 qua
1628 1575 1829 1645 nulla
1880 1574 2302 1664 praeclarior
2357 1579 2480 1647 aut
2541 1573 2846 1647 divinior
2908 1573 3291 1666 excogitari
3341 1577 3596 1664 potest.
3661 1572 3852 1660 Nec,
3909 1576 3992 1642 ut

906 1691 1274 1781 „arbitror‚
1313 1713 1617 1785 unquam
1656 1693 2027 1765 adhaereat
2056 1692 2117 1783 ³)
2175 1694 2725 1785 expositoribuS,
2786 1715 2958 1785 quos
2993 1715 3120 1765 nos
3160 1693 3308 1765 ullo
3345 1698 3544 1784 pacto
3581 1692 3694 1765 die
3731 1696 3985 1763 noctu·

909 1832 1083 1903 „que
1141 1810 1527 1903 cogitantes
1581 1811 1978 1903 intelligere
2030 1833 2168 1883 non
2223 1833 2632 1903 possumne,
2696 1814 2833 1885 nisi
2873 1814 3165 1884 fortasse
3218 1812 3290 1884 id
3319 1814 3382 1901 ⁴)
3435 1817 3668 1884 vestra
3703 1810 3988 1883 Sereni·

912 1936 1063 2019 „tas
1116 1930 1229 2002 his
1284 1951 1487 2003 aures
1541 1931 1970 2021 praebuerit,
2030 1935 2114 2002 ut
2152 1932 2430 2004 facilius
2469 1933 2936 2019 Amurathus,
2997 1931 3286 2003 Graecia
3322 1932 3685 2019 derelicta,
3745 1930 3840 2001 ad
3875 1934 3991 2001 tu-

908 2050 1235 2139 „tandam
1290 2050 1531 2122 Asiam
1590 2072 1664 2123 se
1718 2054 2185 2137 converteret,
2255 2050 2830 2141 quemadmodum
2897 2072 3052 2123 eum
3108 2050 3355 2123 fecisse
3407 2050 3518 2123 die
3573 2048 3994 2121 duodecima

910 2168 1342 2259 „praesentis
1396 2167 1658 2240 mensis
1714 2168 2232 2257 intelleximus;
2290 2169 2529 2260 sicque
2585 2168 2790 2241 facile
2845 2170 2940 2240 sit
2985 2189 3124 2241 1100
3158 2174 3624 2261 repugnantes
3679 2168 3989 2255 vincere,

912 2291 1023 2376 „et
1077 2287 1301 2359 omnis
1358 2288 1809 2361 occidentalis
1863 2290 2073 2380 plaga
2127 2292 2365 2361 vestro
2419 2288 2684 2360 nomini
2741 2292 3195 2379 supponatur.
3253 2287 3433 2359 Nam
3479 2308 3636 2360 cum
3674 2308 3796 2361 ore
3833 2287 3990 2359 Sal-

910 2407 1215 2495 „vatoris
1270 2406 1493 2479 nostri
1556 2407 1823 2479 dictum
1887 2407 2298 2500 legerimus:
2357 2407 2576 2481 Omne
2635 2408 2956 2500 Regnum
3010 2406 3085 2479 in
3141 2428 3214 2479 se
3267 2406 3572 2479 divisum
3638 2406 3989 2479 desolabi—

910 2531 1071 2615 „tur
1099 2524 1196 2615 ⁵);
1250 2548 1388 2599 non
1442 2526 1703 2618 poterit
1754 2531 2122 2617 utramque
2196 2531 2464 2618 partem
2518 2527 2734 2615 tueri,
2800 2547 2928 2599 nec
2979 2526 3252 2617 potenti
3303 2548 3512 2598 manu
3561 2526 3992 2617 impediente

910 2645 1177 2733 „classe
1230 2644 1613 2733 maritima,
1670 2646 1758 2717 ad
1786 2646 1851 2733 ⁰)
1908 2645 2267 2718 Graeciam
2322 2645 2579 2734 redire,
2639 2666 2765 2718 nec
2819 2646 3132 2716 futurum
3187 2666 3403 2736 parva
3455 2645 3822 2718 hominum
3859 2644 3986 2715 sti·

914 2772 1165 2856 „panto
1219 2770 1530 2853 caterva,
1590 2765 1711 2857 qui
1768 2786 1841 2836 se
1896 2770 1967 2837 et
2022 2785 2186 2835 suos
2241 2765 2684 2856 apertissimo
2738 2764 3050 2856 periculo
3107 2764 3510 2853 subiiceret,
3567 2770 3639 2837 et
3677 2764 3784 2836 sic
3821 2764 3988 2835 illos

912 2884 1395 2973 „imitabatur,
1456 2884 1577 2975 qui
1613 2884 1785 2955 duos
1822 2883 1993 2955 hora
2027 2904 2168 2955 una
2205 2888 2562 2956 sectantur
2597 2886 2899 2975 lepores,
2959 2884 3080 2975 qui
3118 2884 3335 2956 altero
3373 2884 3726 2971 insecuto,
3767 2904 3985 2974 quan·

916 3003 1186 3094 „doque
1240 3002 1576 3075 carebunt
1626 3006 1946 3093 utroque.
2013 3002 2248 3075 Habet
2309 3004 2520 3075 etiam
2581 3023 2793 3095 penes
2849 3023 2924 3075 30
2980 3003 3298 3075 00030103
3355 3003 3671 3090 venaleS,
3731 3002 3988 3093 quibus

914 3122 1152 3211 „nullo
1206 3125 1410 3212 pacto
1465 3121 1783 3209 confidit,
1841 3141 1968 3193 nec
2020 3126 2258 3211 potest
2309 3122 2681 3210 confidere,
2739 3142 2896 3195 cum
2953 3121 3362 3213 saepissime
3415 3122 3726 3194 minimis
3765 3122 3843 3192 in
3877 3142 3985 3193 re-

900 3240 1087 3328 '„bus
1142 3248 1211 3312 et
1264 3240 1709 3331 paucissimis
1773 3240 2346 3331 persuasionibus
2411 3241 2776 3329 deficiunt,
2845 3244 2916 3314 et
2969 3241 3184 3313 semel
3239 3241 3406 3313 mali
3460 3261 3736 3331 semper
3786 3260 3986 3333 prae-

914 3359 1259 3450 „sumitur
1288 3361 1351 3449 7)
1406 3380 1558 3433 0330
1610 3359 1685 3431 10
1739 3360 1974 3431 eodem
2028 3380 2281 3452 genere
2334 3359 2534 3447 mali,
2605 3363 2908 3432 testante
2961 3359 3136 3431 iuris
3189 3359 3455 3451 regula.
3523 3358 3808 3432 Subditi
3857 3359 3986 3451 igi-

914 3487 1074 3569 „tur
1128 3480 1279 3553 eius
1334 3480 1821 3567 adhaerentes,
1878 3479 2095 3552 vicini
2150 3483 2222 3551 et
2267 3500 2394 3551 nos
2431 3500 2589 3551 cum
2628 3480 2804 3571 ipsis
2843 3482 3085 3553 contra
3127 3480 3466 3550 Teucrum
3503 3479 3676 3551 moti
3717 3499 3986 3565 sumus,

916 3605 1193 3688 „vestra
1248 3620 1369 3691 spe
1424 3600 1872 3671 confidentes.
1930 3600 2081 3671 Hoc
2125 3620 2342 3669 unum
2389 3600 2743 3688 novimus,
2803 3603 3110 3670 vestram
3159 3598 3622 3671 Serenitatom
3657 3618 3796 3670 non
3835 3618 3989 3670 esse

916 3719 1299 3805 „nesciam,
1357 3719 1495 3791 iam
1550 3718 1737 3790 bello
1793 3722 2066 3808 coepto,
2124 3724 2396 3791 caetera
2459 3719 2609 3791 eius
2674 3718 2827 3791 loca
2877 3738 3002 3809 per
3053 3739 3180 3789 nos
3245 3723 3478 3808 capta,
3537 3721 3609 3790 et
3663 3718 3738 3789 in
3791 3738 3988 3809 prae-

920 3837 1344 3925 „sentiarum
1402 3839 1585 3909 fama
1640 3842 1709 3909 et
1764 3837 2186 3909 confidentes
2215 3836 2278 3926 8)
2337 3842 2574 3910 vestra
2626 3838 2934 3909 maxima
2985 3838 3174 3910 bella
3233 3836 3636 3927 paravimus
3691 3837 3986 3927 apertis-

918 3956 1166 4045 „sime,
1226 3978 1364 4028 non
1416 3977 1539 4047 per
1592 3955 1921 4044 insidiaS,
1979 3976 2115 4026 non
2170 3977 2294 4047 per
2347 3956 2977 4045 dissimulationes,
3037 3956 3157 4029 sed
3196 3954 3382 4027 omni
3418 3975 3615 4043 cura,
3673 3954 3986 4027 solicitu-

918 4076 1150 4163 „dine,
1208 4075 1610 4167 diligentia,
1670 4075 1901 4147 studio
1958 4081 2027 4147 et
2082 4075 2347 4163 labore,
2407 4080 2476 4147 et
2529 4076 2855 4167 plurimis
2910 4072 3246 4166 impensis
3301 4075 3388 4146 ad
3442 4080 3758 4146 sanctum
3811 4094 3986 4165 opus

918 4194 1483 4284 „perficiendum‚
1542 4194 1773 4265 omnia
1826 4194 2218 4267 necessaria
2270 4194 2441 4266 belli
2497 4215 2652 4266 cum
2708 4194 2883 4266 viris
2939 4193 3484 4286 expertissimiS,
3541 4196 3614 4265 et
3650 4193 3839 4264 omni
3875 4212 3981 4264 co-

918 4318 1130 4400 „natu
1187 4313 1377 4385 exire
1431 4313 1906 4399 instituimus;
1964 4313 2226 4384 multos
2281 4313 2492 4385 etiam
2545 4318 2940 4386 nostrorum
3004 4314 3346 4386 nobilium
3415 4312 3747 4383 maximis
3799 4312 3978 4402 peri·

918 4430 1142 4519 „culis
1197 4434 1680 4523 exposuimus,
1737 4433 1901 4503 dum
1958 4433 2318 4504 hortamur
2367 4435 2666 4523 populos
2720 4433 3273 4506 Christianorum
3327 4432 3595 4503 vicinos
3643 4436 3714 4503 et
3752 4430 3981 4503 subdi-

918 4554 1069 4638 „tos
1142 4551 1559 4624 Teucrorum
1631 4551 1717 4622 ad
1782 4571 1978 4622 suam
2050 4551 2538 4625 liberationem
2603 4556 2674 4623 et
2727 4552 2888 4623 fidei
2959 4559 3240 4624 nostrae
3311 4554 3796 4643 augmentum,
3873 4549 3988 4640 qui

920 4690 1198 4756 „omnes
1253 4670 1535 4757 11011013,
1609 4670 1889 4761 opibu8‚
1956 4670 2306 4761 armisque
2369 4672 2599 4761 parati
2629 4672 2692 4759 9)
2749 4676 2945 4755 3001,
3014 4675 3521 4761 expectantque
3575 4668 3986 4741 Serenitatis

918 4792 1233 4875 „vestrae
1280 4788 1688 4876 adventum,
1740 4790 2314 4879 quemadmodum
2365 4790 2796 4863 sanctissimi
2832 4792 3080 4862 Patres
3119 4789 3379 4862 Christi
3415 4789 3794 4861 adventurn
3835 4809 3984 4880 ope-

924 4904 1346 4995 „riebantur.
1404 4907 1495 4978 Et
1548 4912 1820 4979 tant-us-
1846 4912 1954 4980 est
2006 4909 2512 5000 magnitudinis
2576 4915 2849 4983 vestrae
2911 4910 3097 4999 apud
3159 4908 3393 4981 hostes
3456 4913 3747 4997 tremor,
3809 4906 3982 4999 quod

1125 5196 1173 5274 ¹)
1219 5196 1470 5259 insecuti
1513 5197 1640 5261 Ed..
1692 5196 1867 5281 Lips.
1920 5196 1971 5281 ²)
2017 5204 2266 5261 tractum
2317 5194 2468 5262 Cod.
2518 5194 2734 5263 Przez.
2783 5195 2838 5279 ³)
2883 5197 3117 5261 aderint
3157 5191 3284 5261 Ed.
3329 5190 3510 5281 Lips.
3558 5195 3612 5278 ⁴¹)
3642 5198 3718 5259 ob
3747 5196 3810 5257 id
3843 5190 3984 5259 cod.

910 5293 1044 5360 Lis.
1094 5294 1144 5377 ⁵)
1192 5298 1473 5361 dilabitur
1514 5298 1641 5361 Ed.
1688 5296 1868 5383 Lips.
1917 5298 1969 5379 ⁶)
2014 5304 2077 5361 in
2120 5299 2246 5363 Ed.
2293 5299 2475 5385 Lips.
2529 5302 2582 5384 ⁷)
2625 5308 3079 5381 praesumuntur
3121 5300 3248 5365 Ed.
3295 5298 3476 5384 Lipe.
3527 5298 3582 5381 8)
3615 5306 3676 5361 01
3701 5301 3982 5362 confiden-

910 5400 995 5467 tia
1052 5398 1201 5462 eod.
1248 5400 1383 5465 Lis.
1434 5401 1490 5483 ⁹)
1532 5404 1889 5479 paratissimi
1934 5400 2061 5466 Ed.
2106 5398 2290 5486 Lips.
