4342 6384
869 570 916 647 2
931 572 1030 645 90
2067 596 2295 651 amun
2346 596 2802 653 annuemus.
3392 574 3525 676 (Α.
3565 576 3657 651 D.
3698 574 3951 677 ⁸⁴22.)

867 890 1312 981 sigi-undu
1355 891 1671 963 [oributh
1715 893 1972 965 nemim
2016 894 2363 965 Alexandri
2408 893 2757 966 Vithavdi
2801 893 2887 966 ad
2929 894 3212 985 Regnum
3253 893 3592 968 nonomine
3622 895 3952 985 possidon-

873 1008 1022 1081 duu
1065 1009 1331 1097 miuus,
1375 1010 1617 1100 hagno
1660 1012 2009 1085 honorifice
2054 1012 2405 1102 excipitur:
2458 1015 2693 1102 postea
2734 1016 3017 1085 castrum
3060 1013 3345 1087 Karsten
3387 1014 3785 1087 intolerabili
3828 1014 3953 1085 foe·

2148 1133 2294 1203 tore
2338 1135 2691 1223 oppugnat.

1069 1374 1182 1446 Ex
1236 1374 1622 1465 Radzyeow
1683 1374 2122 1449 wladislaus
2188 1376 2344 1449 Rex
2406 1376 2747 1467 processit
2819 1375 2893 1447 in
2957 1376 3322 1463 Brzescze‚
3390 1376 3520 1448 sub
3583 1395 3721 1467 quo
3778 1380 3949 1448 tem-

863 1512 1029 1583 pore
1085 1491 1580 1585 Sigismundus
1641 1493 2000 1566 Koributh
2061 1494 2485 1567 Lithuaniae
2548 1494 2712 1566 Dux
2767 1498 2838 1567 et
2888 1515 3103 1587 nepos
3166 1494 3401 1586 regius
3439 1496 3495 1583 ¹)
3548 1514 3947 1586 germanus,

863 1610 948 1683 de
1001 1610 1326 1683 mandato
1381 1612 1776 1685 Alexandri
1827 1612 2213 1686 Withawdi
2266 1612 2481 1686 Ducis
2518 1610 2753 1705 Magni
2790 1612 3244 1701 Lithuaniae‚
3301 1612 3693 1685 Wladislao
3752 1613 3945 1685 insu-

863 1750 986 1821 per
1036 1730 1369 1803 Poloniae
1421 1732 1615 1825 Rege
1651 1736 1723 1805 et
1760 1732 2237 1806 consentiente
2276 1736 2346 1806 et
2380 1733 2748 1824 probante,
2804 1733 2891 1803 ad
2942 1731 3415 1823 recipiendum
3451 1732 3682 1825 Regni
3718 1732 3949 1804 Bohe-

863 1847 1045 1922 miae
1071 1846 1160 1937 2),
1214 1849 1494 1921 nomine
1547 1850 1939 1925 Alexandri
1992 1850 2378 1923 Withawdi
2430 1850 2944 1943 possessionem
2996 1870 3152 1923 cum
3204 1850 3553 1942 frequenti
3606 1854 3679 1923 et
3714 1850 3950 1921 valido

861 1965 1284 2040 Polonorum
1323 1969 1666 2057 exercitu,
1724 1969 2063 2063 impensis
2099 1969 2492 2043 Alexandri
2526 1969 2909 2043 Withawdi
2954 1967 3356 2060 expeditus,
3410 1968 3487 2040 in
3539 1968 3951 2043 Bohemiam

861 2086 1226 2177 processit.
1283 2086 1455 2160 Erat
1509 2091 1743 2161 autem
1799 2089 1930 2161 sub
1988 2092 2263 2179 tempus
2316 2088 2501 2161 idem
2556 2087 3048 2180 sigismundus
3102 2087 3574 2159 Romanorum
3628 2091 3705 2159 et
3744 2088 3945 2158 Hun-

861 2205 1098 2297 gariae
1151 2204 1307 2277 Rex
1363 2206 1876 2297 conquisitione
1929 2206 2144 2279 castri
2200 2211 2270 2280 et
2306 2206 2619 2280 civitatis
2676 2202 2929 2298 Ostrog
2956 2203 3017 2295 ³)
3072 2205 3146 2277 in
3182 2204 3492 2277 Moravia
3529 2212 3947 2297 occupatus:

864 2322 986 2415 qui
1039 2323 1256 2397 Ducis
1311 2323 1746 2417 Sigismundi
1798 2325 2158 2399 Koributh
2212 2326 2623 2414 adventum,
2678 2345 2765 2397 ne
2818 2324 2893 2397 in
2948 2345 3023 2398 se
3060 2330 3129 2397 et
3164 2324 3547 2398 exercitum
3600 2344 3813 2397 suum
3850 2324 3945 2396 ir-

860 2446 1126 2531 rueret,
1182 2442 1714 2534 pertimescenS,
1773 2444 2075 2537 singulis
2129 2444 2583 2536 apparatibus
2636 2444 2947 2531 belliciS,
3004 2443 3257 2535 quibus
3295 2443 3613 2515 obsessos
3652 2442 3945 2535 conqui-

861 2580 1012 2635 rere
1047 2560 1434 2651 nitebatur,
1494 2563 1982 2652 concrematis,
2041 2562 2472 2636 obsidionem
2510 2563 2823 2649 solvens-1,
2880 2566 2951 2634 et
2996 2562 3071 2633 in
3106 2561 3578 2633 wladislaum
3610 2561 3949 2635 Poloniae

861 2680 1168 2773 Regem,
1215 2680 1697 2755 Alexandrum
1737 2702 2012 2774 quoque
2049 2681 2556 2769 Withawdum,
2610 2680 2808 2773 gravi
2846 2679 3323 2771 indignatione
3359 2681 3687 2767 fremens,
3744 2681 3947 2765 Hunf

859 2798 1125 2890 gatiam
1176 2800 1719 2892 regrediebatur.
1777 2802 1940 2873 Dux
1996 2804 2230 2873 autem
2286 2799 2777 2893 Sigismundus
2830 2798 3187 2872 Koributh
3238 2799 3619 2872 Moraviam
3674 2798 3944 2890 ingres-

863 2938 1017 3005 sus,
1073 2917 1404 3010 oppidum
1443 2918 1788 2993 Uniczow
1816 2920 1878 3010 ⁴)
1933 2920 2078 2993 situ
2116 2924 2188 2993 et
2226 2918 2610 2991 munitione
2656 2921 2862 3006 forte,
2912 2918 3237 3009 quoniam
3290 2918 3496 2991 illum
3532 2938 3671 2989 non
3710 2918 3941 2989 susci-

863 3035 1104 3127 piebat
1125 3090 1142 3124 ,
1219 3056 1617 3129 expugnare
1692 3058 2062 3131 aggressus
2085 3094 2103 3127 ,
2172 3037 2378 3109 facile
2450 3036 2841 3128 conquirit,
2906 3037 3205 3127 datoque
3266 3036 3519 3127 oppido
3592 3036 3947 3108 militibus

863 3154 940 3225 in
992 3155 1348 3246 praedam,
1405 3156 1481 3227 in
1534 3156 1940 3230 Bohemiam
1995 3157 2451 3245 contendenS,
2508 3156 2805 3248 Pragam
2860 3154 3174 3243 advenit,
3232 3159 3301 3227 et
3337 3175 3378 3226 a
3414 3154 3772 3246 plerisque
3822 3156 3943 3226 ba-

861 3271 1151 3345 ronibus
1208 3277 1278 3346 et
1329 3274 1686 3347 nobilibus
1742 3276 2149 3363 Bohemiae,
2208 3275 2293 3347 ab
2348 3273 2701 3347 universis
2756 3295 2917 3347 vero
2971 3273 3440 3365 Pragensibus
3489 3272 3801 3361 civibus,
3858 3273 3945 3345 de

863 3391 1173 3465 adventu
1227 3412 1353 3465 suo
1407 3394 1869 3484 laetantibuS,
1935 3400 2006 3467 et
2058 3395 2293 3468 claves
2360 3392 2675 3465 civitatis
2738 3390 3111 3484 Pragensis
3173 3394 3245 3463 et
3296 3389 3511 3463 castri
3570 3391 3946 3482 utriusque

859 3510 1368 3603 possessionem
1423 3512 1560 3585 sibi
1615 3512 2227 3605 consignantibuS,
2286 3532 2557 3583 summo
2615 3511 2848 3583 studio
2904 3514 2973 3583 et
3019 3510 3283 3598 favore,
3342 3529 3751 3600 summaque
3788 3531 3945 3602 gra-

861 3629 1206 3703 tulatione
1259 3634 1594 3722 exceptus
1651 3636 1792 3719 est,
1851 3636 1922 3705 et
1974 3631 2211 3723 magni
2266 3630 2382 3702 illi
2432 3630 2727 3702 honores
2783 3633 2925 3701 tam
2979 3650 3020 3700 a
3072 3628 3447 3701 baronibus
3503 3648 3713 3719 quam
3768 3650 3811 3699 a
3847 3628 3944 3701 ci-

858 3748 1068 3821 vibus
1121 3749 1591 3841 Pragensibus
1645 3750 1906 3837 habiti,
1963 3769 2372 3841 summaque
2422 3769 2654 3821 rerum
2710 3747 2991 3819 tradita.
3048 3746 3184 3838 Qui
3226 3746 3584 3819 civitatem
3618 3746 3821 3819 brevi
3860 3746 3947 3819 ad

861 3866 1223 3941 meliorem
1253 3868 1318 3957 5)
1373 3870 1664 3941 formam
1715 3869 2018 3962 redegit:
2075 3868 2431 3941 nobilibus
2487 3871 2558 3940 et
2610 3867 2731 3959 qui
2784 3866 3017 3957 quiete
3096 3866 3331 3938 vivere
3385 3865 3684 3952 vellent,
3741 3865 3947 3937 blan-

862 3986 993 4057 dus
1046 3990 1256 4078 atque
1309 3987 1608 4076 amicuS,
1663 3988 1740 4060 in
1793 3987 2164 4061 seditiosos
2211 4008 2293 4059 ac
2327 3987 2749 4059 facinorosos
2804 3984 3225 4076 asperrimus
3260 3984 3543 4056 vindex.
3599 3983 3688 4055 In
3726 3984 3951 4058 huius

863 4104 1166 4178 adventu
1220 4107 1764 4180 munitissimam
1819 4126 2044 4179 arcem
2097 4106 2172 4178 in
2227 4104 2504 4179 editiori
2569 4110 2799 4177 monte
2828 4104 2891 4193 ⁶)
2946 4103 3153 4175 sitam
3170 4158 3187 4193 ‚
3252 4122 3460 4194 quam
3512 4102 3827 4175 Karsten
3860 4104 3947 4192 ⁷),

863 4222 1041 4297 alias
1094 4220 1426 4316 Lapidem
1483 4225 1744 4315 Caroli,
1801 4229 2084 4313 vocant,
2141 4243 2543 4317 oppugnare
2595 4222 2893 4315 placuit,
2951 4222 3133 4313 quod
3186 4220 3338 4294 illic
3381 4220 3663 4309 literae,
3720 4222 3942 4312 privi-

863 4341 1048 4433 legia
1100 4347 1170 4415 et
1221 4344 1376 4416 iura
1428 4344 1660 4437 Regni
1713 4344 2206 4417 servabantur:
2262 4364 2387 4436 pro
2442 4342 2641 4416 cuius
2697 4341 3093 4414 defensione
3148 4338 3640 4431 sigismundus
3680 4339 3941 4413 Roma-

862 4474 1108 4533 norum
1161 4466 1234 4535 et
1287 4463 1690 4555 Hungariae
1745 4464 1902 4536 Rex
1966 4467 2266 4554 quatuor
2318 4462 2669 4535 centurias
2724 4460 3032 4532 militum
3052 4479 3198 4551 -pro
3234 4458 3581 4549 praesidio
3632 4459 3939 4551 relique·

859 4582 996 4653 rat.
1054 4579 1294 4653 Castra
1346 4582 1574 4654 tribus
1627 4581 1801 4655 locis
1855 4581 2090 4672 posita
2143 4585 2341 4669 sunt,
2401 4580 2669 4654 obsidio
2706 4600 2831 4653 sex
2868 4578 3077 4650 ducta
3110 4577 3497 4664 mensibus,
3534 4596 3765 4667 neque
3800 4578 3940 4667 die,

859 4718 1084 4789 neque
1135 4704 1366 4788 nocte,
1419 4700 1844 4792 proiectione
1897 4700 2287 4792 ingentium
2342 4720 2670 4772 saxorum
2717 4698 2974 4771 omissa
3009 4696 3455 4789 oppugnatio.
3514 4694 3737 4787 Quam
3774 4696 3941 4768 dum

862 4817 1132 4891 obsessi
1181 4818 1582 4893 refellerent
1634 4824 1705 4893 et
1757 4822 2307 4907 contemnerent,
2363 4838 2534 4891 vasa
2580 4817 2856 4890 circiter
2889 4816 3025 4888 duo
3062 4814 3319 4903 millia,
3376 4814 3835 4887 cadaveribus
3872 4819 3943 4888 et

1079 5103 1128 5181 ¹)
1173 5106 1354 5182 Regis
1409 5104 1560 5169 cad.
1611 5104 1804 5169 Rozr.
1851 5106 1902 5187 ²)
1946 5106 2024 5166 ad
2065 5106 2469 5183 recipiendum
2522 5106 2791 5182 Regnum
2848 5102 3165 5165 Bohemiae
3208 5102 3453 5178 eiusque
3502 5101 3941 5178 possessionem

865 5200 993 5264 Ed.
1038 5202 1217 5287 Lips.
1266 5204 1318 5286 ⁸)
1363 5208 1616 5270 Ostrzok
1661 5203 1814 5270 Cod.
1863 5202 2040 5270 Calv.
2086 5206 2390 5287 (Ostrow).
2440 5205 2497 5286 ⁴)
2538 5208 2793 5267 Unczow
2838 5200 2990 5267 cod.
3037 5202 3215 5265 Kost.
3256 5204 3536 5264 Vinczow
3578 5200 3708 5267 Ed.
3756 5201 3937 5287 Lips.

869 5302 922 5385 ⁶)
965 5306 1264 5369 iustiorem
1312 5305 1462 5372 Cod.
1513 5308 1700 5373 Rozr.
1748 5308 1804 5391 ⁸)
1847 5312 1997 5372 colle
2040 5308 2166 5372 Ed.
2214 5308 2395 5392 Lips.
2446 5306 2495 5389 ⁷)
2544 5310 2815 5370 Car-steini
2862 5303 3012 5371 cod.
3057 5303 3233 5368 Kost.
3278 5302 3657 5389 (Karistein).
