4342 6384
403 569 536 671 (Α.
577 570 670 646 D.
710 568 942 668 1410.)
1572 596 1796 649 menn
1850 597 2319 649 unnncnms.
3394 580 3487 653 91

399 779 640 871 plures
695 798 942 852 currus
997 777 1430 853 victualibus
1495 785 1816 855 oneratos
1871 781 1944 855 in
2001 782 2256 855 Sthum
2308 803 2434 873 pro
2490 780 2643 855 eius
2698 782 3107 857 fulcimento
3164 784 3491 859 transmi-

401 898 518 971 sit.
574 900 818 973 Castra
869 903 1106 973 autem
1158 899 1316 991 ipsa
1369 921 1584 992 supra
1638 901 1970 993 oppidum
2027 906 2096 975 et
2150 903 2381 975 lacum
2437 901 2867 994 Gardzyelye
2923 902 3063 976 sita
3117 908 3339 979 erant.

453 1250 764 1324 neurim
806 1250 892 1324 de
931 1252 1192 1325 Plawen
1235 1251 1545 1343 naa-ter
1586 1252 1882 1327 russiae
1928 1255 2180 1328 electus
2225 1254 2311 1328 ad
2354 1255 2793 1346 apparandum
2835 1257 3071 1329 benun
3112 1258 3453 1348 pecuniam

951 1370 1302 1462 conquirit,
1346 1371 1534 1445 bonis
1579 1372 1830 1446 ordinis
1872 1373 1944 1447 in
1986 1373 2209 1463 Regno
2252 1373 2592 1447 nehemiae
2635 1375 2946 1449 venditis.

604 1616 956 1691 Henrieus
1012 1621 1246 1691 autem
1283 1617 1369 1691 de
1405 1619 1686 1690 Plawen
1731 1617 1806 1691 in
1852 1618 2082 1691 locum
2138 1618 2460 1711 Magistri
2506 1618 2838 1694 Prussiae
2877 1620 3245 1712 suffectus,
3286 1623 3495 1697 amis-

401 1760 556 1812 sum
607 1737 953 1830 praelium
1009 1744 1078 1811 et
1130 1741 1356 1811 terras
1410 1738 1747 1811 Prussiae
1799 1743 2368 1830 recuperaturuS,
2424 1738 2663 1811 missis
2701 1740 2790 1812 ad
2832 1740 3318 1815 wenceslaum
3356 1744 3495 1817 Bo·

399 1858 670 1933 herniae
723 1860 988 1952 Regem
1042 1858 1349 1946 nuntiis,
1404 1857 1586 1931 bona
1641 1857 1922 1932 Ordinis
1977 1859 2321 1932 notabilia.
2374 1859 2819 1954 Chomathow
2855 1860 2931 1933 in
2968 1862 3211 1953 Regno
3266 1862 3493 1936 Bebe-

399 1978 610 2067 miae,
667 1981 969 2071 quatuor
1021 1976 1250 2049 millia
1301 1978 1716 2051 florenorum
1771 1977 1856 2051 de
1908 1976 2318 2051 introitibus
2372 1978 2736 2068 habentia,
2793 2000 2917 2070 pro
2973 1984 3253 2055 centum
3291 1981 3495 2073 quin·

398 2098 620 2173 decim
674 2096 992 2171 millibus
1046 2097 1462 2170 florenorum
1519 2096 1836 2170 vendidit
1889 2096 2112 2171 eidem
2166 2097 2582 2173 Wenceslao
2636 2098 2817 2192 Regi
2870 2099 2945 2172 in
2998 2121 3169 2175 auro
3221 2106 3493 2193 parate,

400 2219 528 2292 sub
601 2217 832 2310 specie
905 2217 1360 2309 reemptionis
1399 2218 1478 2306 ¹),
1538 2238 1714 2308 quae
1769 2238 1908 2290 non
1963 2221 2130 2291 sunt
2182 2218 2543 2310 redempta
2596 2219 2671 2291 in
2722 2220 2905 2291 hane
2958 2218 3165 2295 diem.
3222 2218 3497 2313 Hisque

397 2337 712 2429 pecuniis
774 2337 1194 2411 mercenario
1259 2335 1488 2410 milite
1551 2336 1923 2422 conduct0‚
1987 2337 2255 2410 bellum
2318 2357 2409 2409 ex
2473 2336 2745 2431 integro
2810 2337 3261 2411 restauravit.
3328 2339 3497 2411 Alia

397 2457 685 2549 insuper
737 2460 1016 2531 centum
1071 2457 1485 2530 florenorum
1539 2455 1768 2528 millia
1819 2455 2006 2547 apud
2059 2455 2253 2530 cives
2308 2455 2745 2545 GdanenseS,
2804 2456 2945 2529 iam
2981 2457 3057 2530 in
3094 2478 3293 2533 suam
3332 2480 3487 2551 spe·

400 2582 668 2651 ctantes
687 2550 1093 2665 ‘ditionem
1149 2576 1356 2649 facile
1409 2575 1548 2651 sibi
1601 2574 1952 2667 praebita,
2009 2574 2084 2647 in
2139 2578 2461 2647 mutuum
2516 2575 2809 2668 accepit.

1492 2928 1785 3002 Guttam
1829 2930 2078 3005 Radzin
2118 2930 2394 3020 eapitur.

601 3178 734 3252 Die
785 3174 1148 3249 Dominico
1203 3174 1445 3249 Sancti
1498 3175 1836 3265 Mathaei,
1893 3174 2227 3251 vicesima
2262 3175 2487 3269 prima
2543 3176 2972 3269 Septembris
2989 3234 3005 3267 ‚
3064 3178 3275 3255 motis
3332 3180 3491 3255 Rex

403 3322 442 3371 a
499 3298 810 3391 Qwidzin
873 3295 1158 3385 castris,
1224 3294 1422 3368 venit
1485 3316 1685 3369 mane
1747 3296 1836 3367 ad
1899 3301 2207 3371 castrum
2273 3296 2545 3369 Radzin
2575 3295 2662 3387 2),
2731 3298 2807 3371 in
2860 3298 3063 3373 cuius
3130 3298 3492 3373 obsidione

402 3423 638 3511 gentes
689 3417 922 3511 regiae
976 3437 1018 3489 a
1071 3420 1381 3508 tempore
1411 3414 1473 3507 ³)
1532 3415 1898 3489 conflictus
1961 3416 2201 3510 magni
2254 3438 2479 3508 usque
2532 3417 2607 3489 in
2660 3416 2845 3491 diem
2900 3418 3135 3507 illam,
3203 3418 3491 3493 civitate

403 3538 472 3611 in
507 3539 642 3611 fide
680 3542 752 3611 et
788 3536 1183 3612 obedientia
1235 3536 1454 3630 Regis
1501 3536 1884 3626 existente,
1942 3537 2365 3611 insederant.
2422 3538 2515 3609 Et
2551 3536 2805 3628 positis
2844 3538 3129 3612 stativis
3167 3538 3241 3610 in
3277 3536 3489 3611 unius

405 3656 724 3733 milliaris
779 3657 1088 3750 quartali
1131 3678 1172 3729 a
1207 3660 1436 3729 castro
1491 3677 1704 3748 supra
1753 3657 1985 3731 lacum
2019 3657 2327 3731 Meldeze
2356 3658 2445 3748 ⁴),
2502 3657 2845 3731 deliberat
2880 3658 3069 3746 Rex,
3126 3658 3489 3733 solverene

405 3778 534 3851 sibi
585 3778 788 3851 illius
841 3776 1304 3865 obsidionem,
1359 3798 1450 3849 an
1503 3776 2096 3869 expugnationem
2141 3777 2371 3869 ipsius
2408 3776 2769 3850 intendere
2822 3778 3214 3851 conveniat.
3271 3777 3490 3869 Capta

405 3902 626 3973 autem
681 3902 834 3971 erat
886 3896 1330 3985 deliberatio,
1395 3897 1658 3989 Regem
1721 3897 2130 3971 nullatenus
2187 3896 2402 3971 castri
2456 3896 3042 3989 conquisitionem
3098 3902 3289 3989 (cum
3342 3896 3487 3970 situ

403 4022 470 4091 et
517 4018 906 4093 munitione
967 4017 1147 4090 foret
1208 4015 1685 4089 firmissimum
1704 4071 1722 4104 ,
1789 4015 2105 4110 egregios
2162 4016 2451 4109 insuper
2502 4016 2789 4089 haberet
2843 4017 3275 4106 defensores)
3333 4022 3483 4089 ten-

401 4143 736 4226 taturum3
793 4137 1290 4210 simulaturum
1349 4142 1580 4209 tamen
1634 4136 2233 4229 impugnationem
2286 4136 2593 4209 crastina
2646 4136 2794 4225 die,
2853 4136 2917 4209 si
2955 4158 3091 4228 quo
3130 4138 3327 4211 modo
3366 4137 3485 4209 ob-

401 4259 604 4345 sessi,
659 4278 918 4351 pavore
971 4255 1430 4341 consternati,
1489 4256 1575 4327 ad
1631 4254 2053 4329 deditionem
2107 4241 2633 4347 perlicerentur.
2700 4256 2951 4347 Itaque
3017 4256 3279 4347 primos
3342 4257 3483 4329 Ra-

399 4377 831 4453 dzinensium
886 4377 974 4450 ad
1027 4374 1457 4468 colloquium
1511 4379 1866 4463 evocatos,
1925 4379 2006 4447 ut
2041 4380 2351 4449 castrum
2388 4374 2541 4449 sine
2578 4375 2919 4468 sanguine
2956 4374 3095 4449 sibi
3132 4376 3482 4463 dederent,

397 4498 728 4589 perlicere
789 4500 1080 4569 conatus
1144 4500 1274 4569 est.
1347 4493 1616 4585 Quibus
1681 4494 2255 4585 aspernantibus,
2321 4494 2395 4566 vi
2458 4498 2529 4567 et
2590 4494 2803 4567 armis
2862 4480 3033 4570 illos
3096 4494 3356 4569 adoriri
3410 4495 3485 4567 in

395 4617 774 4691 crastinum
827 4614 1136 4687 distulit.
1191 4615 1278 4687 Id
1332 4612 1704 4688 consilium
1760 4635 1896 4686 non
1951 4612 2303 4700 industria
2368 4612 2721 4707 sagacius·‚
2790 4636 2997 4707 quam
3053 4618 3307 4688 eventu
3363 4634 3480 4687 ex-

393 4736 548 4809 titit
597 4736 904 4809 felicius:
963 4735 1256 4826 vulgata
1309 4733 1494 4807 enim
1550 4733 1624 4805 in
1678 4732 1993 4806 exercitu
2049 4734 2265 4821 fama,
2324 4734 2586 4825 Regem
2622 4733 2737 4806 die
2774 4733 3081 4808 crastina
3117 4733 3481 4826 impugna-

393 4855 652 4929 tionem
705 4856 1148 4929 obsessorum
1209 4853 1634 4940 decrevisse,
1699 4852 1824 4924 vix
1890 4852 2183 4943 prandio
2238 4853 2471 4942 finito,
2538 4852 2803 4927 milites
2860 4858 3108 4944 suapte
3162 4852 3237 4927 in
3290 4874 3485 4925 arma

390 4978 470 5047 et
519 4974 1104 5068 expugnationem
1152 4973 1366 5047 castri
1403 4972 1707 5061 Radzin,
1767 4972 2044 5046 iniussu
2097 4970 2347 5064 Regia,
2405 4972 2747 5045 traduxit.
2804 4973 3023 5046 Nullo
3061 4971 3247 5047 enim
3285 4994 3479 5047 exer-

385 5094 576 5167 citus
627 5094 1025 5168 solicitatus
1079 5093 1450 5180 monitore,
1509 5090 1916 5165 avidissime
1968 5092 2344 5183 processit,
2401 5097 2847 5184 castrumque
2900 5094 2987 5165 ab
3043 5089 3230 5166 omni
3284 5096 3483 5183 parte

605 5368 653 5447 ¹)
695 5370 807 5429 snb
852 5385 960 5446 spe
1002 5367 1421 5443 redemptionis
1465 5363 1593 5427 Ed.
1640 5364 1820 5448 Lips.
1869 5363 1918 5444 ²)
1967 5365 2213 5425 Radzim
2262 5360 2414 5427 cod.
2459 5362 2653 5427 Rozr.
2703 5362 2755 5445 ³)
2799 5383 2838 5424 a
2878 5370 3049 5443 parte
3096 5360 3249 5428 God.
3302 5362 3479 5429 Galv.

385 5468 448 5551 ⁴)
495 5472 786 5533 Heldesse
833 5465 986 5533 C'od.
1030 5467 1206 5532 Koet.
