4342 6384
842 577 992 654 272
2038 597 2266 655 mnan
2317 599 2774 655 munemne.
3397 574 3532 679 (A.
3571 575 3663 652 D.
3701 573 3940 676 1421.)

840 787 1267 860 christianae
1319 785 1687 879 religionis
1750 808 1975 860 novus
2028 788 2416 879 professor,
2475 809 2840 880 novusque
2893 787 3232 880 Princeps
3287 787 3419 860 sim
3437 845 3454 876 ‚
3511 808 3647 859 non
3701 789 3940 858 tamen

840 907 1046 979 fidem
1102 908 1317 980 semel
1370 911 1771 998 susceptam
1834 911 1905 979 et
1956 907 2174 979 ritum
2239 907 2438 980 illius
2505 912 2740 980 vestro
2805 908 3140 1000 pestifero
3203 908 3526 1000 dogmate
3579 905 3940 998 inquinari

840 1026 1099 1114 sinam,
1156 1025 1511 1099 institutis
1566 1030 1638 1099 et
1690 1026 2159 1100 observantiis
2213 1028 2638 1100 universalis
2693 1028 3050 1101 Ecclesiae
3115 1049 3224 1100 me
3287 1028 3362 1100 in
3417 1026 3721 1119 singulis
3775 1046 3938 1097 con-

842 1147 1289 1220 formaturus.

1047 1507 1352 1596 navigio
1396 1507 1534 1581 fllia
1576 1508 1912 1580 wladislai
1969 1509 2272 1582 Poloniae
2317 1509 2510 1599 Regis
2569 1509 2760 1581 nubit
2801 1508 3116 1581 friderico
3174 1509 3310 1580 filio
3352 1508 3734 1581 luchionis

1211 1627 1829 1718 nra-deburgmin,
1876 1632 1949 1700 et
1990 1629 2222 1701 foedus
2265 1645 2410 1700 cnm
2457 1629 2797 1701 cruciferis
2839 1628 2910 1700 ἰι
2954 1646 3194 1702 annu
3237 1629 3580 1718 profatur.

1048 1868 1271 1940 Sexta
1324 1866 1497 1940 feria
1550 1872 1710 1958 post
1745 1867 2067 1940 cinerum
2105 1866 2545 1941 wladislaus
2582 1867 2916 1940 Poloniae
2953 1869 3112 1940 Rex
3150 1868 3234 1939 de
3261 1865 3552 1940 worani
3589 1887 3943 1959 egressus,

840 2009 968 2081 per
1001 1987 1299 2075 Dubios,
1341 1986 1643 2076 Groan,
1682 1988 1988 2074 Rathno‚
2046 1987 2260 2072 Thur,
2318 1987 2710 2079 Lubomlya
2747 1988 2826 2076 ¹),
2876 1987 3166 2076 Hrodlo,
3223 1987 3496 2076 chelm,
3553 1987 3943 2059 Kraschni-

846 2112 1019 2180 staw
1048 2106 1136 2198 ²),
1193 2107 1474 2199 aliaque
1527 2108 1683 2178 loca
1718 2112 2053 2179 consueta
2106 2107 2193 2178 ad
2232 2107 2553 2200 Regnum
2592 2108 2924 2180 Poloniae
2959 2107 3192 2180 rediit.
3249 2107 3634 2180 Redierunt
3672 2111 3744 2180 et
3779 2128 3944 2179 cum

848 2249 978 2300 sua
1015 2227 1407 2300 Serenitate
1462 2227 1929 2300 Bohemorum
1980 2227 2251 2316 nuntii,
2311 2227 2584 2319 fuitque
2637 2227 2788 2300 illis
2843 2228 3098 2299 iterum
3161 2228 3347 2319 apud
3401 2227 3468 2298 N
3471 2226 3944 2319 yepolomicze

846 2345 1115 2420 mansio
1168 2347 1609 2440 consignata,
1665 2347 1883 2420 donec
1936 2347 2086 2419 illis
2140 2347 2375 2420 finalis
2430 2348 2715 2421 daretur
2765 2369 2890 2441 per
2942 2348 3424 2420 Alexandrum
3463 2347 3944 2419 withawdum

844 2465 1230 2558 responsio,
1286 2465 1499 2539 Venit
1552 2470 1786 2540 autem
1840 2467 2237 2539 cracoviam
2294 2467 2735 2541 wladislaus
2789 2468 3124 2541 Poloniae
3175 2468 3331 2541 Rex
3394 2488 3520 2560 pro
3575 2464 3948 2540 Dominica

843 2586 1087 2660 Ramis
1142 2587 1577 2675 Palmarum,
1634 2608 1770 2679 quo
1826 2587 1913 2658 ad
1952 2609 2149 2660 snam
2190 2587 2651 2661 Serenitatem
2705 2588 2945 2681 plures
3000 2608 3286 2661 numero
3343 2585 3610 2660 Slesiae
3662 2584 3940 2658 Princi-

839 2727 969 2799 pes
1030 2710 1103 2779 et
1156 2726 1244 2779 ex
1299 2705 1515 2779 variis
1571 2707 1813 2779 mnndi
1877 2707 2196 2798 partibus
2259 2707 2496 2780 nuntii
2567 2707 3070 2781 confluxerant.
3147 2707 3416 2799 Quibus
3472 2706 3763 2778 comiter
3813 2707 3942 2778 ha-

843 2826 1016 2900 bitis
1090 2831 1161 2900 et
1230 2827 1615 2919 expeditiS,
1676 2847 1840 2899 cum
1901 2826 2257 2900 Praelatis
2319 2833 2390 2900 et
2459 2828 2839 2902 baronibus
2901 2827 3238 2900 Poloniae
3301 2827 3502 2899 iussu
3573 2847 3700 2898 suo
3763 2825 3946 2897 illuc

842 2947 1457 3037 convenientibuS,
1530 2947 1716 3038 apud
1779 2947 2180 3020 cracoviam
2253 2947 2526 3040 aliquot
2594 2949 3048 3022 hebdomadis
3119 2946 3650 3019 immorabatur:
3723 2945 3946 3018 donec

845 3071 1008 3159 post
1060 3069 1318 3140 festum
1373 3067 1685 3140 Paschae
1737 3066 2139 3140 Fridericus
2195 3067 2844 3160 Brandeburgensis
2898 3067 3206 3140 Marchio
3263 3066 3578 3153 advenit,
3645 3086 3686 3137 a
3740 3064 3942 3138 wla-

845 3187 1073 3260 dislao
1128 3185 1461 3260 Poloniae
1514 3187 1707 3279 Rege
1758 3207 1916 3259 cum
1970 3187 2234 3280 insigni
2287 3188 2766 3260 Praelatorum
2785 3243 2802 3277 ,
2857 3186 3266 3278 Principum
3319 3189 3393 3259 et
3435 3187 3774 3258 baronum
3828 3205 3944 3257 ca-

844 3311 1078 3395 terva,
1130 3327 1355 3399 usque
1391 3307 1465 3379 in
1502 3307 1897 3380 Pranthnik
1922 3305 1985 3398 ³)
2042 3307 2180 3381 sibi
2217 3307 2492 3380 obviam
2529 3311 2767 3397 eunte,
2807 3311 3170 3400 exceptus.
3225 3306 3399 3380 Post
3433 3309 3666 3382 varios
3703 3309 3948 3378 autem

841 3431 1192 3500 tractatus
1256 3427 1387 3500 sub
1450 3427 1697 3501 diebus
1760 3427 2156 3520 quindecim
2219 3428 2532 3518 habitos,
2607 3450 2765 3502 cnm
2829 3427 3231 3501 Marchione
3290 3429 3604 3520 praefato
3667 3433 3738 3502 et
3793 3429 3948 3501 filio

845 3570 973 3621 suo
1026 3547 1384 3622 Friderico
1436 3552 1609 3618 natu
1664 3547 1923 3620 maiore
1976 3548 2349 3621 affinitatis
2405 3549 2646 3622 foedus
2700 3549 2920 3623 ictum
2975 3551 3084 3622 est
3137 3552 3207 3622 et
3248 3549 3443 3642 regia
3495 3549 3696 3642 virgo
3749 3549 3946 3621 Hed-

842 3667 1032 3762 vigis
1086 3667 1199 3740 illi
1254 3668 1705 3760 desponsata3
1763 3667 2143 3760 foedusque
2193 3669 2631 3758 huiusmodi,
2699 3669 2910 3742 etiam
2965 3669 3422 3761 inscriptione
3475 3672 3548 3742 et
3599 3668 3948 3742 conditio·

840 3787 1054 3862 nibus
1110 3789 1463 3861 firmatum
1516 3786 1629 3860 his
1684 3786 2063 3860 cavebatur
2090 3787 2184 3877 ⁴):
2261 3793 2343 3860 ut
2396 3788 2798 3862 Fridericus
2852 3787 3044 3862 filius
3101 3787 3526 3862 Marchionis
3581 3809 3738 3862 cnm
3791 3791 3952 3864 filia

836 3907 1041 4001 regia
1093 3908 1401 4001 Hedvigi
1465 3907 1799 3981 Poloniae
1860 3908 2182 4000 Regnum
2247 3907 2624 3998 obtineret,
2688 3908 2751 3981 si
2813 3907 3286 3982 wladislaum
3351 3910 3613 4002 Regem
3672 3910 3952 4001 prolem

844 4029 1307 4102 masculinam
1361 4027 1758 4120 relinquere
1820 4047 1958 4100 non
2012 4028 2481 4123 contingeret;
2546 4049 2734 4101 oram
2789 4027 3206 4101 Saxonicam
3269 4032 3342 4102 et
3393 4032 3648 4103 terram
3699 4029 3950 4103 Lubn-

846 4169 1165 4222 czonsem
1217 4169 1259 4219 a
1294 4167 1578 4240 corpore
1630 4147 1859 4240 Regni
1894 4147 2231 4222 Poloniae
2284 4149 2546 4222 iniuste
2583 4149 2984 4237 alienatam,
3039 4149 3194 4241 ipse
3223 4147 3287 4238 5)
3327 4149 3570 4241 Regno
3606 4149 3952 4222 Poloniae

846 4269 1265 4361 incorporet.
1344 4266 1422 4341 Si
1478 4287 1641 4340 vero
1699 4267 2137 4340 wladislaus
2190 4267 2526 4341 Poloniae
2583 4269 2738 4341 Rex
2799 4268 3058 4360 pignus
3115 4268 3529 4360 susceperit,
3598 4268 3752 4342 Rex
3807 4269 3952 4342 Po-

846 4386 1078 4460 loniae
1130 4391 1205 4460 et
1256 4387 1578 4480 Regnum
1642 4387 2057 4460 florenorum
2112 4395 2392 4461 centum
2449 4387 2676 4460 millia
2737 4389 2968 4461 dotem
3031 4387 3293 4481 virgini
3344 4387 3654 4481 Hodvigi
3717 4389 3956 4462 oonsi-

844 4508 1184 4602 gnabnnt.
1257 4507 1351 4579 Et
1414 4507 1735 4614 quamvis
1800 4507 2024 4599 aliqui
2086 4507 2380 4581 barones
2443 4507 2778 4582 Poloniae
2839 4507 3256 4582 affinitatem
3318 4507 3721 4581 huiusmodi
3785 4529 3960 4583 cum

842 4629 1200 4722 Boguslao
1256 4627 1614 4720 Stolpensi
1669 4628 1890 4715 Duce,
1946 4627 2174 4719 ipsam
2225 4649 2350 4722 per
2384 4649 2633 4722 graves
2689 4632 2759 4702 et
2794 4627 3226 4720 multiplices
3277 4627 3771 4702 intercessores
3817 4649 3956 4702 ex-

844 4753 1160 4844 petente,
1216 4749 1664 4841 probassent3
1718 4747 2210 4840 persuasiones
2247 4753 2478 4822 tamen
2516 4769 2751 4822 eorum
2787 4768 2926 4820 uno
2965 4749 3188 4821 faceto
3224 4747 3515 4821 cristini
3549 4748 3635 4822 de
3669 4747 3958 4822 Ostrovv

844 4868 1325 4943 cracoviensis
1380 4867 1751 4942 castellani
1781 4868 1846 4957 θ)
1900 4868 2297 4942 confutatae
2351 4873 2550 4941 sunt:
2605 4868 2728 4961 qui
2782 4868 3032 4942 navale
3088 4866 3422 4940 solatium
3452 4867 3536 4958 ⁷),
3595 4889 3731 4960 qno
3785 4867 3956 4961 ipse

846 4989 1245 5082 Bognslans
1300 4987 1697 5080 Stolpensis
1750 4989 1914 5060 Dux
1969 5009 2057 5063 ex
2093 4988 2352 5062 Daciae
2383 4987 2448 5078 8)
2484 4988 2702 5082 Regis
2757 4985 3166 5062 assistentia
3218 4987 3530 5078 valebat,
3587 4987 3958 5064 infirmum

1063 5279 1115 5360 ¹)
1156 5280 1487 5360 Lnbowlya
1535 5275 1686 5344 Cod.
1731 5277 1924 5342 Rozr.
1973 5277 2027 5358 ἰ)
2072 5279 2466 5357 Krasnystaw
2515 5273 2666 5342 Cod.
2713 5273 2889 5342 Kost.
2937 5277 2992 5358 ³)
3037 5279 3302 5358 Pradnik
3351 5271 3504 5342 Cod.
3544 5275 3737 5342 Rozr.
3785 5273 3840 5358 ⁸)
3895 5289 3970 5345 ct

850 5383 1283 5445 conditionibus
1326 5385 1403 5444 iis
1444 5385 1735 5444 firmatum
1780 5383 2085 5444 conficitur
2154 5379 2307 5445 0001.
2355 5378 2547 5445 Rozr.
2619 5379 2675 5460 ⁸)
2715 5382 2832 5459 ipsi
2890 5377 3018 5445 Ed.
3065 5379 3246 5465 Lips.
3314 5377 3369 5457 ⁸)
3417 5381 3740 5444 Castellani
3785 5381 3968 5447 dicto

850 5481 977 5550 Ed.
1022 5481 1203 5568 Lips.
1252 5483 1306 5567 ⁷)
1349 5486 1633 5548 auxilium
1681 5481 1833 5550 cod.
1864 5482 2056 5548 Rozr.
2114 5483 2171 5566 ⁸)
2215 5491 2275 5548 et
2317 5485 2550 5547 Daniae
2590 5483 2718 5548 Ed.
2763 5483 2944 5568 Lips.
