4342 6384
410 557 545 661 (Α.
586 560 677 635 D.
718 561 973 660 1442.)
1544 584 1772 639 nrm-:n
1822 582 2338 638 nuonncmus.
3360 562 3507 637 679

410 788 567 857 666,
626 768 1088 841 alienationes
1144 772 1213 841 et
1266 790 1721 861 quoscunque
1776 774 1977 842 actus
2031 771 2338 861 regales,
2393 769 2678 861 perinde
2734 790 2814 842 ac
2867 770 3208 842 Dominus
3247 774 3316 843 et
3353 770 3511 842 Rex

414 887 675 979 Regni,
732 889 1096 979 gubernet.
1152 889 1333 962 Item
1386 895 1468 960 ut
1520 910 1645 981 pro
1699 890 2037 981 impensis
2094 889 2404 978 (1616616,
2461 889 2752 980 quaein
2789 890 3274 981 prosequenda
3327 891 3502 963 6166-

410 1008 603 1079 11666
658 1008 745 1079 6(1
798 1008 1119 1099 Regnum
1174 1008 1581 1100 Hungariae
1636 1010 1832 1098 fecit,
1890 1015 2077 1083 terra
2124 1009 2614 1101 Sczepusiensi
2649 1029 2807 1081 cum
2846 1010 3168 1082 omnibus
3207 1010 3356 1082 suis
3395 1030 3505 1082 ca-

412 1127 613 1215 61116,
670 1127 1124 1216 civitatibus,
1184 1128 1459 1219 oppidis
1516 1134 1587 1201 61
1640 1128 1840 1201 villis
1906 1130 2147 1221 Regno
2213 1129 2546 1201 Poloniae
2608 1134 2944 1220 perpetuo
3014 1130 3508 1221 applicaretur.

411 1246 593 1319 Item
648 1252 729 1317 ut
784 1252 971 1319 terra
1034 1247 1301 1319 Slesiae
1366 1247 1551 1321 dotis
1614 1247 1893 1321 nomine
1950 1248 2023 1319 in
2078 1248 2402 1321 ducentis
2466 1248 2880 1321 florenorum
2938 1249 3256 1322 millibus
3313 1249 3508 1322 Wla-

412 1366 639 1437 dislao
702 1367 893 1459 3631-
948 1367 1469 1441 inscriberetur.
1538 1368 1720 1441 Item
1785 1374 1867 1440 ut
1930 1369 2015 1440 de
2068 1368 2222 1440 iure
2278 1373 2348 1440 et
2401 1368 2614 1440 titulo
2679 1374 3023 1441 terrarum
3087 1369 3389 1441 Russiae
3443 1374 3514 1443 et

414 1486 853 1574 Walachiae‚
912 1508 1087 1578 quas
1142 1488 1467 1579 Regnum
1504 1489 1839 1561 Poloniae
1877 1488 2028 1561 iure
2067 1488 2330 1579 optimo
2367 1488 2715 1579 possidet,
2773 1490 2974 1561 nulla
3014 1495 3262 1581 expost
3299 1492 3354 1577 1)
3393 1510 3510 1561 611-

412 1606 653 1678 6611611
688 1607 917 1697 possit
951 1606 1407 1697 ambiguitas,
1464 1608 1786 1699 Regnum
1840 1607 2246 1699 Hungariae
2301 1607 2450 1679 illis
2505 1613 2839 1698 perpetuo
2893 1630 3018 1699 pro
3074 1610 3314 1701 Regno
3372 1610 3503 1681 Po-

414 1725 645 1797 loniae
700 1726 972 1797 cederet
1026 1730 1097 1797 et
1148 1726 1608 1800 renuntiaret.
1678 1729 2041 1799 Postremo
2104 1732 2186 1799 ut
2248 1726 2688 1800 Wladislaus
2752 1729 2908 1800 Rex
2938 1726 3001 1816 ²)
3057 1729 3132 1800 in
3187 1729 3512 1819 Regnum

418 1844 824 1936 Hungariae
879 1846 1308 1936 succederet,
1366 1868 1533 1919 casu
1590 1869 1723 1939 quo
1778 1847 2155 1919 Ladislaus
2219 1847 2411 1919 filius
2465 1846 2747 1918 Alberti
2801 1853 2963 1920 ante
2999 1853 3297 1920 aetatem
3337 1848 3510 1941 legi·

418 1964 663 2037 timam
719 1970 842 2037 aut
897 1966 1049 2039 sine
1095 1968 1290 2057 prole
1347 1967 1741 2040 moriretur.
1800 1966 2104 2059 Optabat
2168 1968 2487 2057 insuper,
2554 1970 2636 2037 111
2700 1965 3104 2039 Kazimirus
3171 1968 3334 2039 Dux
3389 1968 3507 2039 Li-

416 2085 781 2173 thuaniae‚
837 2090 1209 2178 germanus
1264 2087 1647 2159 Wladislai
1699 2088 1948 2179 36316,
2008 2088 2300 2160 61161616
2355 2086 2574 2159 filiam
2613 2086 2983 2159 Elisabeth
3035 2088 3512 2178 desponsaret,

418 2210 489 2277 61
540 2227 665 2297 1116
720 2207 880 2279 (1616
934 2216 1215 2279 6661616
1270 2207 1527 2298 viginti
1580 2208 1809 2280 millia
1861 2207 1933 2279 in
1990 2207 2270 2279 florenis
2324 2205 2590 2297 paratis
2646 2206 3013 2297 acciperet.
3069 2208 3218 2278 Has
3274 2206 3510 2279 condi-

418 2324 647 2397 tiones
703 2326 837 2399 etsi
890 2326 1332 2399 Wladislaus
1385 2329 1541 2400 Rex
1597 2328 1868 2401 videret
1924 2326 2061 2399 sibi
2117 2332 2188 2399 et
2225 2328 2466 2418 Regno
2515 2347 2641 2397 suo
2679 2327 2920 2399 nativo
2957 2327 3291 2400 Poloniae
3331 2329 3512 2399 fruc-

418 2450 695 2535 tuosas,
752 2468 878 2519 nec
915 2448 1000 2519 ab
1040 2469 1277 2520 earum
1314 2448 1713 2540 acceptione
1761 2449 2194 2535 abhorreret,
2254 2446 2568 2519 Praelati
2603 2450 2839 2520 tamen
2875 2452 2946 2519 et
2979 2448 3274 2520 barones
3312 2449 3511 2519 Hun-

418 2566 687 2657 gariae‚
755 2567 878 2659 qui
940 2574 1143 2659 turpe
1210 2573 1279 2641 61
1342 2568 1665 2641 66616616
1729 2569 2076 2660 1111166661
2141 2568 2658 2641 coronationem
2721 2568 2936 2661 Regis
3002 2567 3381 2641 Wladislai
3445 2572 3516 2639 et

419 2688 659 2777 plures
716 2686 1191 2760 ordinationes
1253 2709 1376 2779 per
1440 2688 1604 2761 illos
1671 2691 1891 2761 166166
1954 2687 2351 2775 1611661611,
2409 2692 2480 2759 61
2531 2687 2607 2758 16
2661 2709 2983 2779 16636661
3039 2709 3156 2761 666
3216 2687 3509 2779 6631116-

420 2807 683 2879 tionem
748 2806 1018 2895 induci,
1086 2808 1493 2881 nullatenus
1558 2810 1937 2882 voluerunt
1998 2808 2071 2880 in
2126 2828 2366 2899 pacem
2432 2807 2694 2880 talibus
2759 2809 3211 2901 regulandam
3275 2807 3511 2879 condi·

422 2925 733 2999 tionibus
789 2926 1201 2999 consentire.
1260 2928 1559 3019 Propter
1612 2928 1795 3020 quod
1850 2948 2130 3001 necesse
2183 2928 2484 3000 habebat
2539 2927 2864 3001 Iulianus
2919 2928 3310 3001 cardinalis
3353 2927 3511 3017 plu-

419 3045 616 3117 ribus
687 3046 963 3119 vicibus
1034 3046 1118 3119 de
1172 3048 1375 3119 Buda
1429 3049 1504 3119 in
1575 3048 1972 3137 Iavrinum‚
2048 3052 2117 3121 61
2181 3047 2332 3119 vice
2403 3068 2606 3121 versa
2643 3048 3168 3140 'comportando
3239 3047 3510 3119 animos

422 3166 641 3257 Regis
679 3170 748 3238 et
784 3167 1127 3259 Reginae,
1169 3167 1242 3240 in
1279 3168 1455 3240 alias
1492 3170 1686 3259 pacis
1742 3168 2176 3241 conditiones
2233 3168 2548 3259 fatigari;
2607 3172 3020 3260 tantumque
3056 3168 3240 3241 idem
3278 3166 3511 3240 Cardi-

422 3286 608 3359 nalis
661 3306 787 3377 per
841 3308 1038 3359 suam
1095 3285 1695 3379 inter-positionem
1750 3293 2077 3380 operatus
2134 3292 2274 3377 est,
2331 3292 2413 3359 ut
2467 3288 2940 3360 Wladislaum
2976 3289 3240 3380 Regem
3281 3292 3516 3360 tenere

424 3408 861 3498 personalem
916 3408 1443 3481 conventionem
1474 3406 1535 3497 ³)
1592 3429 1748 3480 cum
1803 3408 2174 3481 Elisabeth
2226 3407 2502 3499 Regina
2536 3408 2610 3479 in
2647 3407 2930 3480 Iavrino
2969 3428 3299 3499 pro.pace
3355 3428 3516 3479 6611-

426 3523 789 3599 cludenda'
830 3527 1214 3600 induceret.
1290 3530 1511 3601 'Penta
1567 3532 1673 3601 est
1728 3532 1961 3601 autem
2026 3528 2427 3600 huiusmodi
2489 3527 2855 3600 conventio
2922 3528 2994 3599 in
3047 3527 3332 3599 Iavrino
3388 3547 3514 3617 pro

428 3647 541 3719 die
595 3648 891 3720 Sanctae
946 3647 1390 3736 catharinae,
1449 3649 1536 3720 ad
1593 3670 1799 3740 quam
1855 3670 2012 3721 cum
2067 3648 2506 3720 Wladislaus
2560 3648 2716 3721 Rex
2771 3668 2928 3719 cum
2983 3668 3236 3739 magna
3273 3646 3513 3718 multi-

428 3766 671 3840 tudine
725 3766 1207 3840 Praelatorum
1264 3773 1333 3840 61
1384 3769 1721 3841 6616611111
1784 3769 2153 3860 utriusque
2217 3768 2443 3861 Regni
2499 3767 2612 3839 sui
2665 3768 3008 3855 venisset,
3077 3788 3232 3839 cum
3288 3766 3515 3839 Elisa·

429 3885 602 3958 beth
653 3886 925 3979 Regina
978 3888 1052 3959 in
1109 3892 1336 3959 castro
1392 3888 1707 3977 Iavrino‚
1768 3888 1950 3980 quod
2006 3888 2161 3979 ipsa
2217 3888 2442 3961 verita
2497 3888 2734 3989 dolum
2779 3886 3024 3959 multis
3078 3886 3410 3961 Bohemis
3449 3891 3519 3959 et

432 4006 939 4079 Austrensibus
993 4007 1417 4097 muniverat,
1476 4009 1547 4081 in
1604 4010 1811 4082 stuba
1865 4008 2206 4082 castrensi
2260 4008 2536 4081 maiori:
2594 4008 2718 4081 ubi
2774 4008 2961 4080 datis
3016 4008 3287 4080 dextris
3332 4007 3514 4079 invi-

430 4146 578 4197 cem
633 4127 891 4199 notitia
944 4132 1299 4199 contracta
1354 4132 1739 4220 (nunquam
1797 4129 1981 4201 enim
2037 4129 2120 4201 de
2176 4128 2350 4201 facie
2404 4128 2542 4201 sibi
2588 4128 2739 4200 noti
2778 4130 3030 4216 erant),
3089 4128 3174 4200 de
3209 4147 3380 4218 pace
3415 4128 3517 4199 la-

427 4247 751 4319 boratum
808 4251 946 4335 est,
1004 4246 1283 4319 Iuliano
1333 4248 1686 4321 Cardinali
1724 4252 2005 4321 tenente
2040 4252 2278 4339 partes
2317 4247 2754 4335 mediatoris3
2813 4253 2883 4320 61
2921 4247 3204 4320 166(1616
3243 4250 3520 4321 favente

431 4368 607 4455 Deo,
666 4367 789 4459 qui
842 4369 1277 4443 concordiam
1343 4370 1511 4442 facit
1565 4369 1639 4441 in
1696 4369 2151 4456 sublimibus,
2217 4388 2358 4459 pax
2424 4367 2578 4458 ipsa
2635 4368 2824 4461 Rege
2880 4374 2950 4441 et
3002 4368 3276 4460 Regina
3328 4368 3518 4439 111116

431 4488 942 4577 666666116616,
1016 4488 1257 4580 aequis
1332 4488 1847 4561 conditionibus
1922 4488 2057 4560 fuit
2121 4490 2450 4561 conclusa
2523 4492 2591 4561 61
2644 4488 2718 4560 16
2775 4489 3070 4562 66616616
3133 4486 3520 4562 cathedrali

433 4607 832 4680 Iavrinensi
860 4609 923 4697 ⁴)
979 4629 1233 4701 organo
1289 4609 1693 4701 Hungarico
1750 4613 1819 4682 et
1872 4610 2204 4681 Polonico
2243 4613 2312 4681 et
2349 4608 2776 4681 Theutonico
2821 4608 3212 4699 publicata,
3269 4628 3518 4699 magno

431 4728 685 4819 gaudio
741 4748 978 4799 omnes
1034 4728 1473 4801 exhilarante
1504 4728 1587 4817 5).
1646 4727 1857 4800 Dedit
1910 4732 2143 4801 autem
2207 4727 2645 4800 Wladislaus
2708 4729 2865 4800 Rex
2920 4728 3232 4820 Reginae
3285 4726 3514 4799 Elisa-

430 4848 602 4920 beth
656 4869 1017 4920 munerum
1071 4848 1223 4919 loco
1264 4844 1577 4921 Schubas
1614 4848 1885 4939 aliquot
1920 4848 2400 4921 nobilissimas
2438 4848 2522 4922 de
2556 4847 2866 4939 pellibus
2906 4846 3304 4934 sabellinis,
3363 4845 3520 4937 ipsa

433 4991 597 5041 vero
653 4968 1045 5041 Wladislao
1101 4967 1281 5061 Regi
1334 4968 1606 5060 aliquot
1661 4969 2002 5059 spadones
2058 4967 2369 5040 donavit.
2425 4968 2525 5039 Ut
2579 4972 2811 5040 autem
2866 4968 3086 5040 maior
3141 4970 3376 5058 posset
3411 4965 3517 5038 in·

433 5094 543 5161 ter
598 5087 1067 5161 Wladislaum
1123 5088 1384 5179 Regem
1442 5092 1511 5160 61
1566 5088 1934 5161 Elisabeth
1985 5087 2329 5178 Reginam
2385 5087 2643 5159 nutriri
2688 5087 3026 5176 66611166,
3095 5088 3251 5161 Rex
3307 5084 3519 5177 Regi-

658 5362 699 5441 ¹)
744 5364 1123 5439 imposterum
1187 5358 1339 5424 Cod.
1384 5358 1561 5424 Kost.
1624 5360 1677 5445 ²)
1724 5362 1971 5439 ipseque
2028 5360 2394 5423 wladislaus
2444 5356 2570 5421 Ed.
2617 5356 2799 5443 Lips.
2861 5359 2914 5441 3)
2961 5359 3404 5423 conventionem
3451 5360 3529 5425 de

436 5484 587 5544 pace
628 5462 753 5527 Ed.
804 5462 982 5546 Lips.
1032 5462 1083 5541 ⁴)
1132 5465 1436 5526 lawr-iensi
1482 5462 1609 5528 Ed.
1656 5462 1835 5548 szps.
1884 5462 1939 5544 ⁶)
1985 5464 2294 5526 exhilarat.
2342 5460 2495 5527 Cod.
2540 5461 2717 5529 Kost.
