4342 6384
370 561 494 663 (Α.
537 561 628 636 D.
670 559 879 659 1411.)
1535 586 1762 638 runi-:R
1815 585 2288 637 unnncmus.
3317 566 3462 638 125

368 883 656 955 meolam
686 883 1049 973 Kurovsky
1081 884 1597 974 archiepiscopus
1629 884 2052 971 (lucanensis,
2084 886 2456 975 priusquam
2480 901 2554 956 se
2576 884 2734 974 nugi
2759 884 2840 955 de
2866 887 3095 975 stupro
3124 887 3458 975 purgaret,
3596 952 3608 961 .

724 1004 794 1075 in
837 1004 1074 1076 itinere
1121 1004 1389 1077 moritur
1407 1059 1424 1091 ,
1471 1022 1661 1094 opum
1703 1004 2151 1095 magnitudine
2198 1004 2560 1094 spectatior
2606 1021 2796 1095 quam
2840 1006 3112 1077 virtute.

575 1252 680 1324 De
733 1251 1044 1343 Iudborg
1079 1252 1133 1340 ¹)
1189 1251 1628 1324 Wladislaus
1685 1252 2016 1325 Poloniae
2071 1252 2228 1325 Rex
2284 1252 2356 1323 in
2414 1250 2697 1324 Vilnam
2736 1251 3134 1342 applicanS,
3193 1251 3465 1345 aliquot

375 1372 612 1445 diebus
645 1371 912 1445 exactis
941 1370 1014 1442 in
1044 1371 1422 1460 Poloczlm,
1464 1372 1714 1444 deinde
1742 1371 2177 1445 Withewsko
2200 1370 2286 1460 ²),
2330 1372 2766 1461 Smolensko,
2797 1373 3131 1463 posthaec
3159 1372 3233 1444 in
3262 1372 3467 1445 Krzi-

377 1514 550 1565 czow
571 1490 633 1582 ³)
673 1496 744 1565 et
780 1493 1046 1563 Zaslaw
1082 1492 1462 1582 processit3
1512 1513 1599 1565 ex
1637 1492 1904 1565 Zaslaw
1939 1492 2241 1565 navibus
2271 1513 2396 1583 per
2421 1491 2712 1564 fluvium
2750 1494 3037 1584 Dnyepr
3072 1497 3355 1581 vectuS,
3395 1493 3470 1565 in

375 1614 588 1705 Kyow
617 1611 1007 1699 descendit,
1060 1612 1464 1684 Alexandro
1519 1613 1712 1684 Duce
1765 1612 2014 1705 Magno
2070 1610 2495 1684 Lithuaniae
2549 1633 2706 1684 eum
2760 1633 2919 1684 cum
2974 1618 3295 1685 consorte
3342 1634 3470 1685 sua

377 1734 576 1804 Anna
601 1731 676 1803 in
704 1730 878 1803 locis
904 1732 1285 1822 praedictis
1315 1732 1723 1820 comitante,
1764 1736 1834 1805 et
1871 1754 2039 1805 suae
2069 1732 2453 1805 Serenitati
2490 1737 2699 1825 atque
2738 1732 2886 1805 suis
2915 1732 3465 1806 necessariorum

378 1856 444 1925 et
475 1852 812 1924 donorum
865 1856 1282 1943 procurante
1337 1852 1862 1925 abundantiam.
1919 1853 2030 1924 Ex
2078 1852 2324 1944 Kyow,
2392 1852 2793 1925 Alexandro
2831 1854 3024 1927 Duce
3060 1854 3311 1946 Magno
3348 1851 3467 1925 Li-

377 1971 701 2045 thuaniae
737 1971 890 2044 illic
925 1972 1208 2061 relicto,
1265 1972 2082 2071 processitawladislaus
2121 1972 2458 2046 Poloniae
2492 1973 2648 2046 Rex
2686 1993 2810 2065 per
2847 1974 3135 2065 Dnyepr
3171 1972 3245 2045 in
3282 1972 3467 2046 Ozir-

377 2094 606 2184 kaszy,
665 2091 1054 2184 Swiuigrod
1083 2092 1171 2181 ⁴),
1232 2093 1594 2180 Sokolecz‚
1653 2093 1990 2165 Karawul
2021 2092 2107 2181 5),
2168 2093 2547 2180 Braczlavr,
2606 2098 2675 2165 et
2728 2093 3009 2167 tandem
3048 2093 3123 2165 in
3160 2094 3467 2185 Kamye-

377 2234 584 2305 nyecz
637 2213 982 2304 pervenit.
1051 2213 1161 2284 Ex
1225 2213 1708 2305 Kamyenyecz
1775 2212 2170 2305 Leopolim,
2239 2212 2401 2286 inde
2454 2212 2529 2284 in
2584 2212 2919 2305 Glinyani
2982 2212 3275 2300 accesit,
3334 2235 3469 2304 quo

376 2332 510 2405 iam
549 2333 952 2405 Alexander
987 2334 1284 2427 Magnus
1321 2335 1485 2405 Dux
1523 2332 1977 2421 Lithuaniae,
2035 2332 2617 2426 quemadmodum
2656 2334 2841 2407 inter
2874 2335 3139 2427 Regem
3196 2338 3266 2406 et
3312 2355 3469 2405 eum

377 2453 791 2526 tractatibus
848 2452 1134 2525 secretis
1199 2457 1650 2542 convenerat,
1709 2454 1796 2525 ad
1853 2452 2198 2545 agendum
2254 2474 2569 2527 severum
2620 2454 2705 2527 de
2742 2453 3033 2527 Nicolao
3072 2454 3471 2545 Kurowsky

378 2573 764 2647 Gnesnensi
819 2573 1374 2665 archiepiscope,
1433 2574 1638 2666 quasi
1691 2573 1766 2645 in
1819 2574 2114 2666 Regiam
2179 2574 2619 2647 Maiestatem
2680 2574 2883 2667 gravi
2938 2572 3234 2661 offensa,
3303 2574 3469 2646 soli-

377 2693 652 2767 citando
681 2694 744 2783 ⁶)
801 2694 1075 2765 Annam
1131 2692 1472 2786 Reginam
1527 2693 1612 2767 de
1668 2699 1944 2784 stupro,
2002 2694 2383 2767 secundum
2422 2693 2731 2767 eiusdem
2770 2694 3085 2787 Reginae
3138 2694 3469 2767 assertio-

377 2836 564 2903 nem,
630 2813 1080 2906 deliquisset,
1147 2812 1487 2887 iudicium
1552 2813 1859 2887 advenit.
1935 2814 2305 2885 Praefatus
2369 2818 2603 2887 autem
2668 2813 3006 2887 Nicolaus
3070 2815 3465 2906 Kurowsky

379 2934 806 3007 Gnesnensis
871 2932 1469 3026 archiepiscopus,
1537 2934 1702 3005 dum
1757 2932 1829 3005 in
1888 2932 2225 3025 Glinyani
2294 2932 2383 3004 ad
2436 2932 2776 3007 iudicium
2837 2933 3244 3006 huiusmodi
3310 2934 3472 3007 sub·

378 3056 682 3127 eundum
733 3054 1168 3146 procederet,
1236 3075 1322 3127 ex
1377 3076 1580 3142 casu,
1651 3074 1857 3144 quem
1911 3053 1986 3125 in
2040 3054 2434 3142 Krzeczow‚
2491 3054 2735 3145 lapsus
2789 3054 2875 3125 de
2930 3074 3140 3145 equo,
3198 3058 3472 3125 contra-

378 3180 610 3262 xerat,
667 3174 744 3247 in
797 3176 1202 3267 languorem
1269 3174 1616 3262 incidens,
1683 3174 1768 3247 de
1829 3173 2195 3246 Dominico
2258 3173 2334 3245 in
2388 3173 2639 3266 vigilia
2692 3172 3118 3246 Nativitatis
3178 3174 3475 3246 Sanctae

377 3293 669 3382 Mariae,
727 3294 1114 3386 Ropczicze
1167 3294 1490 3375 veniens,
1547 3298 1748 3367 nocte
1805 3293 2378 3385 superveniente,
2436 3291 2892 3367 confessionis
2949 3293 3297 3365 duntaxat
3346 3294 3469 3366 Sa·

378 3419 730 3487 cramento
783 3415 1121 3503 refectae,
1179 3414 1362 3487 diem
1418 3413 1628 3501 obiit,
1687 3418 1758 3487 et
1813 3413 1886 3485 in
1942 3413 2293 3487 Gnesnam
2346 3415 2649 3501 relatus,
2709 3412 3223 3486 ecclesiasticae
3258 3412 3473 3485 tradi-

375 3536 496 3605 tus
552 3538 660 3607 est
713 3538 876 3607 ante
931 3533 1124 3606 chori
1161 3534 1557 3627 ingressum
1597 3534 2025 3625 sepulturae.
2083 3532 2221 3605 Hic
2256 3554 2545 3625 magnas
2585 3553 2751 3624 opes
2786 3532 2863 3606 in
2900 3553 3099 3621 aure,
3158 3537 3473 3625 argente,

373 3653 703 3744 gemmis,
763 3654 1047 3742 castriS,
1103 3652 1444 3745 praedii8‚
1502 3652 1734 3740 villis,
1791 3651 2132 3725 mittendo
2188 3651 2624 3743 frequentius
2668 3672 2885 3724 naves
2951 3672 3157 3724 carne
3212 3656 3283 3724 et
3328 3653 3472 3723 fru-

377 3779 614 3845 mento
679 3777 1000 3846 oneratas
1054 3773 1127 3846 in
1183 3773 1622 3861 Flandriam,
1653 3818 1656 3821 ·
1689 3793 1814 3864 pro
1884 3772 2221 3845 fratribus
2276 3775 2347 3843 et
2398 3772 2772 3863 nepotibus
2840 3771 2989 3843 suis
3044 3770 3475 3863 quaesierat:

377 3914 559 3983 quae
612 3898 834 3965 morte
871 3914 998 3965 sua
1037 3896 1306 3981 secuta,
1365 3894 1647 3965 fuerunt
1700 3913 1826 3984 per
1863 3893 2112 3964 fratres
2151 3896 2222 3965 et
2258 3891 2807 3984 consanguineos
2846 3912 3045 3979 sune,
3086 3895 3157 3963 et
3195 3890 3477 3984 signan-

377 4016 486 4085 ter
540 4033 664 4104 per
719 4014 1001 4085 fratrem
1057 4034 1263 4084 suum
1327 4032 1732 4104 germanum
1796 4014 2085 4085 Petrum
2139 4012 2557 4103 Kurowsky,
2624 4010 2796 4082 licet
2852 4009 3287 4083 Wladislaus
3340 4011 3478 4082 Po-

379 4132 617 4206 leniae
669 4134 826 4206 Rex
881 4131 968 4203 ad
1026 4132 1480 4205 obtinendum
1535 4154 1653 4205 eas
1708 4132 1980 4224 magnis
2046 4131 2414 4205 conatibus
2480 4130 2835 4217 adnitenS‚
2904 4130 3117 4202 etiam
3172 4134 3481 4203 castrum

377 4252 903 4345 Unyeoviense‚
963 4251 1038 4323 in
1093 4273 1228 4343 quo
1285 4251 1606 4324 conditae
1659 4256 1890 4339 erant,
1948 4251 2164 4323 misso
2220 4250 2536 4324 exercitu
2574 4250 2809 4341 (cuius
2848 4249 3191 4322 Nicolaus
3230 4250 3315 4321 de
3350 4248 3481 4320 Mi-

377 4373 650 4444 chalow
687 4372 1047 4464 palatinus
1087 4371 1676 4444 Sandomiriensis
1714 4375 1784 4444 et
1821 4370 2231 4462 capitaneus
2288 4369 2715 4443 Siradiensis
2753 4371 3001 4443 ductor
3038 4372 3219 4459 erat)
3256 4370 3479 4440 valla·

375 4490 598 4580 verit,
665 4496 1042 4582 occupatae
1097 4495 1168 4563 et
1222 4490 1624 4567 distractae.
1691 4492 1949 4563 Fertur
1980 4490 2040 4579 ⁷)
2095 4489 2663 4583 archiepiscopus
2726 4491 3119 4581 praefatuS,
3186 4488 3351 4560 dum
3406 4488 3481 4561 in

378 4609 721 4705 Glinyani
775 4612 1064 4682 vocatus
1118 4611 1552 4702 procederet,
1612 4632 1750 4683 non
1803 4610 2090 4703 ignarus
2145 4610 2233 4681 ad
2288 4632 2497 4702 quam
2550 4610 2889 4683 infestum
2943 4612 3014 4682 et
3052 4607 3479 4681 invidiosum

375 4735 706 4823 pergeret
759 4728 1095 4802 iudicium
1115 4785 1132 4817 ,
1189 4752 1328 4802 non
1382 4730 1710 4823 exiguam
1765 4728 1919 4801 auri
1975 4730 2443 4820 quantitatem
2482 4750 2717 4804 secum
2755 4729 3130 4817 detulisse,
3190 4748 3483 4801 evacua-

373 4854 624 4921 turum
695 4871 772 4923 se
843 4849 1165 4938 credenS,
1232 4849 1418 4922 datis
1472 4849 1880 4922 muneribus
1945 4849 2381 4943 insignibus,
2448 4849 2752 4923 directae
2816 4848 3187 4922 adversum
3242 4869 3317 4921 se
3372 4868 3483 4919 ac-

603 5140 652 5220 ¹)
693 5140 958 5202 Indbork
1007 5136 1158 5205 Cod.
1205 5136 1382 5203 Kost.
1447 5137 1496 5219 ²)
1543 5138 1880 5216 Vithepsko
1929 5133 2081 5201 Cod.
2127 5136 2321 5202 Rozr.
2385 5136 2437 5219 ³)
2480 5140 2755 5201 Kriczow
2803 5133 2956 5200 Cod.
3002 5135 3181 5199 Kost.
3245 5134 3301 5216 ⁴)
3347 5138 3489 5198 Swi-

373 5246 638 5322 mugi-od
694 5240 847 5307 Cod.
909 5242 1088 5307 Kost.
1137 5240 1192 5325 ⁵)
1237 5244 1522 5305 Karawo}
1571 5238 1722 5307 God.
1769 5240 1945 5307 Kost.
1995 5240 2048 5324 ⁶)
2095 5243 2447 5307 solicitando
2492 5242 2771 5305 videlicet
2819 5236 2971 5303 Cod.
3016 5238 3209 5303 Rozr.
3262 5237 3313 5319 7)
3348 5242 3488 5301 Fer-

375 5354 508 5431 tur,
561 5348 717 5427 quod
763 5344 890 5409 Ed.
941 5344 1119 5433 Lips.
