4342 6384
855 529 1006 601 170
2047 546 2275 601 unna
2324 547 2785 603 unnncnms·
3417 526 3553 629 (Α.
3592 527 3686 604 D.
3726 525 3957 628 1414.)

867 734 1202 807 Prussiae
1271 733 1561 808 Henrici
1617 734 1702 806 de
1753 735 2034 808 Plawen
2095 756 2321 827 nuper
2390 735 2479 808 ab
2534 735 2761 808 officio
2813 733 3117 828 depositi
3184 755 3589 828 germanus,
3666 735 3961 808 Marsal·

868 859 1034 927 catu
1087 858 1158 927 et
1209 854 1362 946 ipse
1413 853 1747 926 Prussiae
1761 911 1779 942 ,
1835 872 2040 946 quem
2095 856 2311 926 tratre
2364 854 2803 947 principante
2857 859 3208 943 tenuerat,
3264 859 3522 928 exutus
3539 910 3557 943 ,
3614 856 3707 926 ad
3762 877 3961 927 suam

872 975 1386 1048 Excellentiam
1403 1030 1422 1062 ‚
1478 974 1840 1046 Pruseiam
1895 979 1968 1048 et
2019 973 2409 1048 Cruciferos
2464 975 2837 1067 effugiens,
2901 974 3333 1063 devenisset,
3400 981 3473 1048 et
3524 995 3601 1048 se
3666 976 3744 1048 in
3798 997 3965 1047 suae

869 1094 1314 1166 necessitatis
1377 1099 1448 1168 et
1509 1093 1712 1166 exilii
1777 1093 2078 1166 articulo
2151 1114 2193 1166 a
2246 1095 2439 1188 Rege
2502 1094 2577 1166 in
2630 1093 3043 1167 familiarem
3114 1100 3186 1166 et
3246 1095 3637 1168 curiensem
3694 1094 3965 1186 suscipi

867 1213 1267 1287 humillime
1320 1214 1738 1306 flagitasset:
1797 1213 2239 1285 Wladislaus
2292 1214 2449 1286 Rex
2502 1213 2791 1286 comiter
2842 1235 2921 1286 eo
2976 1217 3267 1305 excepto
3320 1219 3393 1285 et
3428 1213 3695 1305 optime
3748 1215 3837 1287 de
3890 1234 3963 1286 se

869 1353 1146 1422 sperare
1201 1333 1426 1422 iusso,
1493 1333 1698 1404 illum
1765 1332 1915 1404 suis
1973 1331 2441 1405 familiaribus
2502 1339 2575 1405 et
2628 1331 3069 1406 curiensibus
3124 1339 3567 1421 annumerat,
3634 1339 3709 1406 et
3760 1333 3963 1406 annis

867 1452 1116 1524 multis
1167 1452 1374 1524 illum
1430 1452 1504 1524 in
1560 1452 1756 1524 curia
1809 1471 1940 1522 sua
1993 1451 2491 1544 largitionibus
2544 1451 2959 1524 liberalibus
3032 1456 3409 1524 tractatum
3474 1459 3546 1526 et
3598 1453 3961 1546 provisum

869 1571 1134 1658 tenuit;
1205 1571 1410 1643 cuius
1464 1571 1676 1643 etiam
1731 1571 1957 1658 fideli,
2015 1571 2088 1642 in
2143 1570 2649 1643 cruciferorum
2706 1571 3233 1660 exterminium,
3302 1573 3379 1646 in
3432 1574 3695 1646 futuris
3752 1593 3959 1665 expe-

867 1690 1254 1763 ditionibus
1309 1690 1748 1782 frequentius
1802 1690 2243 1762 Wladislaus
2279 1691 2437 1762 Rex
2490 1710 2699 1781 opera
2752 1712 2925 1762 usus
2980 1697 3111 1764 est.
3176 1693 3287 1765 Ex
3324 1695 3488 1765 Buk
3522 1691 3963 1766 wladislaus

867 1809 1024 1882 Rex
1063 1809 1134 1880 in
1161 1809 1438 1882 Kosten
1473 1809 1826 1900 pervenit:
1866 1809 1988 1882 ubi
2021 1811 2074 1898 ¹)
2103 1830 2146 1881 a
2174 1809 2443 1882 Slesiae
2480 1809 2793 1882 Ducibus
2813 1807 2899 1898 2),
2934 1811 3249 1884 cunrado
3286 1813 3559 1884 seniore
3596 1811 3961 1885 Oleschni·

868 1928 1092 2012 censi,
1148 1927 1563 2002 Wenceslao
1601 1928 2015 2021 Zeganeuei,
2073 1929 2453 2001 adventum
2502 1950 2705 2000 suum
2760 1927 2835 2000 in
2890 1930 3160 2002 Kosten
3192 1928 3255 2020 ³)
3316 1931 3833 2023 operientibus,
3896 1937 3963 2003 et

870 2047 1205 2138 quaedam
1261 2047 1556 2120 iniurias
1611 2047 1818 2120 terrie
1873 2047 2021 2120 suis
2077 2068 2164 2120 ex
2201 2048 2537 2120 Poloniae
2584 2049 2827 2140 Regno
2880 2046 3121 2120 illatas
3174 2050 3480 2124 rescindi
3534 2050 3959 2143 petentibuS,

866 2172 1179 2258 rogatus,
1219 2171 1446 2240 certos
1471 2169 1789 2256 barones,
1827 2169 2135 2240 facturos
2174 2167 2522 2240 iustitiam
2562 2173 2634 2241 et
2660 2169 3039 2259 depravata
3074 2173 3529 2258 correcturos,
3566 2169 3959 2260 deputavit.

867 2286 977 2357 Ex
1017 2286 1288 2358 Kosten
1322 2307 1446 2378 per
1481 2287 1750 2373 Srzem,
1791 2286 2074 2374 Srzoda,
2113 2285 2445 2378 Pyszdri,
2492 2287 2793 2378 Slupcza
2826 2287 3209 2375 transiens,
3247 2288 3361 2360 die
3398 2288 3770 2361 Dominieo
3806 2293 3961 2379 post

869 2405 1126 2477 festum
1181 2405 1629 2478 visitationis
1685 2405 1982 2478 Sanctae
2017 2407 2279 2479 Mariae
2308 2407 2373 2494 ⁴)
2428 2406 2753 2497 pervenit
2806 2406 2881 2477 in
2934 2407 3298 2494 Wolborz‚
3354 2427 3491 2498 quo
3546 2407 3689 2479 iam
3746 2407 3961 2478 totius

869 2523 1101 2616 Regni
1137 2525 1472 2598 Poloniae
1527 2524 1962 2599 exercituum
1999 2525 2239 2616 copiae
2292 2529 2535 2598 contra
2570 2523 2929 2598 Prussiam
2983 2546 3433 2616 processurae
3468 2529 3959 2598 convenerant.

869 2884 1263 2956 'ladissaus
1315 2883 1458 2955 lex
1520 2901 1664 2955 cu
1719 2883 1976 2974 ingenti
2047 2886 2343 2956 exercitu
2400 2885 2663 2956 'isla-
2720 2887 2989 2974 superat
3004 2941 3023 2971 ,
3088 2885 3449 2957 ruthenos
3514 2903 3958 2976 amatura,

871 3005 1256 3094 legatosque
1318 3020 1533 3075 eorum
1550 3058 1568 3089 ,
1641 3003 1880 3075 bonu
1937 3005 2273 3094 legatione
2336 3021 2511 3077 vana
2569 3008 2868 3076 avertere
2940 3005 3284 3094 sapienta
3298 3061 3317 3091 ,
3390 3005 3536 3076 sine
3602 3023 3725 3094 spe
3784 3006 3960 3095 pacis

2278 3123 2573 3196 dimittit.

1077 3363 1365 3433 Movens
1419 3360 1658 3453 itaque
1721 3360 2161 3433 wladislaus
2226 3360 2559 3432 Poloniae
2621 3362 2777 3433 Rex
2842 3382 2930 3434 ex
2982 3359 3313 3433 Wolborz
3378 3365 3643 3448 eastra,
3712 3360 3959 3432 iisdem

868 3503 1048 3573 pene
1101 3481 1418 3570 stativis,
1494 3481 1753 3571 quibus
1814 3481 1890 3552 in
1953 3481 2297 3572 praelium
2360 3501 2687 3572 magnum
2764 3480 2941 3552 itum
3014 3481 3151 3552 fuit
3180 3479 3265 3568 5),
3340 3480 3695 3552 utebatur.
3770 3480 3961 3552 Circa

871 3601 1272 3674 Zakroezim
1327 3605 1560 3672 autem
1613 3600 1704 3672 ad
1757 3601 2062 3672 Wislam
2119 3599 2413 3671 fluvium
2464 3599 2915 3689 pervenienS,
2972 3601 3058 3672 ab
3112 3599 3517 3672 Alexandro
3564 3599 3962 3671 Withawdo

871 3722 1064 3793 Duee
1133 3721 1386 3812 Magno
1456 3717 1911 3806 Lithuaniae‚
1985 3741 2141 3790 eum
2214 3717 2555 3811 potentiis
2628 3718 2779 3790 suis
2848 3718 3325 3806 Lithuauieis,
3398 3718 3825 3791 Rutbenicis
3894 3722 3963 3790 et

871 3839 1298 3912 Thartaricis
1381 3838 1536 3910 illic
1608 3838 1747 3910 iam
1811 3838 2269 3926 consistente,
2346 3838 2419 3910 in
2482 3837 2593 3910 die
2662 3837 2904 3911 Sancti
2967 3837 3212 3910 Alexii
3274 3842 3611 3929 exceptus
3666 3843 3801 3910 est.
3872 3838 3962 3908 Et

872 3959 1040 4030 lieet
1091 3979 1267 4049 pons
1329 3957 1607 4030 navalis
1673 3957 1759 4028 ad
1823 3958 2283 4049 superandam
2348 3957 2651 4030 Wislam
2724 3957 2937 4030 fuerit
3002 3957 3361 4030 ordinatus
3433 3962 3505 4029 et
3566 3961 3959 4043 extructus,

873 4083 1138 4150 aestate
1174 4084 1424 4150 tamen
1477 4077 1637 4164 illa,
1711 4077 2146 4168 largissimas
2212 4077 2545 4149 fundente
2606 4077 2921 4168 pluviae,
2985 4076 3271 4150 flumine
3332 4076 3577 4149 inflato
3641 4082 3715 4150 et
3775 4076 3961 4167 ripas

873 4196 1280 4282 excedente,
1349 4217 1528 4286 pons
1591 4200 1875 4292 propter
1934 4217 2156 4286 aquae
2220 4197 2764 4270 excrescentiam
2834 4197 3245 4269 nullatenus
3310 4195 3495 4267 intra
3563 4195 3721 4285 dies
3786 4203 3959 4282 octo,

874 4316 1090 4388 donec
1139 4315 1511 4388 refluerent
1565 4336 1786 4406 aquae
1840 4317 1914 4388 in
1943 4316 2006 4404 ⁶)
2060 4315 2287 4407 ripae,
2344 4319 2620 4407 poterat
2673 4315 3045 4406 explicari:
3118 4317 3301 4388 intra
3353 4335 3531 4407 quos
3586 4315 3963 4407 cogebatur

874 4435 1226 4508 exercitus
1288 4433 1660 4507 universus
1724 4433 1802 4506 in
1864 4435 2070 4507 terris
2134 4435 2487 4507 Masoviae
2550 4435 2957 4508 subsistere.
3032 4435 3263 4507 Wisla
3326 4435 3606 4507 tandem
3682 4434 3965 4506 flumine

875 4559 1234 4646 superate,
1308 4554 1581 4645 quartis
1645 4553 1930 4625 stativis
1993 4554 2082 4625 ad
2145 4560 2368 4626 terras
2430 4555 2728 4626 hostiles
2790 4559 3199 4644 perventum
3264 4559 3402 4642 est,
3466 4541 3552 4625 'et
3604 4554 3963 4628 exercitus

875 4675 1221 4747 ordinatio
1275 4674 1428 4746 fieri
1481 4678 1748 4764 coepta.
1805 4674 1976 4744 Erat
2029 4678 2261 4746 autem
2316 4673 2487 4745 adeo
2540 4674 2743 4746 fortis
2796 4678 2867 4746 et
2903 4694 3311 4746 numerosus
3366 4673 3757 4762 exercitus,
3798 4695 3959 4766 qua-

874 4795 1012 4866 lem
1066 4813 1290 4885 neque
1345 4792 1823 4883 superioribus
1877 4792 2477 4883 expeditionibus,
2532 4814 2757 4884 neque
2808 4798 2969 4883 post
3021 4792 3309 4880 habitis,
3364 4793 3631 4884 Regem
3686 4798 3959 4866 constat

874 4913 1234 5000 habuisse,
1291 4916 1373 4983 ut
1423 4906 1626 4983 milla
1679 4915 1954 4983 extaret
2000 4911 2227 5001 campi
2280 4911 2648 5002 planities,
2705 4911 2779 4983 in
2819 4912 3097 5002 qua-ad
3134 4896 3480 5003 integrum
3536 4919 3783 5001 posset
3818 4911 3961 4984 suis

877 5031 1158 5103 stativis
1205 5030 1716 5122 comprehendi.
1773 5031 2061 5102 Praeter
2119 5034 2365 5122 gentes
2419 5031 2604 5104 enim
2657 5031 2920 5123 regias,
2977 5051 3155 5123 quae
3206 5029 3292 5102 de
3328 5029 3663 5102 universo
3718 5032 3959 5124 Regno

1093 5293 1138 5372 ¹)
1186 5301 1478 5373 pervenit:
1529 5301 1631 5360 ubi
1677 5299 1904 5362 desunt
1945 5301 2018 5362 in
2067 5297 2217 5363 Ood.
2248 5297 2425 5363 Galv.
2474 5299 2527 5382 ²)
2572 5303 2839 5362 Ducibus
2882 5301 3159 5362 videlieet
3204 5295 3355 5362 Cod.
3400 5295 3601 5364 Rozr.
3650 5300 3707 5380 ³)
3754 5303 3965 5392 ibidem

884 5390 1034 5458 Cod.
1084 5393 1275 5459 Rozr.
1323 5397 1373 5478 ⁴)
1419 5402 1640 5463 Mariae
1685 5404 1948 5481 Virginis
1996 5398 2146 5465 Cod.
2180 5401 2371 5464 Rozr.
2420 5401 2473 5484 ⁸)
2520 5407 2665 5464 itum
2710 5409 2801 5464 est
2847 5399 2998 5467 Cod.
3038 5401 3230 5464 Rozr.
3276 5399 3331 5482 ⁶)
3378 5403 3533 5462 intra
3582 5399 3741 5466 cod.
3774 5389 3959 5465 szr.
