4342 6384
367 564 453 645 Α.
495 564 585 645 D.
631 564 882 670 1434.)
1480 589 1708 646 mmm
1759 588 2219 645 monemus.
3270 552 3416 647 535

326 778 830 872 Prodigalitate
885 782 954 851 et
988 799 1236 870 parum
1292 776 1731 852 considerata
1781 777 2190 871 largitione,
2249 776 2455 848 rebus
2491 776 2797 867 publicis
2852 774 3079 868 Regni
3118 778 3229 849 sui
3276 799 3417 850 non

325 898 552 971 minus
607 902 999 989 compertus
1056 904 1162 971 est
1217 899 1573 986 nocuisse,
1633 920 1840 989 quam
1897 896 2081 969 alius
2119 897 2177 985 ¹)
2236 895 2557 967 avaritia.
2632 894 2954 967 Venandi
3006 896 3415 987 cupiditate,

329 1037 548 1108 usque
591 1018 689 1089 ad
744 1016 1349 1109 reprehensionem
1415 1023 1485 1089 et
1539 1038 1773 1091 rerum
1835 1015 2277 1108 publicarum
2331 1015 2759 1105 neglectum,
2819 1014 3207 1088 studiosus:
3286 1018 3417 1090 fre-

328 1136 570 1228 quenti
624 1136 835 1208 etiam
889 1136 962 1208 in
995 1158 1120 1207 suo
1161 1142 1543 1228 conspectu
1598 1140 1752 1208 acto
1791 1133 2273 1209 delectabatur
2323 1132 2637 1225 petauro,
2695 1134 2832 1206 Per
2886 1134 3205 1226 singulas
3250 1136 3415 1209 heb-

327 1256 652 1328 domadas
706 1255 887 1329 diem
943 1254 1236 1328 Veneris
1311 1255 1487 1327 mira
1552 1255 1904 1328 abstentia
1975 1254 2049 1326 in
2111 1275 2291 1345 pane
2356 1258 2425 1326 et
2480 1275 2659 1344 aqua
2724 1254 3105 1327 ieiunabat.
3189 1256 3417 1328 Homo

329 1396 595 1466 semper
650 1375 956 1464 sobriuS‚
1013 1395 1139 1447 nec
1175 1374 1450 1462 vinum,
1492 1396 1618 1449 nec
1656 1375 1948 1447 siceram
2003 1373 2380 1465 aliquando
2416 1377 2736 1464 gustans.
2793 1374 3009 1445 Poma
3064 1378 3133 1447 et
3180 1395 3417 1448 eorum

329 1495 600 1568 odorem
654 1516 904 1587 magna
955 1515 1217 1567 nausea
1272 1494 1750 1583 execrabatur,
1816 1492 2019 1566 bonis
2075 1499 2306 1565 tamen
2373 1495 2444 1565 et
2498 1492 2833 1564 suavibus
2888 1493 3064 1584 piris
3138 1494 3415 1566 clande-

329 1614 509 1687 stino
567 1635 690 1687 esu
746 1614 1096 1686 utebatur.
1155 1613 1268 1684 Ad
1306 1634 1530 1686 mores
1589 1618 1659 1686 et
1714 1611 2195 1686 observantias
2250 1611 2630 1684 catholicas
2685 1632 2809 1703 per
2862 1612 3241 1705 Hedvigim
3278 1614 3415 1687 Re-

324 1734 556 1825 ginam
612 1732 872 1805 crebris
925 1732 1514 1805 instructionibus
1571 1732 1932 1820 inductuS,
1992 1731 2065 1803 in
2103 1731 2306 1804 festis
2354 1732 2697 1818 Paschae,
2755 1731 3238 1822 PentecosteS,
3278 1734 3413 1805 As-

329 1852 745 1944 sumptionis
802 1852 1098 1924 Sanctae
1163 1852 1424 1925 Mariae
1453 1851 1516 1942 2)
1582 1859 1652 1924 et
1704 1850 2129 1925 Nativitatis
2194 1850 2509 1939 Domini,
2578 1871 2772 1924 sacro
2804 1849 2866 1940 ³)
2932 1852 3417 1925 Eucharistiae

329 1971 770 2044 Sacramento
825 1973 1362 2061 procurabatur3
1421 1971 1541 2044 sed
1577 1971 1705 2043 illa
1760 1975 2063 2059 mortua,
2123 1992 2383 2043 morem
2428 1970 2634 2042 illum
2691 1970 2774 2042 ad
2813 1970 3097 2043 Natalis
3134 1971 3418 2043 Domini

327 2091 670 2162 duntaxat
725 2094 794 2162 et
847 2090 1155 2163 Paschae
1212 2091 1359 2165 dies
1413 2090 1807 2164 restrinxit.
1865 2091 2000 2163 Pro
2055 2092 2235 2163 festo
2290 2094 2522 2164 autem
2578 2090 2913 2179 Paschae,
2972 2090 3155 2182 quod
3208 2090 3414 2164 illum

327 2212 465 2283 fere
519 2231 643 2300 pro
700 2208 888 2281 omni
942 2208 1090 2281 vita
1129 2231 1254 2281 sua
1309 2210 1381 2281 in
1420 2210 1718 2282 Kalisch
1773 2230 1977 2303 agere
2015 2210 2493 2302 contingebat,
2550 2208 2853 2300 propriis
2907 2210 3230 2283 manibus
3269 2212 3414 2283 cui·
3462 2242 3473 2252 ·

327 2330 500 2402 libet
553 2329 877 2421 pauperi,
935 2349 1226 2420 quorum
1269 2329 1650 2401 multitudo
1705 2329 1857 2401 illic
1895 2330 2313 2417 confluebat,
2373 2351 2589 2400 unum
2624 2350 2944 2422 grossum
2980 2330 3207 2401 latum
3244 2330 3414 2402 Pra-

325 2469 604 2541 gensem
660 2448 744 2520 de
781 2447 1160 2539 marsupi0,
1219 2449 1401 2540 quod
1439 2451 1793 2542 gestabat,
1833 2450 2187 2541 erogabat.
2244 2448 2450 2522 Feria
2490 2448 2736 2540 quinta
2773 2470 3053 2541 magna,
3112 2448 3415 2541 singulis

325 2568 560 2654 annis,
619 2566 993 2639 duodecem
1045 2588 1431 2658 pauperum
1485 2568 1693 2658 pedes
1767 2567 1842 2638 in
1896 2566 2217 2639 cubiculo
2282 2590 2441 2656 suo,
2514 2566 2757 2659 paucis
2814 2567 3209 2655 secretariis
3266 2568 3416 2641 suis

325 2686 656 2773 consciiS,
715 2685 1072 2774 abluebat,
1133 2690 1203 2759 et
1241 2686 1531 2760 cuilibet
1584 2687 1959 2759 duodecem
1995 2707 2307 2780 grOSSOS‚
2365 2707 2669 2777 pannum
2728 2691 2796 2759 et
2837 2688 3051 2760 telam
3087 2687 3411 2760 donabat.

326 2808 412 2880 In
466 2805 776 2879 moribus
830 2806 1069 2896 gravis
1126 2810 1194 2879 et
1249 2806 1666 2899 singularis;
1740 2827 1866 2878 nec
1921 2810 2188 2893 vesteS,
2245 2826 2373 2879 nec
2426 2806 2787 2896 cultellos,
2842 2827 2970 2879 nec
3023 2805 3165 2879 alia
3218 2826 3413 2892 vasa,

325 2948 370 2998 a
421 2946 800 3017 quoquam,
837 2924 999 2998 'nisi
1053 2926 1138 2997 ab
1194 2926 1345 3013 ille,
1403 2925 1518 2998 cui
1574 2925 2048 2999 commendata
2103 2930 2324 3014 erant,
2382 2926 2746 2998 attractari
2798 2926 3271 3018 permittebat.
3328 2925 3414 2998 In

325 3045 757 3117 orationibus
815 3049 886 3117 et
938 3065 1243 3138 genuum
1307 3045 1728 3119 flexionibus
1781 3044 2127 3137 prolixus
2202 3045 2287 3118 In
2342 3046 2685 3137 promisso
2750 3050 2818 3119 et
2872 3046 3197 3118 concluso
3254 3065 3412 3117 con-

327 3170 524 3237 stans
582 3168 651 3237 et
704 3165 966 3251 fidelis;
1025 3168 1166 3236 tam
1206 3186 1332 3236 sua
1388 3186 1593 3257 quam
1631 3165 1967 3237 baronum
2022 3166 2298 3239 decreta
2360 3166 2680 3260 abrogari
2734 3169 2857 3237 aut
2910 3163 3198 3254 variari,
3267 3164 3408 3237 uisi

323 3286 744 3359 necessitate
796 3288 920 3356 aut
985 3284 1296 3358 utilitate
1360 3306 1610 3377 magna
1671 3291 2060 3376 premente,
2127 3307 2379 3376 passus
2444 3308 2580 3357 non
2636 3288 2774 3375 est,
2841 3305 3017 3376 quae
3074 3284 3283 3358 etiam
3339 3283 3414 3355 111

324 3406 806 3478 executionem
860 3404 1197 3477 deducere
1235 3404 1561 3477 studebat
1590 3404 1678 3494 ⁴).
1735 3405 2164 3495 Pauperum,
2207 3406 2682 3495 orphanonum
2739 3408 2809 3476 et
2846 3403 3216 3476 viduarum
3253 3424 3413 3475 cau-

325 3546 474 3613 sae,
532 3524 667 3598 etsi
729 3544 853 3615 per
916 3544 990 3595 se
1056 3523 1296 3596 audire
1361 3528 1432 3596 et
1496 3523 1822 3615 expedire
1887 3544 2024 3595 non
2077 3526 2384 3615 poterat,
2460 3523 2621 3596 aliis
2686 3528 2920 3596 tamen
2981 3522 3185 3596 bonis
3241 3521 3416 3594 viris

323 3642 805 3717 committebat
861 3643 1350 3735 expediendas,
1409 3644 1766 3716 Certarum
1803 3642 2415 3734 superstitionum,
2473 3664 2645 3734 quas
2685 3664 2839 3716 eum
2890 3642 3172 3734 quidam
3229 3662 3412 3714 asse-

321 3767 492 3836 runt
547 3784 632 3837 ex
687 3764 868 3835 bona
922 3784 1131 3835 causa
1195 3763 1673 3850 continuasse,
1739 3768 1810 3835 et
1865 3784 2038 3854 quas
2103 3763 2307 3835 illum
2374 3766 2593 3836 mater
2647 3784 2805 3851 sua,
2871 3762 3054 3834 ritus
3120 3760 3413 3835 Graeco-

321 3904 482 3955 rum
537 3882 826 3969 femina,
885 3884 1326 3956 asserebatur
1356 3882 1416 3971 5)
1473 3882 1930 3972 instruxisse,
1990 3889 2313 3957 sectator.
2373 3884 2461 3956 In
2496 3883 2840 3957 reddendo
2879 3887 3120 3954 mutuo
3172 3884 3416 3973 gratus

323 4007 401 4076 et
455 4022 693 4075 verax.
749 4001 1094 4094 Prodigus
1151 4002 1372 4094 magis
1429 4024 1637 4093 quam
1692 4004 1964 4094 largus,
2025 4003 2335 4096 singula,
2393 4023 2568 4094 quae
2621 4002 2875 4075 habere
2928 4005 3235 4093 poterat,
3294 4000 3416 4073 sed

321 4126 398 4195 et
453 4121 684 4213 Regni
749 4121 858 4194 sui
924 4120 1360 4213 amplissima
1432 4121 1769 4210 dominia,
1845 4122 2195 4195 militibus
2271 4121 2419 4195 suis
2492 4122 2849 4215 erogabat,
2924 4122 3148 4192 multo
3210 4121 3417 4212 plura

319 4240 668 4333 largiens,
727 4262 933 4332 quam
989 4241 1125 4314 sibi
1180 4262 1578 4314 reservans:
1644 4263 1932 4333 parvam
1987 4241 2302 4315 habendo
2361 4242 2433 4314 in
2488 4241 2846 4335 largiendo
2902 4240 2989 4312 ad
3042 4239 3295 4313 merita
3347 4244 3417 4313 et

319 4359 796 4433 conditionem
851 4360 1209 4434 hominum
1267 4361 1910 4434 considerationem.
1987 4361 2498 4435 Universitatis
2554 4360 3031 4435 cracoviensis
3096 4363 3165 4433 et
3226 4360 3413 4450 psal-

320 4479 735 4553 teristarum
790 4480 863 4552 111
919 4480 1214 4576 ecclesia
1268 4480 1740 4569 cracoviensi,
1799 4502 1954 4554 cum
2011 4480 2316 4573 Hedvigi
2371 4480 2674 4572 Regina;
2740 4480 2909 4553 item
2964 4478 3415 4552 monasterio-

319 4620 522 4686 rum,
584 4598 877 4687 Sanctae
934 4600 1283 4693 Brigittae
1337 4600 1410 4671 in
1467 4601 1726 4673 Lublin
1783 4605 1852 4673 et
1908 4600 2146 4672 Sancti
2188 4600 2496 4691 Spiritus
2532 4583 3251 4673 Praemonstratensis
3307 4619 3413 4670 or-

321 4716 519 4792 dinis
574 4716 647 4789 in
705 4720 1043 4806 Sandecz,
1112 4719 1284 4793 item
1347 4720 1642 4792 Sanctae
1696 4720 1954 4793 Mariae
2022 4720 2094 4791 in
2150 4722 2383 4794 Arena
2444 4724 2607 4792 ante
2663 4718 3093 4807 Cracoviam‚
3144 4700 3416 4822 'ordinis

317 4837 898 4926 Carmelitarum,
957 4838 1124 4911 item
1182 4838 1514 4912 ecclesiae
1578 4838 2000 4930 parochialis
2065 4840 2386 4932 Corporis
2443 4839 2703 4913 Christi
2759 4839 2831 4910 in
2887 4836 3283 4925 Casimiria‚
3344 4836 3442 4909 in-

315 4958 718 5051 regularem
775 4958 1271 5031 Canonicorum
1329 4959 1570 5031 Sancti
1606 4960 1995 5052 Augustini
2034 4961 2440 5047 translatae,
2500 4960 2845 5032 fundator.
2904 4958 3301 5031 Castrorum
3350 4962 3419 5030 et

317 5076 702 5151 civitatum
758 5099 1071 5166 suarum,
1130 5078 1564 5170 aliorumque
1620 5079 2122 5168 aedificiorum,
2182 5101 2429 5173 parum
2473 5078 2703 5151 iustus
2755 5077 3096 5169 provisor,
3153 5082 3235 5148 ut
3268 5078 3415 5169 ple—

1013 5250 1156 5259 ——a-

548 5351 592 5430 ¹)
639 5353 790 5413 alius
835 5334 1127 5429 quispiam
1185 5348 1336 5415 Cod.
1382 5348 1575 5415 Rozr.
1648 5352 1702 5432 ²)
1748 5354 1807 5414 S.
1853 5355 2076 5415 Mariae
2119 5354 2383 5431 Virginis
2448 5349 2599 5416 Cod.
2648 5349 2841 5415 Rozr.
2912 5350 2965 5431 8)
3012 5348 3421 5445 Sacratis'simo

312 5453 458 5521 Ed.
507 5452 688 5537 Lips.
736 5451 789 5533 ⁴)
839 5456 1099 5515 curabat.
1158 5452 1308 5516 Ood.
1343 5452 1533 5518 Rozr.
1587 5454 1641 5535 ⁵)
1684 5457 1966 5517 asseritur
2014 5451 2166 5519 cod.
2200 5453 2390 5518 Rozr.
3089 5446 3101 5457 “
3426 5450 3433 5457 ’
