4342 6384
330 567 463 667 (Α.
496 567 586 641 D.
629 563 880 665 1440.)
1502 585 1727 639 mann
1778 581 2292 638 Dnonnonms,
3275 565 3420 639 647

330 780 516 848 stare
572 795 644 848 se
708 775 1186 866 adstringunt,
1261 795 1387 846 nec
1450 793 1757 864 unquam
1822 793 1899 844 eo
1974 771 2256 844 vivente
2320 771 2546 842 filium
2602 772 3052 862 posthumum
3119 773 3422 863 Alberti‚

330 895 744 968 Ladislaum
810 895 1141 968 videlicet
1178 896 1233 984 ¹)
1300 897 1736 981 coronatum,
1812 895 1935 964 aut
1965 890 2027 980 2)
2085 911 2565 984 quemcunque
2621 891 2839 962 alium
2893 913 3017 982 pro
3075 893 3263 984 Rege
3318 916 3422 967 re-

329 1019 771 1107 cognoscent.
829 1015 981 1087 Hae
1035 1014 1283 1087 literae
1337 1035 1463 1105 per
1517 1011 1899 1104 Sbigneum
1955 1011 2390 1084 Cardinalem
2447 1015 2516 1084 et
2555 1011 2955 1103 episcopum
3010 1011 3420 1086 Cracovien-

329 1157 472 1208 sem
540 1135 613 1206 in
668 1134 1031 1206 Poloniam
1096 1133 1367 1206 delatae
1432 1136 1501 1205 et
1564 1134 1893 1204 thesauro
1957 1131 2202 1204 illatae
2265 1131 2488 1223 regie,
2564 1131 2768 1204 fidem
2834 1131 3092 1204 facient
3165 1132 3247 1205 de
3312 1134 3425 1206 his

330 1253 685 1342 omnibus,
745 1274 921 1345 quae
978 1253 1456 1344 superioribus
1496 1253 1670 1325 locis
1702 1250 1765 1342 3)
1824 1255 2063 1324 notata
2102 1258 2299 1340 sunt,
2354 1251 2650 1325 cuilibet
2686 1251 3072 1342 dubitanti,
3133 1274 3426 1344 quarum

332 1381 637 1448 tenorem
692 1374 807 1447 hic
863 1374 1131 1467 placuit
1186 1374 1515 1446 inserere.

546 1494 674 1584 „In
738 1494 1014 1567 nomine
1086 1495 1383 1567 Sanctae
1447 1493 1815 1566 Trinitatis
1894 1497 1963 1565 et
2035 1492 2440 1566 individuae
2515 1493 2865 1581 UnitatiS,
2948 1494 3195 1566 Amen.
3279 1493 3426 1566 Nos

340 1615 726 1704 „Praelati,
812 1615 1152 1703 BaroneS,
1239 1613 1575 1702 ComiteS,
1652 1612 1948 1698 111111166,
2024 1633 2341 1704 proceres
2417 1617 2486 1684 et
2555 1613 2827 1685 nobiles
2902 1613 3121 1684 totius
3195 1613 3426 1705 Regni

345 1733 791 1826 „Hungariae
855 1755 1010 1806 cum
1076 1733 1557 1806 efficacissima
1622 1733 1957 1804 facultate
2023 1731 2594 1805 communitatem
2660 1731 2968 1805 eiusdem
3023 1753 3423 1824 repraesen-

342 1859 647 1944 „tantes,
706 1854 794 1925 ad
848 1857 1253 1945 perpetuam
1316 1853 1419 1926 rei
1482 1852 1906 1924 memoriam.
1992 1853 2294 1923 Multum
2361 1852 2544 1924 clare
2600 1851 2956 1944 cognitum
3021 1872 3248 1924 coram
3304 1873 3424 1924 no-

341 1974 553 2061 „stris
607 1977 881 2046 constat
935 1973 1357 2061 obtuitibuS,
1416 1973 2022 2064 praedecessorum
2077 1976 2472 2044 nostrorum
2529 1972 3028 2044 consummatis
3066 1974 3426 2064 hucusque

342 2094 815 2185 „temporibus
869 2093 970 2165 rei
1024 2093 1348 2184 publicae
1404 2092 1843 2185 diligentiam
1902 2097 1971 2164 et
2009 2092 2319 2164 eiusdem
2374 2091 2714 2165 utilitatis
2769 2113 3128 2183 operosam
3183 2092 3424 2165 adver-

344 2213 713 2303 „tentiam,
769 2214 901 2286 hoc
964 2213 1037 2285 in
1095 2214 1335 2305 Regno
1401 2212 1591 2284 felici
1658 2212 1876 2285 fuisse
1931 2215 2161 2284 actum
2220 2211 2539 2300 solertia,
2607 2215 2678 2284 et
2732 2233 2820 2284 ex
2877 2212 3190 2286 eiusdem
3245 2212 3423 2286 dire·

342 2332 613 2422 „ctione
668 2339 808 2404 tam
865 2331 1156 2425 provida
1210 2353 1417 2425 quam
1473 2331 1669 2421 utili,
1728 2353 1866 2403 non
1915 2353 2242 2423 parvum,
2300 2330 2438 2403 imo
2495 2332 2878 2404 maximum
2934 2333 3008 2406 in
3046 2333 3431 2405 christiana

341 2452 723 2544 „religione
777 2453 1209 2525 commodum
1266 2451 1601 2544 viguisse.
1688 2451 1877 2542 Quae
1933 2451 2067 2524 etsi
2121 2453 2560 2542 plerumque,
2621 2457 2701 2524 ut
2756 2457 3146 2544 temporum
3200 2457 3426 2524 muta-

340 2571 663 2664 „bilitate
716 2571 1009 2659 assolet,
1067 2593 1251 2644 nunc
1304 2570 1953 2663 impugnationibus
1991 2570 2325 2660 diversiS,
2391 2591 2578 2644 nunc
2631 2592 2795 2644 vero
2842 2572 3138 2645 aliorum
3179 2571 3426 2644 stimu-

342 2692 612 2781 „lorum
676 2690 1171 2764 iniectionibus
1236 2691 1310 2763 in
1367 2712 1439 2764 se
1496 2689 1851 2762 immissae
1907 2690 2357 2763 adversitatis
2415 2692 2864 2764 seminarium
2921 2692 3294 2783 pertulerit
3358 2697 3430 2763 et

344 2813 709 2900 „fortunae
763 2811 997 2882 variae
1050 2811 1443 2882 ventilabro
1499 2815 1854 2901 utcunque
1910 2809 2178 2902 agitata
2234 2811 2475 2900 fuerit,
2533 2833 2748 2903 aeque
2801 2817 3035 2885 tamen
3091 2811 3431 2884 successit

342 2952 467 3018 „ea
520 2951 643 3021 pro
701 2951 971 3021 semper
1000 2931 1064 3018 4)
1118 2931 1506 3002 animorum
1546 2929 1879 3002 identitas
1936 2934 2005 3002 61
2043 2931 2486 3002 voluntatum
2522 2937 2930 3023 recuperata
2975 2931 3426 3019 unanimitas,

344 3055 467 3140 „ut
519 3050 690 3122 haec
744 3048 930 3141 ipsa,
990 3071 1166 3141 quae
1221 3050 1375 3122 visa
1430 3054 1595 3122 sunt
1651 3050 2000 3122 interdum
2056 3050 2140 3121 ad
2180 3050 2532 3141 publicam
2589 3051 2973 3124 utilitatem
3022 3051 3427 3140 conducere,

344 3169 781 3260 „accuratius
837 3170 1144 3242 ordinari
1198 3175 1268 3243 et
1322 3169 1632 3261 disponi,
1689 3170 1819 3242 illa
1871 3191 2068 3258 vere,
2128 3191 2305 3260 quae
2360 3171 2746 3244 communis
2807 3171 3336 3244 nociturnitatis
3367 3171 3429 3259 5)

345 3294 458 3378 ,,61
514 3289 792 3362 dissidii
848 3289 1207 3362 materiam
1263 3289 1641 3362 immittere
1698 3289 1938 3382 agnita
1967 3294 2164 3377 sunt,
2221 3290 2708 3380 providentiae
2762 3291 3034 3363 sarculo
3091 3289 3432 3382 extirpari

346 3413 459 3498 „et
517 3409 728 3482 evelli
787 3409 1137 3482 solicitius
1191 3410 1645 3483 curabuntur.
1723 3409 1868 3500 Quo
1924 3414 2132 3501 pacto
2201 3415 2271 3482 et
2325 3431 2486 3498 nos,
2553 3411 2674 3502 qui
2727 3410 3201 3502 praesentium
3258 3416 3428 3483 tem·

344 3549 633 3620 „porum
698 3528 809 3601 die
882 3550 1162 3601 cursum
1228 3529 1515 3602 vitalem
1580 3528 2019 3617 deducimus,
2097 3535 2484 3621 opportune
2557 3530 2882 3602 arbitrati
2939 3551 3215 3619 sumne,
3273 3550 3430 3602 cum

347 3647 540 3739 „pari
596 3649 794 3720 modo
870 3653 937 3721 61
990 3671 1116 3740 1161
1168 3670 1293 3721 1163
1350 3649 1606 3721 mutari
1674 3669 1951 3740 operam
2006 3649 2288 3739 debere,
2358 3655 2706 3740 quatenus
2759 3671 2871 3723 res
2926 3649 3140 3722 huius
3205 3651 3434 3741 Regni

346 3773 459 3856 „et
512 3773 783 3856 nostra,
842 3767 1043 3841 iuxta
1098 3769 1579 3840 modernorum
1654 3768 2068 3860 qualitatem
2124 3768 2545 3861 agendorum
2615 3775 2685 3841 61
2740 3775 3161 3862 temporum,
3221 3769 3433 3842 sicuti

347 3886 679 3978 „provide
735 3888 837 3960 sic
892 3892 963 3960 61
1017 3888 1418 3976 salubriter,
1474 3889 1625 3981 regi
1688 3909 1767 3960 ac
1840 3888 1915 3960 in
1972 3888 2258 3976 melius,
2325 3893 2568 3962 autore
2622 3889 2950 3977 Domin0,
3008 3888 3218 3981 dirigi
3272 3911 3428 3980 pro·

347 4007 675 4098 „pensius
731 4013 1210 4101 cognoscatur.
1270 4009 1632 4100 Siquidem
1670 4012 1943 4080 mortuo
1998 4029 2221 4099 nuper
2275 4007 2467 4080 etde
2505 4010 2633 4081 hac
2687 4009 2835 4080 vita
2891 4009 3170 4082 sublato
3209 4031 3427 4100 quon-

348 4110 547 4217 „dam
602 4127 1089 4200 illustrissimo
1143 4129 1363 4200 bonae
1427 4128 1795 4201 memoriae
1857 4128 2187 4219 Principe
2251 4127 2547 4200 Domino
2611 4129 2904 4201 Alberto
2959 4130 3429 4202 Romanorum

346 4268 468 4336 „ac
522 4247 734 4318 huius
788 4247 1016 4339 Regni
1055 4249 1243 4340 Rege
1274 4249 1336 4337 θ)
1391 4249 1816 4337 immediate,
1875 4249 2037 4319 dum
2090 4247 2402 4339 generali
2457 4247 2530 4321 in
2567 4248 2856 4320 civitate
2903 4249 3212 4320 Budensi
3269 4269 3428 4320 con·

348 4366 792 4459 „gregatione
856 4367 1235 4454 celebrata,
1304 4373 1796 4460 cognoscentes
1862 4369 2186 4460 Regnum
2249 4369 2413 4456 hoc,
2491 4368 2674 4458 quod
2748 4366 3337 4459 impraetermisse
3369 4367 3430 4454 ⁷)

348 4487 850 4576 „plurimorum
914 4487 1343 4559 aemulorum
1419 4492 1488 4560 et
1552 4489 1921 4579 praecipue
1994 4509 2420 4581 paganorum
2487 4487 2941 4580 impugnatur
3004 4488 3429 4574 incursibuS,

349 4607 635 4698 „idoneo
709 4611 779 4680 ct
832 4606 1053 4679 habili
1109 4612 1372 4680 rectore
1444 4629 1673 4680 carere
1736 4629 1874 4679 non
1927 4629 2166 4699 posse,
2223 4608 2601 4699 missisque
2656 4607 3003 4679 communi
3070 4609 3434 4679 voluntate

349 4733 461 4816 „et
515 4747 803 4799 assensu
870 4731 1011 4798 tam
1079 4727 1561 4800 serenissimae
1625 4727 1975 4819 Principis
2013 4728 2376 4800 'Dominae
2431 4726 2794 4799 Elisabeth
2859 4727 3172 4819 Reginae
3229 4728 3427 4798 Hun-

350 4846 659 4938 „gariae,
733 4847 1027 4936 praefati
1103 4849 1445 4938 quondam
1513 4848 1793 4920 Domini
1858 4847 2133 4920 Alberti
2203 4847 2417 4940 Regis
2481 4847 2802 4934 relictae,
2877 4853 3086 4937 prout
3149 4847 3280 4918 hoc
3343 4867 3432 4918 ex

350 4966 620 5056 „literis
677 4965 825 5037 suis
854 4965 918 5055 ⁸)
973 4968 1157 5039 clare
1211 4973 1516 5057 constat,
1576 4989 1782 5060 quam
1839 4967 2049 5040 etiam
2105 4967 2414 5039 omnium
2468 4971 2864 5039 nostrorum
2921 4966 3007 5038 ad
3063 4967 3427 5040 serenissi-

557 5253 605 5336 ¹)
657 5257 796 5316 licet
844 5251 995 5318 Cod.
1041 5252 1220 5317 Kost.
1292 5255 1344 5333 ²)
1393 5275 1501 5316 nec
1549 5251 1701 5318 Cod.
1746 5253 1924 5318 Kost.
1974 5251 2031 5339 ³)
2077 5258 2254 5318 rebus
2303 5251 2454 5318 cod.
2506 5252 2682 5319 Calv.
2729 5253 2783 5336 ⁴)
2829 5276 2900 5316 66
2950 5274 3236 5333 prospera
3283 5251 3435 5319 Cod.

344 5357 478 5420 Lis.
524 5379 613 5438 ea,
658 5377 811 5434 quae
856 5377 1089 5435 semper
1131 5355 1257 5420 Ed.
1302 5355 1483 5441 Lips.
1534 5357 1587 5438 ⁵)
1632 5360 2049 5420 taciturnitatis
2099 5355 2251 5422 Cod.
2297 5358 2473 5420 Kost.
2507 5361 2858 5421 calamitatis
2908 5355 3060 5421 cod.
3098 5357 3229 5422 Lis.
3279 5357 3334 5438 ⁶)
3365 5379 3436 5420 ac

340 5461 535 5538 Regni
578 5463 751 5522 huius
796 5463 1137 5538 Hungariae
1185 5457 1335 5524 Ood.
1369 5459 1545 5523 Kost.
1606 5459 1657 5542 ⁷)
1704 5465 1979 5523 continue
2028 5459 2182 5525 Cod.
2227 5460 2362 5524 Lis.
2411 5462 2460 5542 ⁸)
2507 5465 2634 5524 eius
2683 5459 2835 5524 Ood.
2882 5459 3058 5526 Kost.
