4342 6384
369 586 504 688 (Α.
545 585 636 661 D.
676 583 906 685 1410.)
1529 608 1754 661 mnan
1805 609 2262 662 Unnncnms.
3310 590 3452 660 107

363 793 830 886 culpationem
885 812 1084 866 suam
1139 796 1349 885 atque
1401 792 1830 885 vituperium
1885 813 2094 865 manu
2149 796 2417 865 armata
2469 792 2858 885 purgaturi.
2918 792 3456 885 offerebantque

361 935 486 1005 pro
543 934 710 986 suae
761 912 1202 986 innocentiae
1256 912 1757 1001 declaratione,
1823 912 1897 984 in
1963 912 2501 985 distantissimis
2540 914 2593 1001 ¹)
2649 913 2826 986 locis
2892 913 3122 985 curias
3185 935 3459 1007 pugnae

365 1038 574 1125 atque
628 1032 882 1120 duelli,
940 1035 1275 1123 tanquam
1327 1032 1438 1127 hi,
1498 1032 1620 1123 qui
1674 1033 1910 1125 fugam
1966 1052 2161 1105 suam
2212 1032 2421 1104 aliter
2472 1032 2612 1104 nisi
2666 1031 3155 1124 arrogantibus
3210 1037 3281 1105 et
3324 1055 3452 1104 nu-

366 1152 473 1225 dis
527 1151 762 1225 verbis
814 1153 1186 1224 honestare
1237 1172 1376 1223 non
1429 1156 1782 1243 poterant:
1848 1152 2271 1223 Polonorum
2336 1151 2685 1224 militibus
2754 1172 2870 1225 eos
2933 1151 3007 1224 in
3063 1153 3454 1226 Alexandri

366 1270 579 1343 Ducis
633 1270 872 1363 Magni
923 1269 1378 1360 Lithuaniae,
1435 1270 1604 1344 item
1659 1272 1932 1343 Ducum
1987 1269 2369 1359 Masoviae,
2430 1270 2801 1359 Semoviti,
2865 1271 3179 1345 Ianussii
3214 1277 3283 1345 et
3320 1274 3455 1345 Bo-

365 1390 602 1479 leslai,
661 1390 895 1463 curias
950 1391 1438 1480 evocantibuS,
1506 1394 1576 1463 et
1631 1411 1902 1464 omnem
1953 1391 2455 1482 pollicentibus
2494 1389 2975 1479 securitatem3
3032 1390 3182 1464 illis
3221 1413 3258 1465 e
3297 1412 3455 1464 con-

365 1510 614 1598 trari0,
669 1509 1044 1598 Franciae,
1102 1510 1404 1603 Angliae
1459 1514 1529 1583 et
1566 1509 2100 1603 Hispaniarum,
2159 1516 2369 1603 atque
2417 1511 2484 1583 N
2492 1512 2767 1604 apuliae
2799 1509 2859 1600 2)
2916 1513 3188 1604 Regum
3224 1511 3453 1584 curias

364 1628 700 1703 Poloniae
753 1629 1102 1702 militibus
1158 1629 1715 1718 nominantibuS,
1772 1634 1853 1702 ut
1905 1630 2242 1723 pudorem
2297 1653 2501 1703 suum
2548 1631 3041 1724 qualicumque
3078 1633 3305 1705 colore
3344 1654 3452 1704 co-

365 1752 838 1823 honestarent.
897 1749 1082 1839 Quas
1139 1749 1277 1822 etsi
1328 1750 1661 1823 Poloniae
1716 1751 1979 1823 milites
2035 1755 2473 1843 acceptatum
2509 1750 2599 1824 iri
2636 1751 3081 1844 contigisset,
3137 1772 3275 1823 non
3314 1773 3455 1825 ser-

364 1872 649 1941 vassent
699 1872 936 1941 tamen
989 1868 1495 1941 cruciferorum
1551 1870 1993 1962 stipendiarii
2047 1872 2314 1958 oblata,
2374 1871 2494 1944 sed
2547 1892 2727 1943 novo
2785 1870 3259 1944 excusationis
3299 1873 3457 1946 fuco

367 1988 717 2081 opposito,
775 1988 906 2061 illa
935 1986 996 2079 3)
1051 1988 1552 2081 corrupissent.

978 2340 1199 2412 toloni
1245 2344 1464 2411 castra
1509 2341 1734 2413 Sthum
1779 2343 1850 2413 et
1893 2341 2153 2431 loteng
2198 2340 2533 2412 Gmciroris
2577 2341 2846 2414 dedunt.

570 2585 922 2660 Henricus
987 2586 1071 2659 de
1133 2586 1417 2659 Plawen
1477 2586 1810 2660 Prussiae
1883 2587 2220 2680 Magister
2289 2587 2849 2662 animadvertens
2912 2592 3203 2661 conatus
3272 2610 3461 2677 suoS,

370 2706 626 2799 quibus
682 2725 840 2777 cum
893 2705 1208 2779 exercitu
1266 2706 1880 2798 stipendiariorum
1936 2710 2006 2780 et
2053 2728 2338 2780 suarum
2392 2706 2708 2800 gentium
2763 2709 2987 2781 terras
3041 2708 3269 2801 Regni
3323 2710 3456 2781 Po-

367 2826 600 2898 loniae
652 2824 983 2898 invadere
1036 2825 1544 2915 destinaverat,
1609 2830 1896 2918 propter
1949 2828 2200 2900 fortem
2254 2831 2324 2900 et
2376 2829 2812 2899 constantem
2874 2828 3298 2899 Polonorum
3350 2849 3456 2901 re·

367 2944 768 3018 sistentiam
820 2943 1151 3019 recidisse
1203 2945 1278 3017 in
1335 2945 1649 3036 irritum,
1707 2946 2091 3019 exercitum
2129 2966 2217 3019 ex
2253 2945 2665 3019 Pomerania
2717 2967 3077 3037 amovenS,
3136 2947 3211 3019 in
3247 2948 3473 3043 Pras--

369 3065 544 3138 siam
599 3065 704 3136 ire
741 3063 1004 3156 pergit;
1061 3067 1130 3136 et
1168 3068 1473 3137 castrum
1511 3065 1764 3139 Sthum
1796 3066 1882 3156 4),
1942 3066 2127 3157 quod
2181 3088 2305 3157 per
2340 3066 2690 3140 Andream
2729 3067 3212 3159 Brochoczsky
3268 3072 3460 3139 tene-

368 3186 610 3273 batur,
681 3182 984 3271 obsedit,
1051 3184 1302 3256 damna
1363 3185 1676 3277 ingentia
1741 3190 1812 3259 et
1876 3187 2241 3276 continua,
2306 3186 2793 3259 infestationes
2859 3191 2929 3260 et
2982 3186 3342 3260 molestias
3376 3186 3461 3276 5),

368 3325 544 3395 quae
619 3308 848 3376 castro
912 3302 1514 3397 Marienburgensi
1576 3310 1864 3397 propter
1937 3306 2373 3379 vicinitatem
2447 3309 2691 3399 gentes
2752 3306 2987 3399 regiae
3049 3306 3462 3396 inferebant,

365 3444 460 3496 ex
511 3445 592 3498 eo
651 3442 1048 3495 aversurus.
1108 3423 1303 3513 Quod
1359 3423 1523 3505 dum
1577 3445 1702 3497 sex
1755 3424 2207 3497 hebdomadis
2263 3425 2594 3497 continua
2647 3425 3205 3519 impugnatione,
3262 3427 3464 3498 nulla

363 3563 492 3634 spe
545 3540 900 3615 molitioni
951 3542 1444 3633 respondente,
1501 3548 1862 3633 vexasset,
1920 3544 2250 3637 contigit,
2308 3566 2563 3618 casune
2618 3544 2959 3618 incertum
3015 3550 3123 3617 est
3177 3566 3266 3615 an
3320 3549 3461 3617 tra-

363 3663 713 3750 dimento,
771 3660 1021 3733 turrim
1059 3662 1274 3733 castri
1313 3661 1592 3735 maioris
1625 3664 1685 3753 θ)
1742 3684 1954 3755 supra
2005 3668 2279 3755 portam
2326 3664 2568 3749 sitam,
2636 3684 2794 3736 cum
2848 3664 3293 3755 pulveribuS,
3353 3669 3450 3737 te-

359 3782 494 3870 lis,
547 3779 1098 3873 propugnaculis
1155 3786 1226 3853 et
1280 3781 1740 3871 victualibuS,
1799 3804 1974 3874 quae
2027 3782 2101 3854 in
2157 3804 2239 3855 ea
2293 3783 2794 3872 condebantur,
2852 3783 3284 3875 conflagrari.
3350 3784 3460 3855 Ex

361 3921 508 3992 qno
560 3900 748 3992 apud
804 3900 1124 3973 obsessos
1179 3900 1662 3991 desperatione
1716 3901 1790 3973 in
1844 3902 1994 3974 dies
2050 3906 2432 3991 crescente,
2491 3903 2575 3976 de
2630 3907 2857 3974 castro
2913 3903 3259 3991 dedendo,
3324 3925 3464 3975 non

358 4019 580 4092 aliter
642 4018 1018 4091 imminens
1079 4018 1469 4109 periculum
1535 4020 1846 4110 evasuri,
1913 4025 2292 4093 tractatum
2359 4042 2515 4094 cum
2578 4021 2914 4113 Magistro
2978 4021 3255 4111 ineunt,
3321 4044 3458 4093 non

355 4160 572 4211 secus
626 4143 860 4211 tamen
913 4137 1153 4224 illum,
1219 4138 1361 4209 nisi
1425 4139 1615 4231 Rege
1679 4141 1999 4235 consulto
2064 4144 2134 4213 et
2188 4140 2471 4213 iubente
2534 4140 3105 4213 consummaturi.
3175 4142 3464 4213 Duobus

355 4258 611 4348 itaque
667 4256 1054 4345 militibus,
1110 4256 1478 4329 Kanimiro
1533 4262 1602 4330 et
1658 4257 1837 4349 Goly
1874 4258 2005 4329 Ian
2037 4259 2120 4347 ⁷),
2190 4260 2319 4331 sub
2370 4258 2693 4350 Magistri
2737 4259 3069 4331 Prussiae
3122 4280 3465 4332 consensu

352 4383 438 4451 et
497 4376 873 4464 conductu,
939 4375 1027 4447 ad
1088 4377 1351 4467 Regem
1414 4376 1489 4447 in
1552 4377 2229 4449 Iuniwladislaviam
2292 4377 2563 4467 missiS,
2636 4379 2792 4469 quis
2820 4376 2883 4467 ⁸)
2938 4377 3193 4451 infelix
3258 4400 3463 4451 casus

347 4497 439 4569 in
475 4496 539 4584 9)
591 4496 810 4567 turris
829 4498 928 4592 ,et
962 4497 1643 4587 propugnaculorum
1683 4497 2050 4570 exustione
2087 4497 2451 4585 acciderit,
2510 4498 2854 4589 qualeque
2892 4518 3008 4570 eos
3044 4497 3461 4588 periculum,

347 4616 426 4687 si
491 4614 816 4687 resistere
869 4619 1395 4705 perseverarent
1430 4616 1542 4705 1’),
1601 4621 1908 4703 maneat,
1975 4621 2357 4706 exponunt.
2426 4616 2890 4689 Permittente
2944 4620 3177 4689 autem
3233 4621 3302 4688 et
3354 4616 3461 4688 iu-

343 4736 580 4808 bente
629 4734 854 4826 Rege,
910 4732 1103 4824 pacti
1153 4733 1385 4825 prius,
1441 4739 1523 4807 ut
1561 4734 1661 4807 eis
1699 4756 1856 4807 cum
1911 4735 2143 4826 equi8‚
2203 4735 2417 4807 armis
2458 4739 2527 4807 et
2565 4734 2999 4826 quibuslibet
3052 4736 3296 4822 rebuS,
3354 4734 3460 4806 in-

591 5040 634 5121 ¹)
682 5044 744 5102 in
789 5042 1144 5101 distantibus
1194 5028 1346 5102 Cod.
1405 5038 1579 5107 Galv.
1630 5037 1682 5120 ²)
1726 5041 2058 5117 Neapuliae
2091 5035 2242 5102 Cod.
2275 5037 2467 5100 Rozr.
2518 5036 2573 5119 ³)
2619 5058 2720 5100 eas
2750 5036 2878 5101 Ed.
2909 5036 3091 5120 Lips.
3140 5036 3193 5118 ⁴)
3225 5040 3467 5100 Schtum

343 5140 532 5208 Cod.
563 5140 750 5205 Rozr.
797 5145 1016 5204 Tczow
1063 5138 1215 5205 Cod.
1261 5140 1438 5204 Kost.
1489 5140 1540 5221 ⁵)
1587 5144 1970 5203 contumelias
2019 5138 2169 5204 Cod.
2223 5137 2397 5203 C'alv.
2445 5139 2498 5220 ⁶)
2546 5144 2825 5202 maiorem
2868 5139 2995 5201 Ed.
3038 5139 3219 5224 Lips.
3271 5140 3323 5218 ⁷)
3356 5142 3464 5202 Oa-

337 5248 577 5310 simiro
621 5252 680 5307 et
722 5246 962 5307 Goliian
1010 5240 1162 5307 Cod.
1210 5242 1401 5307 Rozr.
1455 5244 1506 5323 ⁹)
1553 5264 1729 5322 quam
1779 5240 1929 5307 Cod.
1975 5242 2168 5307 Rozr.
2218 5242 2271 5323 ⁹)
2318 5264 2391 5305 ex
2435 5242 2560 5305 Ed.
2609 5241 2789 5327 Lips.
2847 5242 2923 5323 ¹⁰)
2954 5245 3469 5320 perseveraverint

341 5345 532 5414 Cod.
575 5345 766 5411 Rozr.
