4342 6384
867 553 1018 646 130
2043 589 2271 644 unns
2324 587 2781 644 11118110111118.
3410 561 3545 664 (Α.
3584 563 3675 640 D.
3713 561 3937 664 ¹412)

867 889 1254 960 wladislaus
1294 888 1435 960 11οι
1480 904 1519 959 a
1560 887 1804 978 legatis
1847 887 2236 977 Siginnnndi
2294 887 2653 978 llnngariao
2710 886 2904 975 nogia
2948 901 3327 975 persuasus,
3386 883 3799 972 Lnbovlran
3840 899 3937 954 vo-

864 1009 994 1081 nit:
1037 1008 1252 1099 ibique
1296 1007 1443 1080 dolo
1487 1007 1873 1097 sigismundi
1914 1007 2206 1093 illectos,
2264 1005 2678 1078 senatoribus
2718 1005 3108 1078 inconsultis
3121 1059 3139 1092 ,
3198 1006 3519 1076 secretu
3560 1003 3683 1074 sod
3724 1001 3939 1090 llogno

1717 1144 1834 1198 sno
1877 1126 2177 1199 roloniae
2222 1126 2647 1216 perniciosum
2690 1125 2819 1197 init
2860 1125 3107 1197 Mus.

1071 1371 1362 1464 Nuptiis
1399 1371 1614 1444 Ducis
1651 1368 1984 1444 Austriae
2039 1371 2359 1460 Asnesti,
2418 1377 2487 1445 et
2520 1371 2849 1464 gentibus
2892 1369 3073 1458 suis,
3131 1389 3307 1462 quae
3344 1369 3549 1440 illum
3584 1367 3941 1438 Austriam

869 1492 1362 1579 conducerent,
1404 1491 1785 1582 expeditis,
1834 1491 2271 1564 Wladislaus
2307 1490 2639 1564 Poloniae
2674 1491 2829 1564 Rex
2867 1511 2953 1562 ex
2991 1487 3321 1563 cracovia
3354 1488 3429 1561 in
3462 1485 3738 1559 Novam
3776 1487 3941 1558 San·

866 1613 1028 1684 decz
1082 1631 1235 1684 cum
1293 1611 1499 1683 Anna
1551 1609 1822 1702 Regina
1873 1613 2191 1682 consorte
2246 1630 2373 1680 sua
2424 1609 2786 1700 processit.
2843 1609 2935 1680 Et
2988 1607 3175 1697 11110,
3232 1605 3807 1680 convenientibus
3860 1606 3944 1678 ad

869 1751 1024 1803 eum
1081 1729 1433 1803 Semovito
1487 1730 1678 1802 Duce
1731 1729 2084 1802 Masoviae
2122 1729 2390 1802 seniore
2430 1732 2502 1801 et
2538 1728 2941 1800 Alexandra
2978 1731 3299 1800 consorte
3336 1749 3493 1815 sua,
3550 1726 3721 1799 item
3760 1728 3945 1798 Duce

869 1849 1194 1922 Boleslao
1249 1848 1633 1935 Masoviae,
1690 1849 1858 1920 item
1912 1849 2102 1920 Duce
2157 1847 2605 1940 Sigismundo
2659 1846 3016 1919 Koributh
3070 1845 3521 1934 Lithuaniae,
3579 1845 3749 1918 item
3804 1845 3943 1916 Du-

875 1969 1064 2041 cissa
1117 1966 1644 2040 Rathiboriensi
1697 1967 1996 2055 Helena,
2055 1971 2124 2040 et
2174 1967 2510 2040 baronum
2556 1970 2765 2057 atque
2812 1966 3117 2039 militum
3162 1965 3617 2038 multitudine
3678 1985 3945 2056 magna,

870 2088 1020 2159 dies
1075 2085 1533 2177 carnisprivii
1588 2085 1662 2156 in
1717 2085 1991 2158 solatiis
2047 2091 2117 2159 et
2169 2085 2532 2159 hilaritate
2580 2085 2837 2178 exegit.
2896 2084 3389 2179 sigismundus
3428 2088 3661 2158 autem
3698 2085 3945 2156 Roma·

871 2228 1117 2279 norum
1173 2210 1243 2277 et
1296 2204 1700 2299 Hungariae
1753 2205 1940 2294 Rex,
1999 2226 2084 2278 ex
2140 2206 2443 2294 foedere,
2501 2204 2574 2277 in
2630 2205 2814 2297 quod
2869 2203 3305 2277 wladislaus
3360 2204 3515 2276 Rex
3570 2225 3612 2276 a
3651 2203 3944 2276 Veneto-

869 2347 1026 2398 rum
1080 2324 1401 2396 Dominio
1457 2323 1945 2398 solicitabatur
1995 2325 2408 2396 firmandum
2426 2380 2443 2412 ,
2500 2345 2613 2396 res
2668 2345 2833 2398 suas
2888 2324 2962 2396 in
3018 2325 3333 2416 pericula
3387 2322 3655 2396 veritus
3691 2323 3945 2396 recisu-

870 2465 1016 2531 ras,
1074 2447 1144 2516 et
1196 2464 1282 2518 110
1337 2463 1377 2514 a
1429 2443 1700 2534 duplici
1755 2448 1824 2516 et
1878 2444 2043 2516 forti
2095 2446 2297 2517 hoste
2342 2465 2385 2516 a
2418 2447 2615 2536 tergo
2671 2448 2743 2517 et
2779 2464 2820 2515 a
2854 2445 3081 2516 fronte
3134 2443 3620 2534 impeteretur,
3676 2443 3949 2534 placa-re

872 2562 1011 2635 sibi
1073 2562 1404 2636 Poloniae
1466 2562 1726 2655 Regem
1793 2584 2225 2654 quacumque
2289 2568 2438 2635 arte
2502 2562 2840 2650 decrevit,
2906 2566 2978 2634 et
3015 2561 3069 2650 ¹)
3125 2562 3404 2634 Branda
3457 2561 3658 2633 tituli
3714 2558 3950 2634 Sancti

871 2681 1250 2754 Clementis
1305 2681 1720 2773 Presbytero
1777 2681 2160 2770 cardinali,
2218 2702 2296 2754 ac
2336 2681 2641 2755 Stiborio
2677 2683 2761 2755 de
2798 2679 3223 2754 Stiborzicze
3258 2681 3583 2752 Palatino
3620 2680 3947 2770 Transyl-

871 2801 1118 2873 vaniae
1148 2797 1234 2889 2),
1291 2799 1378 2872 ad
1431 2799 1900 2873 Wladislaum
1963 2802 2226 2893 Regem
2289 2800 2361 2873 in
2415 2801 2687 2874 Novam
2752 2801 3058 2874 Sandecz
3120 2799 3391 2888 1818818,
3455 2799 3947 2884 hostilitatem,

872 2940 997 3011 per
1049 2941 1257 3011 quam
1310 2918 1383 2990 in
1438 2918 1908 2991 Wladislaum
1944 2920 2204 3012 Regem
2242 2919 2663 3012 deliquerat,
2720 2920 2927 3011 longo
2967 2939 3282 2993 sermone
3320 2919 3780 3006 extenuabat,
3832 2937 3947 3008 pe-

873 3043 1030 3110 tens
1087 3057 1318 3110 secum
1374 3038 1614 3110 foedus
1667 3058 1923 3110 novum
1978 3043 2048 3111 et
2098 3043 2509 3130 perpetuum
2562 3039 2885 3130 componi
2938 3040 3010 3111 et
3058 3039 3495 3130 personalem
3550 3036 3949 3109 conventio-

875 3177 1032 3228 nem
1087 3155 1332 3229 teneri.
1389 3155 1501 3228 Ad
1556 3177 1762 3247 quam
1817 3157 2183 3230 tenendam
2220 3158 2621 3231 asserebant
2658 3157 3189 3250 Sigismundum
3228 3157 3493 3249 Regem
3532 3155 3795 3228 dudum
3832 3176 3955 3246 per

874 3274 1166 3348 barones
1230 3275 1627 3366 Regnorum
1689 3295 1813 3366 pro
1881 3275 1992 3348 die
2047 3275 2343 3348 Sanctae
2404 3275 2801 3362 Elisabeth,
2869 3297 3049 3348 anno
3104 3279 3457 3348 transacto
3498 3275 3587 3346 'in
3640 3274 3957 3365 Antiqua

877 3393 1054 3494 villa
1114 3393 1417 3466 indictae
1482 3393 1923 3466 conventioni
1985 3394 2410 3484 pariturum,
2476 3393 2551 3466 in
2614 3394 2958 3484 Sczepuss
2988 3391 3051 3483 3)
3114 3394 3481 3467 advenisse
3543 3399 3615 3467 et
3675 3394 3748 3466 in
3804 3415 3957 3466 eam

877 3512 1058 3584 diem
1111 3515 1456 3583 moratum
1511 3533 1684 3586 esse.
1742 3511 2130 3583 Wladislao
2169 3515 2402 3583 autem
2439 3512 2773 3584 Poloniae
2808 3513 3035 3604 Rege,
3094 3516 3165 3584 et
3218 3533 3414 3601 suaS,
3473 3513 3730 3604 quibus
3767 3533 3809 3584 a
3844 3513 3953 3584 Si-

873 3630 1244 3723 gismundo
1298 3632 1490 3723 Rege
1542 3630 1912 3704 lacessitus
1967 3633 2105 3719 est,
2163 3635 2587 3722 aggravante
2640 3630 2969 3719 iniurias,
3028 3636 3097 3704 et
3136 3632 3371 3704 fluxae
3406 3632 3571 3705 fidei
3606 3633 3957 3704 hominem

878 3749 1403 3841 Sigismundum
1457 3750 1717 3841 Regem
1765 3749 2180 3837 disserente,
2236 3749 2628 3822 cardinalis
2665 3754 2735 3823 et
2770 3750 3139 3824 Palatinus
3174 3750 3549 3843 praedicti,
3607 3750 3956 3823 dissiden-

874 3874 983 3941 tes
1038 3867 1305 3939 animos
1351 3867 1622 3959 Regum
1667 3867 2151 3956 composituri,
2210 3888 2395 3940 nunc
2451 3868 2689 3956 illum,
2754 3890 2939 3941 1111110
2991 3869 3241 3958 alium,
3308 3869 3507 3942 varia
3559 3871 3958 3960 frequenta-

877 3986 1067 4058 tione
1121 3985 1428 4057 adibant.
1485 3986 1632 4077 Quo
1685 3989 1990 4058 tractatu
2035 3987 2408 4076 pendente,
2466 3987 2845 4059 Wladislai
2882 3987 3098 4080 Regis
3134 3989 3517 4080 permissu,
3572 3991 3783 4060 Anna
3816 3988 3959 4060 Re-

877 4104 1045 4195 gina
1097 4103 1430 4176 Poloniae
1485 4103 1700 4175 variis
1753 4102 2075 4193 precibus
2113 4109 2185 4176 et
2218 4104 2449 4176 literis
2498 4105 2933 4197 sigismundi
2966 4106 3187 4198 Regis
3227 4113 3663 4199 expugnata,
3718 4106 3965 4179 visura

882 4220 1363 4294 consobrinam
1419 4241 1614 4293 suam
1669 4222 2078 4310 Barbaram,
2136 4223 2570 4316 Sigismundi
2622 4224 2841 4316 Regis
2895 4229 3318 4314 consortem,
3376 4245 3535 4306 cum
3590 4225 3966 4318 splendida

883 4344 954 4412 et
1005 4339 1302 4411 notabili
1355 4339 1682 4412 comitiva
1733 4340 2064 4413 Poloniae
2115 4341 2422 4413 militum
2476 4341 2549 4412 in
2604 4342 2954 4416 Kezmark
3006 4345 3331 4432 accessit,
3390 4365 3646 4438 magno·
3692 4347 3965 4418 honore

881 4463 1092 4549 atque
1147 4457 1484 4530 charitate
1536 4457 1752 4548 Regis
1808 4462 1880 4530 et
1931 4458 2242 4551 Reginae
2296 4465 2609 4551 excepta.
2677 4461 2959 4534 Interea
3020 4480 3233 4553 opera
3285 4463 3676 4537 Cardinalis
3734 4465 3961 4536 Bran-

883 4577 1010 4648 dae
1056 4580 1126 4650 et
1172 4574 1463 4649 Stiborii
1515 4575 1828 4647 Palatini
1856 4577 1919 4664 ⁴)
1976 4577 2407 4650 Wladislaus
2462 4579 2797 4652 Poloniae
2849 4580 3004 4652 Rex
3052 4581 3406 4670 devictuS,
3464 4603 3669 4674 agere
3706 4583 3779 4656 in
3813 4583 3967 4655 Lu-

883 4695 1152 4786 bowlya
1181 4694 1242 4783 5)
1299 4693 1548 4786 oppido
1603 4696 2034 4785 personalem
2090 4696 2427 4769 visionem
2482 4718 2638 4770 cum
2695 4699 3144 4791 Sigismundo
3182 4702 3373 4793 Rege
3409 4702 3785 4774 consentit.
3842 4703 3967 4774 Ad

885 4834 1092 4903 quam
1146 4833 1302 4886 cum
1357 4812 1659 4885 Sabbato
1718 4818 1878 4886 ante
1931 4815 2365 4888 Dominicam
2416 4815 2740 4906 Laetare,
2799 4819 3063 4892 habens
3118 4820 3191 4892 in
3248 4843 3373 4893 8110
3428 4819 3768 4893 comitatu
3820 4821 3967 4892 Bo-

884 4930 1178 5002 leslaum
1233 4929 1616 5018 Masoviae,
1673 4931 2196 5022 Sigismundum
2248 4933 2701 5024 Lithuaniae,
2758 4937 2987 5012 Duces
3042 4945 3112 5012 et
3164 4940 3647 5014 Praelatorum
3702 4960 3783 5013 ac
3833 4940 3965 5012 ba-

886 5069 1131 5118 ronum
1183 5048 1514 5120 Poloniae
1570 5049 2058 5140 frequentiam,
2117 5051 2547 5144 advenisset,
2605 5055 3101 5148 sigismundus
3137 5059 3609 5132 Romanorum
3648 5065 3720 5132 et
3754 5060 3968 5131 Hun-

1071 5313 1115 5392 ι)
1170 5317 1368 5392 itaque
1429 5311 1580 5379 cod.
1641 5315 1830 5380 Rozr.
1894 5317 1948 5397 ⁹)
2015 5319 2541 5397 Transylvaniensi
2598 5321 2725 5384 Ed.
2789 5322 2971 5408 Lips.
3032 5325 3085 5406 ³)
3140 5328 3485 5405 Scepusium
3556 5327 3709 5392 0001.
3766 5325 3973 5393 Rozr.

893 5414 946 5502 ἰ)
991 5417 1245 5476 Palatini
1289 5417 1847 5495 Transylvaniensis
1895 5416 2045 5482 cod.
2093 5419 2283 5484 Rozr.
2332 5421 2383 5504 ⁵)
2430 5425 2760 5504 Lubomlya
2807 5423 2957 5490 Cod.
3004 5429 3201 5493 Rozr.
