4342 6384
385 505 518 605 (Α.
558 506 649 581 D.
691 504 944 605 1440.)
1525 532 1752 584 mann
1803 531 2316 585 nuonncnms.
3334 517 3481 587 649

391 714 758 805 „Apostoli
816 720 888 788 et
923 715 1214 789 Patroni
1266 714 1524 803 nostri,
1581 716 1655 788 in
1693 718 1898 789 theca
1951 716 2206 809 capitis
2243 716 2703 809 reliquiarum
2758 718 3066 792 eiusdem
3120 722 3485 814 hueusque

394 836 660 921 „multa
717 835 1165 909 veneratione
1221 840 1664 924 conservata,
1718 836 2195 925 instituimus,
2246 836 2720 929 disposuimus
2769 842 2839 911 et
2877 838 3309 913 decrevimus
3364 842 3480 915 de-

393 954 594 1043 „bere
649 955 964 1029 coronari
979 978 997 1045 ;
1055 976 1264 1048 quam
1319 955 1834 1029 coronationem
1888 956 2000 1030 die
2052 955 2419 1046 hodierna,
2476 957 2803 1030 invocata
2849 959 3267 1050 suppliciter
3322 961 3479 1052 Spi-

394 1072 616 1163 „ritus
654 1074 895 1148 Sancti
948 1074 1210 1168 gratia,
1267 1079 1338 1148 et
1376 1074 1717 1165 eiusdem,
1777 1080 1857 1147 ut
1891 1075 2006 1168 pie
2043 1076 2422 1165 credimus,
2463 1076 2839 1165 instinctu,
2898 1100 3054 1151 eum
3089 1081 3488 1171 peractione

395 1194 724 1287 „publica
773 1200 846 1267 et
899 1194 1278 1267 manifesta
1333 1194 1643 1267 omnium
1697 1196 1982 1269 illarum
2021 1195 2642 1285 caeremoniarum,
2702 1219 2879 1290 quae
2934 1199 3022 1271 ad
3077 1200 3363 1272 eandem
3420 1206 3493 1273 et

395 1313 587 1403 „eius
647 1315 1026 1419 efficaciam
1082 1320 1152 1388 et
1207 1314 1699 1389 solennitatem
1753 1336 2161 1390 concurrere
2215 1317 2638 1407 debuerunt,
2696 1318 2943 1391 induto
2981 1321 3292 1410 praefato
3348 1321 3483 1392 Do-

395 1433 624 1523 „mino
677 1436 870 1529 Rege
906 1438 1147 1509 nostro
1184 1434 1336 1507 illis
1374 1435 1695 1509 omnibus
1730 1436 2160 1528 paramentis
2216 1441 2286 1511 et
2323 1436 2752 1510 indumentis
2792 1437 3238 1512 Sanctissimi
3274 1438 3484 1531 primi

394 1554 651 1647 „Regis
705 1555 963 1645 nostri,
1022 1558 1231 1647 atque
1269 1556 1527 1629 oblatis
1582 1555 1805 1630 eidem
1843 1578 1922 1629 ac
1959 1556 2283 1629 manibus
2324 1556 2473 1629 suis
2510 1557 2827 1647 traditis,
2865 1558 3125 1651 gladio,
3184 1563 3483 1651 sceptro,

393 1693 637 1765 „pomo
691 1696 772 1747 ac
826 1694 1027 1749 cruce
1081 1675 1457 1769 legationis
1522 1675 1835 1749 eiusdem
1902 1676 2144 1750 Sancti
2212 1676 2461 1770 RegiS,
2528 1698 2655 1751 nec
2717 1699 2856 1750 non
2920 1677 3083 1751 aliis
3162 1679 3483 1753 omnibus

393 1794 852 1883 „necessariis
908 1795 1170 1887 absque
1234 1795 1422 1868 omni
1482 1796 1794 1883 defectu,
1858 1800 2135 1888 praeter
2199 1798 2420 1870 solam
2484 1798 2837 1871 sublatam
2901 1819 3224 1872 coronam
3277 1822 3480 1892 prae-

391 1916 726 2003 „tactam,
759 1914 1055 1989 feliciter
1090 1916 1727 1990 consummavimus
1767 1920 1837 1989 et
1863 1923 2442 2009 praeconceptum
2479 1918 2764 2009 auspice
2793 1920 2938 1991 Deo
2977 1919 3395 1993 deduximus
3427 1922 3482 2010 ¹)

395 2034 522 2123 „ad
579 2034 930 2109 effectum:
1008 2037 1488 2126 decernenteS,
1554 2037 2093 2129 pronuntiantes
2159 2042 2231 2110 et
2285 2038 2719 2111 declarantes
2781 2060 2907 2131 per
2969 2040 3140 2113 haee
3196 2040 3481 2132 scripta,

395 2152 664 2245 „ipsam
718 2156 1115 2231 modernam
1169 2177 1491 2229 coronam
1547 2160 1616 2231 et
1653 2156 2205 2246 coronationem,
2264 2179 2536 2231 omnem
2589 2158 2790 2231 illam
2838 2159 3173 2231 virtutem
3230 2164 3301 2232 et
3338 2162 3483 2233 effi-

396 2273 730 2365 „caciam,
805 2276 1126 2369 illudque
1189 2277 1403 2350 robur
1461 2298 1588 2370 per
1660 2278 1892 2350 omnia
1957 2279 2211 2351 habere
2294 2283 2364 2350 et
2426 2279 2857 2369 habituram,
2928 2280 3073 2353 acsi
3126 2284 3488 2371 praetacta

395 2393 625 2484 „prior
679 2415 929 2469 corona
983 2396 1199 2490 capiti
1252 2397 1426 2470 dieti
1464 2396 1746 2470 Domini
1800 2397 2025 2470 nostri
2062 2397 2279 2491 Regis
2336 2397 2588 2471 fuisset
2625 2398 2989 2491 imposita,
3048 2402 3118 2473 et
3162 2420 3288 2490 per
3324 2420 3483 2472 ean-

395 2514 624 2603 „dem,
679 2516 832 2589 loco
887 2518 1285 2607 modernae,
1343 2518 1514 2590 haec
1567 2517 1724 2609 ipsa
1777 2517 2129 2590 coronatio
2188 2517 2443 2591 fuisset
2497 2518 2857 2610 expedita3
2934 2518 3036 2590 ita
3091 2519 3275 2610 quod
3330 2518 3487 2611 ipsa

396 2633 654 2725 „priori
709 2656 960 2710 corona
1014 2637 1333 2727 absente,
1391 2637 1527 2710 etsi
1583 2638 1820 2712 eadem
1873 2638 2270 2730 recuperari
2325 2659 2462 2710 non
2516 2638 2807 2729 poterit,
2878 2637 3102 2711 omnis
3158 2638 3361 2711 decor
3414 2645 3486 2710 et

397 2756 784 2845 „efficacia,
851 2779 930 2831 ae
985 2758 1349 2850 quodlibet
1413 2757 1887 2851 signaculum,
1945 2758 2355 2851 mysterium
2414 2762 2485 2832 et
2536 2758 2748 2831 robur
2802 2758 3113 2832 eiusdem
3178 2757 3250 2831 in
3305 2760 3485 2831 hanc

395 2876 835 2966 „modernam
905 2899 1226 2951 coronam
1296 2878 1826 2972 intelligantur,
1902 2882 1972 2952 et
2035 2879 2281 2950 harum
2351 2878 2529 2951 serie
2604 2878 2690 2950 de
2761 2878 3070 2949 omnium
3142 2882 3485 2966 nostrum,

393 3017 733 3088 „quorum
787 3018 1077 3071 coronae
1138 2997 1388 3071 merita
1454 2997 1838 3087 discutere,
1905 2999 2337 3090 probareque
2400 3002 2470 3071 et
2524 2998 2913 3089 improbare
2979 2998 3307 3085 interest,
3365 3019 3483 3069 vo-

395 3117 716 3205 „luntate
771 3123 1278 3211 cognoscantur
1333 3139 1485 3192 esse
1541 3117 1918 3207 transfusi3
1974 3118 2222 3191 dantes
2276 3116 2737 3191 nihilominus
2793 3122 2865 3191 et
2908 3118 3062 3210 pari
3117 3120 3483 3192 voluntate

395 3242 509 3327 „et
563 3238 838 3311 decreto
894 3238 1283 3313 tribuentes
1337 3240 1650 3331 praefato
1707 3239 2003 3310 Domino
2059 3246 2298 3311 nostro
2356 3260 2539 3311 nunc
2594 3243 2918 3312 coronato
2976 3238 3155 3331 Regi
3220 3237 3483 3329 plenis-

395 3357 689 3445 „simam
744 3357 942 3430 illam
998 3359 1404 3431 facultatem
1461 3364 1531 3432 et
1582 3358 1958 3450 potestatis
2013 3357 2525 3449 plenitudinem
2582 3358 2654 3429 in
2708 3358 3047 3431 faciendis
3101 3357 3352 3451 gratiis
3407 3378 3487 3429 ac

396 3477 934 3566 „donationibus
989 3482 1060 3551 et
1113 3477 1758 3552 confirmationibus
1812 3477 2207 3569 perpetuiS,
2266 3482 2335 3551 et
2390 3478 2478 3549 ad
2533 3482 2811 3569 tempus
2869 3477 3367 3550 collationibus
3417 3481 3488 3550 et

395 3597 906 3687 „locationibus
961 3599 1300 3671 honorum
1330 3597 1417 3689 ²),
1489 3597 1995 3671 officialatuum
2061 3601 2272 3689 atque
2336 3597 2862 3671 immunitatum
2928 3595 3349 3670 officialibus
3415 3602 3487 3670 et

398 3718 752 3807 „baroniis
783 3716 1068 3809 ‘Regni3
1123 3718 1292 3791 item
1346 3718 1422 3790 in
1476 3716 1928 3810 disponendis
1982 3717 2406 3808 praelaturis
2461 3738 2542 3789 ac
2576 3717 2934 3790 beneficiis
2991 3716 3486 3791 ecclesiasticis

398 3842 587 3928 „tam
641 3837 1022 3910 maioribus
1076 3859 1284 3929 quam
1340 3837 1762 3926 minoribus,
1822 3858 1901 3910 ac
1952 3838 2562 3929 recompensandis
2599 3838 2871 3911 meritis
2925 3837 3271 3925 fidelium,
3329 3836 3482 3929 qui-

397 3957 753 4047 „buslibet
807 3979 1079 4050 quoque
1133 3957 1535 4031 infidelibus
1591 3962 1663 4031 et
1696 3956 2183 4049 linquentibus
2214 3954 2300 4047 3),
2358 3958 2737 4030 secundum
2773 3957 3328 4049 uniuscuiusque
3366 3957 3481 4030 de-

396 4079 690 4168 „merita
742 4078 1203 4170 puniendum,
1269 4100 1395 4151 nec
1447 4099 1586 4150 non
1639 4078 1714 4149 in
1768 4077 2140 4166 faciendiS,
2200 4078 2649 4150 emendandis
2719 4082 2788 4151 et
2843 4076 3246 4151 exercendis
3300 4076 3481 4150 iudi-

397 4198 604 4289 „ciis,
662 4199 1280 4291 exercendumque,
1338 4198 1714 4290 agendum,
1772 4197 2211 4290 dirigendum
2271 4202 2340 4269 et
2378 4198 2927 4271 concludendum
2987 4196 3306 4271 omnibus
3343 4196 3481 4284 hie,

397 4340 620 4411 „quae
673 4319 761 4389 ad
814 4318 1040 4411 Reges
1095 4317 1500 4411 Hungariae
1575 4340 1739 4391 suos
1793 4318 2360 4409 praedecessores
2425 4324 2495 4390 et
2550 4339 2786 4391 eorum
2845 4319 3249 4391 facultatem
3314 4338 3481 4409 quo-

397 4439 853 4529 „modolibet,
929 4437 1430 4512 consuetudine
1505 4438 1866 4525 videlicet,
1935 4440 2058 4509 aut
2122 4438 2207 4510 de
2272 4438 2423 4510 iure
2494 4437 3013 4530 pertinuerunt,
3090 4436 3237 4511 acsi
3299 4437 3485 4509 idem

398 4561 756 4649 „praefata
807 4556 1024 4649 priori
1077 4579 1264 4631 nunc
1328 4559 1610 4631 sublata
1665 4578 1915 4631 corona
1969 4557 2254 4647 fuisset,
2333 4564 2413 4630 ut
2468 4558 2679 4630 moris
2745 4557 3021 4645 extitit,
3088 4561 3480 4629 coronatus

397 4676 944 4771 „Proposuimus
999 4680 1264 4767 tamen,
1321 4677 1482 4750 istis
1521 4678 1622 4752 sic
1660 4678 2036 4766 stantibuS,
2075 4678 2382 4750 ,eandem
2420 4677 2718 4769 priorem
2759 4698 3079 4751 coronam
3134 4699 3292 4751 cum
3328 4678 3482 4769 ipso

398 4797 739 4888 „Domino
792 4802 1031 4870 nostro
1070 4798 1259 4889 Rege
1297 4797 1726 4872 unanimiter
1779 4803 1926 4871 toto
1963 4817 2168 4889 posse
2225 4802 2295 4870 et
2332 4798 2520 4870 omni
2573 4796 2975 4890 diligentia,
3017 4796 3294 4890 cognito
3330 4798 3482 4871 loco

397 4917 991 5009 „conservationis
1047 4916 1389 5006 eiusdem,
1431 4918 1826 5009 exquirere,
1885 4923 2094 5010 atque
2132 4917 2341 4990 dante
2378 4918 2522 4990 Deo
2576 4938 3017 5009 recuperare;
3072 4916 3481 4992 adiicientes

397 5036 792 5129 „communi
857 5038 1257 5125 voluntate,
1333 5036 1516 5129 quod
1589 5036 1662 5109 in
1727 5059 1927 5126 casu,
2001 5058 2136 5129 quo
2204 5038 2439 5110 eadem
2504 5058 2755 5109 corona
2824 5037 3015 5129 prior
3078 5037 3483 5110 huiusmodi

397 5157 812 5251 „diligentia
848 5160 1122 5247 nostra,
1179 5159 1364 5250 quod
1400 5159 1589 5231 Deus
1628 5161 1931 5247 avertat,
1988 5156 2385 5248 recuperari
2420 5178 2558 5229 non
2595 5162 2865 5248 posset,
2925 5161 3183 5231 extunc
3238 5156 3482 5229 amodo

607 5412 652 5491 ¹)
699 5414 1084 5476 conduximus
1139 5412 1292 5477 Ood.
1338 5411 1514 5477 Kost.
1565 5414 1616 5493 Ω)
1663 5416 1946 5476 bonorum
1990 5412 2117 5476 Ed.
2147 5412 2332 5496 Lipa.
2381 5412 2433 5495 ³)
2479 5414 2954 5490 delinquentibus
2999 5410 3125 5475 Ed.
3171 5409 3353 5495 Lips.

442 5566 490 5610 J.
517 5564 712 5621 magon.
738 5564 862 5609 mut.
887 5564 1049 5610 Polou.
1075 5566 1128 5607 τ.
1155 5566 1236 5607 rv.
3101 5547 3172 5603 82
