4342 6384
405 585 540 686 (Α.
581 585 672 660 D.
716 584 924 686 1411.)
1607 612 1836 664 mann
1887 610 2348 664 unnncnms.
3353 592 3497 663 117

403 815 554 868 zam
593 794 650 884 ¹)
705 798 775 868 et
829 793 1104 868 Kunow
1159 795 1536 869 transitum
1591 796 1885 885 facienS,
1944 797 2016 870 in
2072 797 2409 890 Opathow
2462 797 2689 886 venit,
2746 818 2884 890 quo
2940 797 3079 870 iam
3118 796 3325 870 Anna
3362 797 3501 870 Re·

401 913 601 1007 gina,
649 914 954 988 reditum
1009 915 1292 990 Domini
1347 922 1416 990 et
1471 917 1686 1010 Regis
1727 922 1799 990 et
1834 917 2128 990 victoris
2165 923 2316 990 tum
2354 916 2656 1010 primum
2695 920 3107 1010 exceptura,
3166 921 3504 1009 sequente

405 1056 558 1108 eam
613 1037 822 1130 longo
878 1035 1118 1109 ordine
1175 1036 1644 1128 captivorum,
1703 1038 1825 1130 qui
1879 1059 2002 1130 pro
2053 1038 2166 1112 die
2206 1038 2447 1111 Sancti
2486 1037 2806 1126 Martini,
2860 1037 3503 1130 repraesentatione

405 1156 590 1248 apud
661 1156 1062 1230 Cracoviam
1129 1157 1340 1247 facta,
1407 1159 1495 1230 ad
1559 1159 1823 1251 Regem
1886 1157 2166 1232 remissi
2232 1163 2462 1246 erant,
2530 1159 2929 1232 advenerat.
2998 1159 3107 1230 Ex
3164 1158 3502 1250 Opathow

404 1277 566 1350 dato
621 1278 842 1350 altero
897 1277 985 1350 ad
1037 1278 1703 1369 repraesentandum
1767 1279 2096 1366 termine,
2162 1299 2289 1371 per
2351 1279 2605 1372 Lagow
2658 1283 2729 1353 et
2783 1280 3087 1371 Kyelcze
3143 1278 3217 1351 in
3272 1278 3501 1352 Rado-

407 1397 677 1471 schicze
739 1397 1186 1489 perveniens,
1251 1399 1452 1471 festis
1517 1399 2070 1491 Epiphaniamm
2136 1399 2288 1472 illic
2344 1399 2643 1488 exactiS,
2710 1402 2781 1472 et
2835 1401 3043 1472 Anna
3096 1399 3375 1493 Regina
3428 1397 3503 1470 in

405 1517 807 1592 Gracoviam
860 1517 1185 1606 remissa,
1243 1519 1740 1592 Pruthenicam
1797 1519 2311 1612 expeditionem
2368 1541 2455 1593 ex
2510 1520 2783 1612 integro
2830 1525 3149 1608 acturuS,
3206 1541 3331 1612 per
3369 1519 3501 1591 Su·

403 1639 626 1731 lyeow
653 1637 742 1728 ²),
799 1638 1234 1731 Pabyanicze
1289 1644 1360 1712 et
1412 1640 1866 1714 Lancziczam
1923 1641 1996 1713 in
2051 1642 2425 1731 Brzescze,
2482 1640 2557 1713 in
2594 1640 2709 1716 die
2748 1641 2989 1714 Sancti
3026 1639 3343 1714 Marcelli
3382 1639 3500 1711 ad-

405 1759 632 1832 venit:
701 1780 836 1852 quo
901 1759 1040 1832 iam
1105 1760 1306 1832 iussu
1371 1781 1498 1833 suo
1565 1759 1915 1833 exercitus
1971 1761 2056 1833 de
2109 1761 2317 1834 terris
2384 1761 2605 1834 totius
2670 1760 3004 1835 Poloniae
3059 1761 3287 1853 Regni
3340 1779 3501 1833 con-

404 1880 728 1953 fluxerat.
768 1880 1080 1953 Advenit
1117 1885 1186 1954 et
1223 1883 1554 1973 posthaec
1592 1881 1996 1954 Alexander
2031 1883 2192 1953 Dux
2224 1881 2521 1974 Magnus
2549 1880 2973 1955 Lithuaniae
3001 1902 3159 1954 cum
3190 1879 3503 1954 exercitu

405 2021 532 2073 suo
587 1999 1040 2088 Lithuanico,
1097 2021 1254 2073 cum
1310 2022 1446 2093 quo
1502 2001 1939 2074 Wladislaus
1993 2002 2148 2076 Rex
2206 2001 2281 2074 in
2317 2001 2431 2074 die
2469 2000 2957 2074 conversionis
3006 1999 3249 2074 Sancti
3294 1999 3503 2073 Pauli

406 2120 591 2212 apud
644 2120 969 2194 Veterem
1025 2120 1564 2194 Wladislaviam
1619 2121 1856 2214 copias
1895 2120 2287 2194 coniunxit.
2346 2121 2653 2212 Cumque
2691 2121 3129 2195 Wladislaus
3168 2119 3503 2194 Poloniae

406 2242 596 2328 Rex,
655 2263 937 2314 suorum
1004 2241 1561 2315 consiliariorum
1618 2242 2123 2316 deliberatione
2188 2243 2445 2330 fretus,
2512 2242 2729 2314 fluvio
2760 2241 2821 2333 ³)
2877 2241 3142 2330 Wisla,
3202 2241 3324 2334 qui
3380 2241 3501 2314 fri-

405 2381 570 2454 gore
625 2361 842 2436 nimio
895 2363 1174 2456 gelatus
1229 2362 1545 2454 superari
1600 2385 1738 2435 non
1795 2365 2077 2456 egebat,
2135 2363 2471 2450 transito,
2530 2366 2601 2436 et
2654 2383 2859 2454 quem
2915 2362 3053 2436 iam
3089 2363 3295 2455 plura
3332 2383 3501 2454 qua-

405 2483 762 2575 drigarum
816 2483 1324 2556 Polonicalinm
1371 2487 1664 2556 centena
1717 2483 2179 2572 transierant,
2236 2489 2461 2557 terras
2498 2483 2833 2556 Prussiae
2872 2483 3123 2576 spoliis
3160 2489 3233 2556 et
3268 2482 3501 2556 incen-

406 2603 578 2694 diis,
638 2609 707 2677 et
763 2603 1094 2696 oppidum
1152 2604 1629 2692 Thorunense,
1688 2604 1802 2678 cui
1841 2626 1916 2678 se
1955 2605 2295 2697 Magister
2339 2603 2673 2677 Prussiae
2710 2625 2867 2677 cum
2906 2603 3057 2676 suis
3094 2603 3501 2691 incluserat,

406 2725 674 2798 vallare
728 2724 1130 2797 statuisset:
1189 2746 1270 2799 ea
1325 2728 1558 2798 tamon
1611 2725 2142 2815 deliberatione,
2203 2725 2525 2817 quamvis
2582 2725 2881 2815 salubri,
2940 2723 3231 2812 omissa,
3289 2724 3503 2796 aliam

404 2867 718 2935 rursum,
775 2847 967 2918 Duce
1023 2845 1272 2938 Magno
1327 2846 1763 2934 Alexandm,
1823 2845 1896 2918 in
1949 2845 2143 2938 pacis
2200 2849 2387 2918 artes
2440 2845 2665 2937 magis
2703 2867 2910 2938 quam
2948 2845 3122 2919 belli
3159 2843 3498 2937 proclivo,

405 2965 823 3059 instigante,
882 2971 1229 3059 acceptat,
1288 2971 1358 3040 et
1413 2987 1500 3040 ex
1557 2966 2026 3040 Wladislavia
2090 2967 2166 3038 in
2219 2965 2604 3058 Przipusth
2632 2966 2725 3054 4),
2782 2965 3033 3040 abinde
3097 2986 3261 3038 vero
3318 2963 3497 3038 acie-

402 3088 536 3160 bus
593 3087 936 3162 ordinatis
988 3088 1064 3160 in
1117 3088 1424 3176 borram,
1481 3109 1698 3161 unum
1745 3110 1786 3160 a
1822 3089 2231 3163 Raczansch
2260 3085 2323 3176 ⁵)
2379 3085 2686 3160 milliare
2739 3085 3157 3175 distantem,
3215 3105 3501 3158 movens

407 3212 669 3296 castra,
737 3208 809 3280 in
861 3207 1220 3300 praedicta
1280 3208 1518 3298 borra,
1583 3209 1671 3281 ad
1735 3209 2030 3282 fluvium
2094 3207 2250 3281 illic
2313 3207 2826 3296 decurrentem,
2894 3211 2965 3280 et
3026 3212 3108 3279 ut
3162 3205 3504 3281 exercitui

407 3349 536 3400 suo
591 3327 786 3421 ligna
838 3351 963 3423 pro
1019 3329 1191 3402 focis
1248 3330 1680 3417 sufficerent,
1739 3329 2002 3403 stativa
2056 3327 2347 3402 locavit:
2418 3349 2595 3420 quae
2650 3327 2725 3400 in
2780 3329 3017 3401 eodem
3070 3328 3223 3401 loco
3278 3347 3503 3418 usque

406 3449 494 3521 ad
549 3449 1072 3523 Purificationis
1127 3450 1309 3523 diem
1367 3449 1610 3523 habita
1665 3455 1856 3524 sunt.
1923 3450 2070 3523 Sub
2125 3470 2204 3522 eo
2260 3453 2494 3522 autem
2550 3453 2859 3541 tempore
2905 3447 2979 3521 in
3018 3447 3253 3521 insula
3290 3467 3503 3538 prope

407 3570 690 3642 Thorun
726 3591 868 3663 pax
905 3575 1242 3663 perpetua
1289 3590 1416 3662 per
1451 3569 1892 3644 consiliarios
1929 3569 2150 3662 partis
2190 3568 2591 3661 utriusque,
2632 3568 2904 3661 treugis
2941 3566 3383 3660 interpositis
3412 3567 3498 3656 6),

405 3690 779 3782 practicari
833 3695 1082 3782 coepta
1137 3695 1268 3764 est.

539 4019 664 4090 Sub
710 4019 891 4109 pacis
932 4021 1230 4092 tractatu
1272 4017 1608 4092 lanuuius
1650 4019 2028 4111 anoglovy
2071 4035 2370 4109 magnam
2414 4019 2662 4109 copiam
2708 4035 3009 4110 equorum
3054 4019 3387 4092 hostilium

1622 4138 2019 4228 Bidgostiam
2063 4138 2289 4230 abigit.

581 4376 930 4486 ‘Contigit
983 4379 1216 4452 autem
1273 4377 1405 4450 sub
1459 4380 1802 4468 tempore,
1861 4397 1997 4469 quo
2053 4397 2193 4470 pax
2249 4381 2587 4469 perpetua
2639 4376 2716 4450 in
2771 4376 3213 4451 Thorunensi
3267 4377 3505 4450 insula

404 4499 874 4586 tractabatur,
952 4502 1269 4572 veterum
1334 4503 1736 4597 treugarum
1799 4502 2078 4590 tempus
2143 4497 2421 4571 finitum
2487 4519 2671 4587 esse,
2739 4504 2809 4571 et
2870 4519 2995 4590 per
3056 4497 3500 4570 consiliarios

403 4619 632 4712 partis
698 4616 1101 4710 utriusque,
1167 4618 1578 4711 priusquam
1641 4619 2075 4707 laberentur,
2141 4623 2549 4712 prorogatas
2605 4639 2781 4692 esse.
2838 4618 3211 4691 Ianussius
3268 4623 3501 4691 tamen

408 4741 818 4832 Brzoglowy
853 4739 936 4826 ⁷),
995 4742 1266 4811 veteres
1305 4738 1700 4830 expirasse,
1758 4759 1973 4811 novas
2030 4744 2264 4812 autem
2318 4739 2625 4811 nondum
2679 4739 2981 4812 indictas
3018 4760 3170 4813 esse
3208 4760 3499 4832 perpen-

404 4862 612 4948 denS,
669 4859 922 4932 rescito
979 4859 1064 4932 ab
1121 4859 1718 4952 exploratoribuS,
1787 4881 2000 4952 equos
2055 4859 2434 4933 nobiliores
2489 4859 2811 4954 Magistri
2873 4859 3205 4933 Prussiae
3262 4863 3331 4932 et
3384 4881 3500 4932 su·
3616 4863 3625 4870 '

405 5002 606 5054 orum
668 4978 1248 5053 mercenariorum
1313 4980 1652 5068 militum,
1727 4979 1802 5052 in
1865 4980 2287 5053 antemurali
2352 4980 2567 5053 castri
2630 4981 2885 5072 Papow
2948 5001 3101 5054 esse
3165 4979 3501 5068 inclusos,

407 5122 498 5175 ex
554 5099 957 5193 Bidgostia,
1016 5100 1201 5191 apud
1257 5101 1544 5193 Solyecz
1576 5100 1645 5190 Β)
1702 5099 1934 5173 Wisla
1990 5099 2235 5189 fluvio,
2294 5100 2415 5192 qui
2452 5100 2591 5173 iam
2629 5100 3020 5174 dissolutus
3059 5105 3240 5188 erat,
3298 5120 3501 5192 supe-

624 5305 670 5386 ¹)
715 5307 898 5367 Ilzam
946 5301 1098 5369 God.
1143 5304 1336 5368 Rozr.
1401 5301 1453 5384 ²)
1510 5306 1786 5383 Suleyow
1836 5303 1962 5369 Ed.
2011 5303 2193 5388 Lips.
2258 5302 2311 5376 ⁸)
2356 5307 2594 5367 flumine
2642 5301 2795 5369 God.
2840 5303 3018 5368 Kost.
3081 5303 3135 5385 ἰ)
3180 5305 3505 5382 Przipusch

405 5405 562 5474 Cod.
609 5406 802 5471 Rozr.
853 5405 904 5488 ⁵)
949 5411 1204 5488 Racziaz
1253 5403 1404 5472 Cod.
1450 5406 1627 5471 Kost.
1677 5406 1730 5489 ⁶)
1778 5409 2068 5490 impositis
2117 5403 2270 5472 Cod.
2315 5405 2505 5472 Rozr.
2557 5407 2607 5491 ⁷)
2652 5410 3076 5494 Brzozoglowy
3124 5405 3277 5478 Coa,
3311 5406 3501 5476 Rozr.

403 5513 464 5598 ⁸)
510 5515 716 5575 Solccz
765 5507 916 5576 Cod.
962 5509 1155 5575 Rozr.
