4342 6384
112 5360 115 5445 l

112 5778 117 5941 ι

327 580 452 681 (Α.
494 580 585 653 D.
625 577 857 677 1412.)
1497 600 1722 653 mann
1772 599 2229 652 monemus
3256 543 3401 648 133

331 787 658 859 mundum
711 785 972 878 Regem
1036 788 1108 859 ct
1159 786 1500 877 Reginam
1565 805 1761 857 suam
1817 784 2229 871 Barbaram,
2300 786 2509 874 atque
2572 802 2808 854 omnes
2872 785 3045 853 natu
3110 781 3405 855 maiores

329 904 729 997 Hungariae
781 904 1105 992 baroneS,
1162 906 1419 977 honore
1474 924 1750 977 mensae
1805 907 1875 976 et
1928 901 2317 994 magnificis
2355 900 2585 993 epulis
2638 900 3125 974 contrectavit.
3180 901 3397 973 Pran-

332 1024 437 1096 dio
491 1044 656 1097 vero
711 1023 1024 1113 explete,
1081 1022 1514 1095 wladislaus
1569 1020 1900 1093 Poloniae
1957 1022 2111 1093 Rex
2178 1042 2334 1093 cum
2390 1019 2693 1113 singulis
2761 1020 3141 1108 Praelatis,
3201 1021 3404 1093 Prin-

335 1143 634 1234 cipibuS,
688 1141 1066 1214 baronibus
1105 1143 1175 1213 et
1210 1140 1558 1213 militibus
1597 1139 1777 1227 suis,
1831 1139 1952 1230 qui
2001 1160 2156 1211 cum
2196 1160 2275 1212 eo
2321 1138 2395 1210 in
2432 1138 2813 1229 Lubowlya
2849 1139 2905 1226 ¹)
2942 1142 3405 1227 accesserant,

333 1263 398 1335 in
433 1261 867 1348 cassoviam,
908 1258 1354 1353 Sigismundo
1391 1259 1582 1351 Rege
1620 1280 1773 1331 eum
1813 1258 2221 1346 comitante,
2260 1256 2622 1348 processit.
2662 1257 2755 1328 Et
2788 1256 3087 1347 primum
3126 1261 3405 1329 noctur-

333 1403 492 1453 num
529 1380 604 1451 in
643 1379 985 1466 Sobinovv,
1026 1378 1326 1451 alterum
1355 1375 1417 1466 Ξ)
1455 1377 1568 1449 die
1606 1376 1965 1449 Dominico
2002 1376 2273 1464 Indica,
2313 1375 2388 1447 in
2427 1374 2861 1467 Apperiasch
2890 1372 2952 1465 ³)
2983 1375 3162 1467 egit;
3200 1374 3408 1449 tertio

335 1520 511 1586 vero,
552 1497 724 1571 feria
751 1498 1080 1571 videlicet
1112 1496 1414 1569 secunda
1439 1500 1601 1587 post
1627 1494 2062 1567 Dominicam
2089 1494 2357 1583 Iudica,
2388 1494 2461 1565 in
2491 1493 2887 1567 cassoviam
2915 1492 3323 1585 perveniens
3346 1494 3408 1585 4)

337 1640 484 1691 cum
539 1616 689 1689 suis
744 1616 1099 1704 omnibus,
1156 1615 1544 1707 magnificis
1589 1617 2004 1706 procuratus
2051 1612 2489 1701 necessariiS,
2531 1616 2683 1686 octo
2740 1611 2888 1685 dies
2944 1612 3253 1686 mansit.¹

415 1946 737 2047 mie-1113
779 1974 1153 2064 principans
1194 1975 1264 2045 in
1305 1974 1517 2045 utaris
1560 1974 1838 2045 foenoris
1881 1974 2054 2046 intur
2098 1974 2458 2062 ungariae
2506 1975 2577 2044 ot
2617 1972 2921 2044 roloniae
2964 1970 3176 2061 noges
3218 1972 3337 2043 inti

1093 2092 1437 2177 omittitur,
1481 2091 1830 2165 wladislao
1875 2092 2022 2163 dolo
2064 2092 2293 2181 ignaro
2338 2093 2689 2163 annuento.

537 2330 850 2422 Regibus
905 2328 1088 2419 apud
1144 2326 1539 2400 cassoviam
1578 2325 1980 2418 agentibus,
2038 2329 2241 2398 vocat
2276 2329 2569 2416 uterque
2626 2324 3061 2398 consiliarios
3116 2330 3415 2418 quatuor

337 2448 422 2519 ad
473 2448 843 2520 consilium
900 2450 1275 2532 secretum,
1341 2445 1777 2518 Wladislaus
1843 2444 2119 2535 quidem
2185 2445 2517 2516 Poloniae
2570 2444 2727 2517 Rex
2798 2444 3169 2543 Nicolaum
3225 2444 3408 2519 Gne·

335 2586 653 2639 snensem
707 2564 1336 2656 archiepiscopum,
1403 2564 1771 2636 Albertum
1803 2562 1864 2652 5)
1927 2563 2468 2637 Posnaniensem
2534 2564 2966 2655 episcopum,
3031 2564 3411 2637 Iohannem

335 2682 418 2755 de
473 2686 761 2757 Tarnow
813 2683 1202 2775 palatinum
1257 2682 1812 2770 cracoviensem,
1872 2685 1942 2754 et
1997 2682 2375 2774 Sbigneum
2430 2682 2513 2755 de
2567 2684 2872 2773 Brzezye
2926 2682 3151 2775 Regni
3206 2683 3409 2755 Polo-

335 2801 492 2874 niae
543 2801 1004 2888 marsalcum3
1063 2800 1552 2893 Sigismundus
1616 2820 1779 2873 vero
1835 2800 2241 2897 Hungariae
2292 2801 2448 2873 Rex
2511 2801 2891 2875 Iohannem
2946 2800 3408 2893 archiepisco-

333 2940 500 3009 pum
555 2919 1136 3013 strigoniensem,
1186 2919 1661 2991 Hermannum
1710 2918 2042 2991 comitem
2088 2917 2339 3007 ciliae,
2391 2918 2761 2991 Nicolaum
2825 2918 2909 2991 de
2962 2918 3145 2992 Gara
3198 2920 3403 2991 Pala·

337 3037 558 3110 tinum
597 3037 1004 3130 Hungariae
1040 3040 1111 3109 et
1147 3036 1497 3109 Simonem
1533 3038 1617 3109 de
1653 3037 1939 3127 Ruzgon
1990 3036 2291 3110 iudicem
2346 3037 2577 3111 curiae
2614 3057 2781 3110 suae
2831 3038 3091 3130 regalis
3111 3094 3127 3125 ,
3169 3018 3407 3130 eisque
3440 3062 3452 3075 ·

335 3161 638 3231 secretas
693 3156 1170 3229 conclusiones
1233 3154 1308 3227 in
1371 3155 1749 3245 Lubowlya
1809 3153 2087 3227 habitas
2155 3155 2502 3245 aperiunt.
2576 3156 2667 3228 Et
2721 3156 3043 3248 quamvis
3096 3157 3405 3229 Praelati

336 3282 406 3351 et
455 3277 752 3349 barones
813 3273 1144 3346 Poloniae
1213 3276 1417 3363 pacta
1481 3272 1751 3364 Regum
1821 3292 1960 3343 non
2021 3273 2428 3363 probarent,
2501 3274 2699 3347 velut
2769 3274 3007 3367 Regno
3080 3274 3412 3347 Poloniae

333 3395 718 3485 plurimum
779 3391 1171 3483 periculosa
1233 3394 1302 3467 et
1363 3390 1638 3462 nociva:
1713 3411 1852 3462 non
1914 3390 2231 3463 valentes
2296 3395 2528 3463 tamen
2597 3392 2815 3484 Regis
2880 3392 2992 3464 sui
3062 3393 3415 3465 decretum

333 3510 856 3604 quomodolibet
909 3509 1216 3595 irritare,
1273 3506 1482 3579 inviti
1534 3508 1760 3599 pactis
1816 3509 2239 3581 assentiunt.
2296 3509 2479 3580 Dum
2534 3514 2766 3582 autem
2820 3510 3023 3582 iuxta
3075 3510 3413 3583 conditio-

333 3651 460 3702 nes
515 3633 878 3720 pactorum
932 3626 1241 3698 minutae
1303 3625 1666 3697 literarum
1740 3628 1968 3698 forent
2021 3628 2403 3715 confectae,
2484 3632 2553 3701 et
2607 3628 2948 3701 articulus
3010 3629 3277 3719 primus
3332 3629 3415 3702 de

333 3746 754 3821 exterminio
807 3745 1346 3830 cruciferorum,
1423 3764 1716 3835 quorum
1768 3744 2002 3815 nuntii
2063 3766 2190 3835 pro
2247 3765 2327 3817 eo
2388 3748 2697 3836 tempore
2748 3743 2835 3818 ad
2890 3746 3415 3839 sigismundum

331 3866 599 3958 Regem
653 3866 1022 3950 venerant,
1080 3865 1150 3933 et
1202 3861 1288 3935 de
1323 3861 1653 3934 Prussiae
1707 3866 1894 3937 terra
1946 3862 2349 3952 dividenda,
2410 3869 2740 3955 tanquam
2776 3865 3217 3957 principalis,
3256 3886 3413 3955 pro-

329 3987 493 4073 pter
546 4003 752 4073 quem
814 3984 1128 4053 caeterae
1183 3979 1785 4053 inconvenientiae
1851 3982 2126 4053 fuerant
2198 3982 2573 4071 admissae,
2646 3983 2919 4073 positus
2994 3987 3417 4075 notatusque

329 4101 624 4187 fuisset,
700 4097 1192 4190 Sigismundus
1256 4097 1725 4171 Romanorum
1789 4103 1858 4172 et
1921 4098 2324 4191 Hungariae
2390 4100 2543 4173 Rex
2608 4101 2739 4173 tali
2802 4101 3191 4175 calliditate
3261 4123 3418 4175 eum

330 4219 646 4291 obtinuit
701 4216 886 4308 apud
916 4215 1384 4287 Wladislaum
1437 4217 1772 4289 Poloniae
1824 4217 2086 4309 Regem
2139 4237 2230 4289 ex
2284 4218 2513 4291 literis
2567 4219 3075 4310 principalibus
3130 4220 3417 4293 aboleri.

327 4336 610 4410 Petivit
663 4332 1010 4425 siquidem
1063 4332 1534 4405 Wladislaum
1587 4335 1848 4427 Regem
1867 4390 1884 4422 ,
1952 4340 2297 4425 quatenus
2361 4336 2567 4409 Anna
2630 4338 2901 4429 Regina
2951 4338 3283 4411 Poloniae
3344 4337 3419 4410 in

328 4454 744 4527 cracoviam
797 4451 1122 4538 remissa,
1180 4470 1267 4549 ex
1323 4451 1651 4524 Gassovia
1705 4473 1939 4525 secum
1993 4453 2068 4523 in
2103 4452 2561 4542 Varadinum,
2620 4456 2867 4528 deinde
2916 4456 3225 4543 Bucam,
3266 4456 3417 4528 Wi-

327 4571 680 4663 schegrod
733 4574 805 4642 et
859 4569 1000 4641 alia
1051 4568 1280 4661 Regni
1315 4570 1717 4661 Hungariae
1770 4571 1924 4643 loca
1976 4570 2361 4663 insigniora
2396 4574 2822 4662 procederet,
2880 4574 3225 4666 pollicens
3263 4596 3419 4647 eum

325 4690 409 4761 in
463 4688 882 4763 venationes
937 4686 1102 4760 feris
1157 4687 1553 4775 opulentas,
1612 4687 1865 4779 quibus
1923 4689 2185 4762 sciebat
2240 4689 2708 4763 Wladislaum
2772 4693 3105 4765 Poloniae
3158 4693 3419 4784 Regem

325 4806 706 4893 delectari,
763 4804 1249 4875 traducturum
1303 4808 1373 4876 et
1408 4804 1729 4876 omnibus
1783 4806 2199 4877 necessariis
2248 4805 2609 4896 splendide
2662 4812 3145 4880 tractaturum.
3204 4809 3419 4899 Quem

324 4946 493 4996 cum
555 4923 898 5005 sensisset
961 4940 1042 4993 ea
1104 4919 1452 4995 oblatione
1515 4923 1934 5009 inescatum,
2003 4924 2293 4996 alteram
2346 4945 2593 4996 rursus
2655 4926 3066 5016 petitionem
3121 4926 3416 4999 adiecit:

321 5042 588 5127 Nosti,
643 5038 910 5131 inquit,
967 5036 1448 5112 illustrissime
1504 5044 1574 5113 et
1627 5040 2108 5113 amantissime
2163 5043 2412 5115 frater!
2472 5062 2578 5114 me
2632 5043 2708 5113 in
2762 5043 3229 5116 Romanorum
3283 5046 3420 5118 Re-

559 5310 612 5387 ¹)
651 5311 1038 5387 Lobomlyam
1079 5304 1206 5371 Ed.
1237 5304 1418 5390 [Aps.
1469 5304 1524 5391 ²)
1571 5310 1890 5371 secundum
1937 5305 2089 5373 Cod.
2119 5307 2312 5372 Rozr.
2362 5306 2417 5393 ⁸)
2465 5310 2749 5387 Operiasz
2783 5304 2935 5373 Cod.
2968 5307 3159 5375 Rozr.
3206 5307 3261 5395 ⁴)
3290 5331 3423 5389 per—

323 5414 594 5476 veniunt
637 5407 693 5495 ⁵)
737 5412 1044 5472 Albertum
1085 5411 1476 5488 lasti-zabiecz
1524 5403 1676 5472 God.
1737 5406 1928 5473 Rozr.
2029 5424 2032 5429 ·
