4342 6384
841 500 987 573 624
2005 519 2234 573 mma
2285 517 2798 573 nuonncnms.
3370 494 3505 596 (Α.
3546 494 3637 570 D.
3678 494 3947 593 1440.)

834 828 1168 903 'ladislai
1197 827 1392 919 Regis
1421 829 1490 901 ln
1513 827 1898 919 magaria·
1930 827 2395 917 protectionem
2422 828 2632 900 nnita
2660 827 3121 917 impediebant,
3152 828 3339 919 quasi
3370 828 3499 899 Deo
3530 827 3944 917 prohibente.

1039 1067 1463 1142 Imminente
1517 1070 1858 1159 tempore,
1925 1087 2060 1159 quo
2126 1066 2567 1141 wladislaus
2622 1068 2777 1141 Rex
2844 1088 3092 1141 versus
3146 1068 3469 1159 Regnum
3524 1066 3941 1158 Hungariae

835 1210 923 1263 ex
978 1187 1310 1262 cracovia
1363 1187 1599 1281 egredi
1652 1186 1978 1274 debebat,
2038 1187 2481 1280 quindecima
2517 1187 2850 1262 videlicet
2902 1188 3015 1262 die
3067 1193 3229 1279 post
3276 1188 3533 1261 festum
3588 1187 3937 1273 Paschae,

835 1310 1036 1383 nives
1092 1314 1162 1384 et
1214 1308 1479 1401 glacies
1532 1307 1833 1381 dissolvi
1886 1312 2292 1399 coeperunt3
2352 1311 2637 1400 propter
2694 1328 2989 1400 quorum
3044 1307 3583 1381 dissolutionem
3620 1309 3674 1397 ¹)
3731 1307 3937 1379 Wla-

835 1429 1106 1503 dislaus
1160 1430 1316 1502 Rex
1370 1426 1769 1520 prohibitus
1807 1432 1915 1500 est
1951 1448 1992 1499 a
2028 1427 2337 1499 transitu
2377 1426 2623 1500 multis
2660 1427 2939 1499 diebus:
2996 1426 3181 1500 unde
3226 1428 3518 1520 plurimi
3553 1428 3943 1518 prudentes

835 1554 906 1622 et
960 1548 1276 1623 timorati
1330 1546 1467 1620 viri
1503 1546 1910 1621 iudicabant
1926 1603 1943 1635 ‚
2001 1546 2382 1620 transitum
2416 1545 2689 1639 regium
2743 1546 2817 1619 in
2854 1548 3291 1640 Hungariam
3307 1604 3325 1637 ,
3380 1552 3667 1641 propter
3702 1568 3938 1633 casus,

835 1669 958 1762 qui
1011 1668 1438 1756 acciderant,
1497 1668 1768 1741 felicem
1805 1667 2076 1741 exitum
2113 1668 2366 1742 habere
2419 1688 2558 1739 non
2594 1688 2823 1758 posse.
2881 1667 3272 1759 Captivitas
3310 1668 3493 1742 enim
3530 1668 3941 1741 Mathkonis

837 1794 908 1863 et
961 1789 1262 1863 Emerici
1315 1809 1441 1882 per
1493 1787 1862 1861 Elisabeth
1917 1788 2261 1881 Reginam
2316 1789 2525 1874 facta,
2583 1792 2653 1860 et
2690 1786 3001 1860 eiusdem
3036 1788 3349 1881 Reginae
3404 1788 3478 1861 in
3532 1790 3940 1881 oppositum

835 1910 1167 1999 mutatio,
1233 1908 1714 2001 nativitasque
1779 1906 2073 1981 infantis
2135 1906 2487 1997 Ladislai,
2564 1906 2817 1982 occisio
2883 1908 3102 1982 Ducis
3166 1909 3401 2001 Magni
3468 1908 3936 2002 Sigismundi,

836 2030 1111 2104 nivium
1164 2034 1236 2102 et
1287 2028 1672 2123 glacierum
1724 2030 1936 2123 longa
1973 2028 2411 2102 continuatio
2466 2032 2539 2101 et
2576 2027 2949 2103 eorundem
3004 2030 3078 2101 in
3116 2032 3425 2121 tempore
3480 2030 3717 2103 exitus
3754 2029 3939 2122 regii

836 2150 1209 2252 resolutio,
1267 2149 1670 2224 indicabant
1723 2151 2094 2225 coelestem
2147 2153 2571 2241 potestatem
2625 2150 3005 2251 transitum
3057 2149 3327 2242 regium
3383 2150 3457 2222 in
3494 2150 3937 2243 Hungariam

836 2270 1175 2365 impedire
1238 2276 1309 2343 et
1369 2270 1735 2363 prohibere
1798 2269 2143 2360 voluisse,
2220 2275 2291 2343 et
2352 2270 2663 2344 eiusdem
2727 2271 3085 2362 proposito
3151 2274 3361 2364 atque
3416 2270 3729 2363 egressui
3796 2291 3938 2341 non

835 2391 1118 2466 favisse.
1195 2391 1588 2465 Accedebat
1657 2391 1918 2465 adhaec
1990 2394 2062 2462 et
2125 2389 2505 2464 Wladislai
2567 2390 2784 2483 Regis
2855 2411 3102 2483 parum
3168 2396 3443 2463 matura
3514 2396 3742 2478 aetas,
3819 2392 3937 2462 cui

834 2511 1141 2585 nondum
1195 2530 1410 2603 genas
1462 2510 1690 2602 prima
1743 2512 1999 2603 lanugo
2055 2511 2415 2586 vestierat.

833 2873 1116 2947 Isidorus
1159 2872 1682 2963 archiepiscopus
1741 2872 2138 2962 nonensis
2155 2929 2172 2960 ,
2221 2873 2579 2946 nardinalis
2639 2875 2710 2945 et
2770 2873 3054 2963 Legatus
3097 2873 3330 2945 Sanni
3385 2871 3716 2945 Pontificia
3729 2928 3746 2959 ,
3792 2890 3935 2945 eu

834 2995 1047 3067 literis
1089 2994 1361 3080 misene,
1421 2992 1722 3063 unionem
1783 2993 2056 3065 Latinae
2100 2992 2425 3065 Ecclesiae
2485 3010 2627 3066 cnm
2672 2993 2914 3066 Graeca
2957 2994 3357 3066 denuntians
3374 3050 3391 3080 ,
3447 3010 3562 3083 per
3606 2992 3936 3083 Principes

1790 3112 2091 3204 loeqnae
2133 3113 2204 3187 in
2249 3124 2569 3199 carcerem
2612 3114 2974 3189 coniicitur.

1042 3351 1446 3427 Advenerat
1496 3351 1572 3424 in
1627 3350 1778 3424 illis
1832 3349 2078 3425 diebus
2135 3372 2224 3425 ex
2280 3352 2497 3426 Italia
2550 3353 2637 3426 ab
2692 3353 3004 3447 Eugenio
3060 3354 3253 3446 Papa
3307 3358 3555 3447 quarto
3612 3354 3930 3429 Isidorus

837 3474 1121 3549 natione
1175 3472 1514 3561 Graecus,
1579 3470 2146 3565 archiepiscopus
2210 3472 2671 3564 Kyoviensis,
2738 3473 3128 3549 Oardjnalis
3190 3474 3469 3549 noviter
3531 3479 3810 3549 creatus
3864 3480 3933 3548 et

835 3596 1146 3689 Legatus
1208 3592 1284 3666 in
1345 3591 1681 3666 Russiam
1743 3590 2037 3681 missu8‚
2105 3591 2217 3666 vir
2279 3592 2616 3685 prudens,
2692 3600 3009 3668 maturus
3074 3599 3145 3667 et
3206 3594 3637 3685 industrius,
3702 3598 3931 3669 ferens

837 3736 1072 3791 secum
1129 3712 1554 3806 apostolicas
1608 3712 1853 3785 literas
1909 3733 2032 3787 seu
2068 3713 2304 3787 bullas
2360 3714 2672 3788 eiusdem
2708 3714 3009 3807 Eugenii
3064 3716 3193 3789 sub
3247 3716 3600 3807 plumbea,
3660 3720 3731 3789 et
3758 3715 3929 3788 Con·

839 3833 1455 3926 stantinopolitani
1517 3832 1974 3925 Imperatoris
2039 3833 2170 3907 sub
2232 3855 2475 3923 aurea,
2540 3835 2759 3908 bullis
2824 3835 3135 3908 munitas
3152 3890 3169 3924 ,
3242 3834 3573 3909 unionem
3635 3836 3931 3909 Latinae

837 3960 910 4030 et
961 3952 1415 4029 occidentalis
1469 3952 1828 4027 Ecclesiae
1892 3973 2050 4027 cum
2103 3952 2369 4029 Graeca
2442 3965 2511 4028 et
2564 3954 2895 4030 orientali
2947 3955 3418 4045 continentes,
3474 3956 3725 4049 lingua
3778 3956 3929 4048 qui·

839 4078 996 4150 dem
1060 4072 1316 4146 Latina
1379 4072 1678 4165 scriptas
1703 4127 1720 4160 ,
1795 4071 1920 4146 sed
1983 4071 2247 4148 Graeca
2318 4078 2528 4168 atque
2591 4075 2989 4150 Ruthenica
3052 4075 3511 4168 subscriptas.
3585 4076 3927 4150 Intravit-

839 4217 974 4291 que
1044 4194 1402 4286 praefatus
1466 4191 1782 4265 Isidorus
1857 4191 2247 4267 Cardinalis
2331 4199 2401 4268 et
2480 4194 2789 4288 Legatus
2855 4195 3157 4289 primum
3230 4196 3305 4267 in
3378 4195 3687 4269 Sandecz
3760 4196 3935 4271 feria

837 4320 1042 4391 sexta
1095 4315 1514 4401 Parasceve‚
1580 4311 1705 4386 ubi
1757 4333 1883 4404 per
1938 4312 2320 4406 Sbigneum
2384 4314 2786 4409 episcopum
2840 4316 3365 4391 cracoviensem
3430 4316 3569 4389 fuit
3620 4316 3930 4409 hospitio

841 4438 1214 4528 susceptus
1245 4431 1307 4524 ²)
1363 4438 1434 4507 et
1488 4431 1812 4505 omnibus
1867 4434 1942 4506 in
1997 4435 2191 4507 curia
2244 4435 2624 4529 episcopali
2677 4440 3089 4530 procuratus
3155 4441 3227 4510 et
3276 4438 3661 4511 honoratus
3690 4436 3755 4527 ³)
3810 4458 3929 4513 ex·

838 4557 1111 4653 pensis,
1169 4559 1239 4628 et
1293 4553 1380 4627 ad
1435 4551 1922 4627 celebrandum
1977 4553 2217 4628 divina
2271 4556 2347 4630 in
2400 4556 2696 4631 ecclesia
2748 4558 3134 4649 parochiali
3190 4557 3486 4631 Sanctae
3541 4558 3807 4631 Mariae
3855 4557 3931 4629 in

841 4678 1184 4763 Sandecz‚
1242 4678 1314 4747 et
1367 4677 1618 4766 expost
1672 4673 2040 4747 cracoviae
2095 4674 2170 4747 in
2209 4677 2593 4750 cathedrali
2648 4678 2943 4752 ecclesia
2996 4699 3184 4751 more
3238 4699 3366 4750 suo
3420 4678 3715 4766 Graeco,
3776 4684 3928 4751 tan-

841 4819 1050 4893 quam
1105 4792 1462 4868 Ecclesiae
1527 4793 1882 4866 Romanae
1933 4795 2256 4868 reunitus
2329 4802 2400 4869 et
2452 4798 2680 4871 fidelis
2706 4854 2722 4887 ‚
2780 4797 3157 4873 admissus,
3240 4798 3427 4871 Unio
3496 4801 3731 4872 tamen
3805 4798 3931 4871 illa

835 4916 1192 4997 Ecclesiae
1264 4914 1558 4988 Latinae
1631 4934 1788 4985 cum
1862 4912 2126 4989 Graeca
2198 4917 2642 4991 breviusculo
2717 4919 3001 4992 duravit
3073 4924 3413 5011 tempore,
3492 4918 3789 4992 Graecis
3860 4924 3931 4990 et

834 5038 1220 5126 Ruthenis,
1286 5034 1407 5128 qui
1471 5033 1654 5107 circa
1709 5035 1909 5109 illam
1971 5042 2377 5128 praesentes
2432 5062 2571 5112 non
2626 5044 2857 5128 erant,
2914 5061 3064 5113 eam
3128 5037 3589 5112 irridentibus
3642 5046 3713 5111 et
3766 5058 3927 5111 con-

1007 5311 1096 5481 L?
1142 5309 1561 5373 resolutionem
1603 5304 1734 5376 Ed.
1777 5306 1962 5393 Dipo.
2026 5309 2082 5392 ²)
2123 5319 2397 5393 receptus
2446 5309 2598 5377 God.
2630 5312 2807 5378 Kost.
2855 5320 3136 5393 exceptus
3181 5310 3309 5376 Ed.
3358 5310 3541 5396 Life.
3598 5311 3656 5395 ⁸)
3685 5316 3929 5374 ornatus

834 5414 963 5484 Ed.
1079 5416 1192 5501 ‘1⁹⁸-
