4342 6384
400 591 535 696 (Α.
558 593 666 669 D.
706 591 959 694 1440.)
1543 617 1767 672 nmnn
1816 617 2330 673 nuonnonms.
3343 599 3490 694 621

398 803 726 878 dentibus
780 803 1258 896 Pythonissis‚
1318 825 1613 898 quarum
1664 805 2035 899 regebatur
2073 810 2143 879 et
2180 804 2614 900 dirigebatur
2650 804 3000 895 consiliis,
3059 806 3492 898 permixtum

396 925 604 998 litare
665 924 1017 998 ferebatur
1077 923 1289 998 idolis
1328 925 1408 1014 ¹),
1474 927 1562 998 ad
1625 927 2135 1018 cognoscendos
2193 927 2588 1000 futurorum
2642 931 2938 1001 eventus
2956 981 2973 1015 ‚
3033 930 3104 1000 01
3158 947 3276 1001 008
3294 982 3311 1017 ,
3369 927 3496 1020 qui

400 1045 589 1118 vitae
645 1065 811 1118 suae
868 1045 1281 1120 molirentur
1334 1044 1666 1134 insidias,
1726 1050 1875 1118 arte
1930 1052 1999 1120 et
2036 1046 2567 1122 denuntiatione
2621 1047 3030 1121 daemonum
3083 1047 3495 1141 dignoscen-

399 1166 547 1238 dos.
603 1164 1091 1258 Rapiebantur
1146 1171 1380 1239 autem
1434 1167 1565 1240 sub
1623 1172 1931 1259 tempore
1960 1165 2027 1256 ²)
2080 1167 2533 1260 Principatus
2589 1167 2703 1241 sui
2754 1188 3075 1260 proceres
3131 1171 3202 1242 et
3223 1167 3500 1262 ·Boyari

400 1283 823 1359 Lithuaniae
877 1284 965 1358 ad
1021 1284 1403 1378 supplicia,
1472 1307 1649 1380 quos
1702 1287 1945 1380 aliqua
2010 1288 2125 1361 vel
2180 1288 2648 1381 malignorum
2715 1289 2834 1362 vel
2885 1288 3330 1362 adulatorum
3383 1289 3502 1363 vel

398 1405 641 1480 rodere
710 1405 981 1498 aliquid
1050 1406 1507 1480 ambientium
1577 1407 1957 1481 incesserat
2028 1408 2289 1480 delatio
2303 1465 2320 1497 ,
2397 1408 3008 1503 ingeminabantur
3079 1407 3496 1500 calumniae,

402 1526 967 1600 accusationibus
1023 1527 1257 1600 omnia
1308 1529 1566 1602 referta
1628 1529 2015 1603 fervebant.

402 1891 787 1964 Lithuauiu
831 1893 1139 1982 primores
1197 1895 1351 1982 post
1394 1893 1782 1964 occisionem
1842 1891 2233 1984 Signandi
2278 1894 2489 1984 ungui
2533 1895 2724 1966 nucis
2776 1893 3187 1968 diuinum:
3251 1895 3500 1968 notor!

401 2011 753 2084 wladislao
796 2011 975 2102 angi,
1020 2013 1133 2084 alii
1178 2012 1469 2084 1101100ιί
1515 2013 1904 2102 sigimundi
1948 2013 2083 2085 filio
2128 2013 2524 2100 maore-n
2579 2017 2866 2087 castrum
2910 2032 3163 2107 quoquo
3209 2015 3499 2089 Lumo

1019 2133 1161 2204 nux
1206 2133 1541 2206 Boleslaus
1584 2133 1913 2224 δήτι-1581
1956 2151 2070 2224 por
2114 2133 2535 2207 &aditio-on
2581 2139 2879 2226 occupat.

610 2371 971 2461 occisione
1028 2371 1465 2464 Sigismundi
1520 2373 1736 2446 Ducis
1793 2373 2027 2467 Magni
2084 2375 2508 2448 Lithuaniae
2562 2379 2832 2462 secuta,
2890 2375 3236 2464 Praelati,
3293 2374 3497 2448 Prin-

404 2493 595 2584 cipes
651 2497 720 2564 et
773 2492 1067 2565 barones
1125 2492 1546 2566 Lithuaniae
1601 2491 2038 2566 dividuntur.
2098 2493 2284 2566 Nam
2338 2494 2646 2568 Mathias
2683 2494 3048 2568 Vilnensis
3103 2495 3497 2586 episcopus,

402 2613 665 2686 Hostik
697 2609 783 2701 ³),
842 2611 1255 2701 Gastoldus,
1313 2612 1675 2701 Moniwid,
1734 2614 1989 2686 Petrus
2042 2613 2650 2706 Montigerdowicz
2681 2615 2768 2702 ⁴),
2827 2635 2986 2688 cum
3023 2615 3186 2687 aliis
3239 2615 3498 2706 princi-

402 2732 825 2826 palioribus,
882 2733 1356 2806 wladislaum
1421 2733 1683 2825 Regem
1745 2733 2080 2807 Poloniae
2142 2735 2350 2806 iuxta
2413 2733 2908 2827 inscriptiones
2971 2739 3043 2807 et
3107 2735 3502 2808 iuramenta

404 2854 848 2927 constituunt
900 2853 975 2924 in
1028 2853 1404 2926 Dominum
1459 2874 1844 2942 assumere,
1912 2858 1983 2928 et
2036 2874 2160 2946 pro
2218 2874 2297 2926 eo
2364 2852 2786 2928 notabiliora
2838 2859 3068 2928 castra
3123 2860 3498 2947 occupant;

404 2974 533 3047 alii
568 2993 733 3047 vero
770 2973 1173 3062 inferioreS,
1215 2995 1389 3065 quos
1428 2975 1589 3046 Dux
1629 2975 1925 3068 Magnus
1964 2973 2461 3067 Sigismuudus
2499 2975 2971 3064 exaltaverat,
3029 2975 3256 3049 filium
3295 2996 3502 3048 suum

404 3094 848 3180 Michaelem,
906 3115 1110 3184 quem
1166 3094 1451 3168 unicum
1504 3094 1919 3185 reliquerat,
1976 3099 2321 3168 conantur
2374 3095 2448 3169 in
2502 3095 2764 3168 Ducem
2820 3096 3152 3188 Magnum
3204 3095 3499 3169 Lithua-

405 3213 564 3290 niae
620 3213 1029 3302 sublimare,
1086 3235 1325 3288 eorum
1380 3236 1655 3308 quoque
1708 3219 1945 3307 partes
1998 3219 2188 3287 terra
2226 3214 2687 3308 Samagittiae
2743 3216 3165 3309 sequebatur
3195 3213 3281 3306 ⁵).
3338 3215 3502 3288 Dux

404 3335 674 3410 interea
736 3334 1105 3406 Boleslaus
1180 3333 1539 3429 Switrigal
1609 3340 1907 3428 patruus
1978 3356 2354 3427 germanus
2417 3334 2799 3410 Wladislai
2869 3335 3118 3430 Regis,
3193 3339 3503 3410 castrum

406 3455 757 3543 Luczsko‚
825 3454 1013 3547 quod
1074 3475 1213 3526 uno
1278 3459 1441 3527 ante
1503 3476 1685 3528 anno
1740 3454 2180 3528 Wladislaus
2229 3453 2392 3530 Rex
2447 3454 2783 3530 Poloniae
2845 3456 3029 3529 Duci
3082 3455 3334 3550 Magno
3389 3454 3498 3529 Si-

402 3574 776 3668 gismundo
829 3572 1342 3668 resignaverat,
1412 3578 1483 3648 et
1545 3576 1731 3669 quod
1794 3576 1985 3648 Duce
2041 3575 2292 3669 Magno
2359 3574 2813 3670 sigismundo
2875 3580 3150 3650 mortuo
3168 3631 3184 3664 ,
3263 3575 3505 3649 cedere

405 3695 561 3769 vice
613 3715 819 3768 versa
869 3694 944 3767 in
997 3693 1545 3787 possessionem,
1612 3701 1871 3770 sortem
1926 3699 1996 3770 et
2049 3695 2550 3788 proprietatem
2615 3695 2844 3789 Regni
2897 3695 3234 3769 Poloniae
3287 3695 3500 3770 debu-

405 3819 588 3903 erat,
644 3815 729 3889 de
784 3836 919 3908 quo
978 3820 1183 3889 erant
1238 3815 1466 3907 ipsius
1530 3815 1751 3890 Ducis
1806 3815 2043 3910 Magni
2098 3814 2538 3908 Sigismundi
2600 3816 2924 3908 publicae
2977 3814 3498 3908 inscriptiones,

408 3940 731 4028 occupat,
790 3935 1177 4024 Ruthenis‚
1246 3937 1368 4029 qui
1431 3937 1507 4009 in
1562 3957 1641 4010 eo
1706 3939 1904 4010 erant
1967 3939 2037 4011 et
2101 3935 2240 4010 sibi
2300 3935 2724 4011 mirabiliter
2775 3935 3283 4024 afficiebantur,
3350 3935 3501 4009 eius

404 4055 921 4149 possessionem
976 4054 1114 4129 sibi
1168 4055 1642 4130 tradentibus:
1718 4056 1843 4130 ubi
1906 4056 2203 4149 plausus
2266 4060 2411 4129 tam
2474 4056 2693 4130 Ducis
2748 4055 3062 4130 Boleslai
3118 4054 3500 4150 Switrigal,

406 4195 616 4268 quam
653 4175 967 4248 omnium
1002 4196 1287 4249 suorum
1322 4175 1835 4250 Lithuanorum
1872 4181 1943 4250 et
1978 4177 2463 4250 Ruthenorum
2479 4233 2496 4266 ,
2535 4194 2773 4251 necem
2809 4175 3247 4271 Sigismundi
3285 4175 3503 4248 Ducis

406 4294 779 4368 immodico
835 4294 1343 4370 celebrantium
1404 4295 1659 4390 gaudio
1676 4353 1693 4385 ,
1760 4296 2085 4388 pluribus
2151 4296 2398 4371 diebus
2463 4297 2937 4390 agitabantur,
3012 4295 3503 4370 exultantibus

406 4414 745 4507 singuIiS,
803 4405 1112 4489 belluam
1165 4415 1538 4490 immanem
1555 4474 1573 4507 ,
1640 4439 1779 4508 qua
1842 4417 2224 4508 superstite
2297 4417 2563 4510 singuli
2629 4420 2773 4490 tam
2837 4417 3027 4490 vitae
3101 4436 3311 4508 quam
3365 4415 3501 4488 for·

406 4534 601 4608 tunis
658 4534 807 4607 suis
863 4540 1175 4610 extremo
1230 4558 1508 4629 pavore,
1569 4536 1772 4629 quasi
1807 4557 2023 4630 prope
2060 4538 2303 4610 horam
2340 4537 2587 4610 mortis
2641 4537 3035 4630 periculum
3070 4536 3500 4624 metuebant,

406 4655 747 4747 perculsi,
804 4654 995 4728 iusto
1022 4655 1087 4744 ὅ)
1142 4656 1273 4731 Dei
1326 4656 1587 4731 iudicio
1641 4657 2022 4732 interiisse.

625 4945 671 5026 ¹)
720 4947 1043 5010 daemoniis
1088 4945 1213 5010 Ed.
1250 4943 1429 5032 Lips.
1481 4947 1536 5028 ⁹)
1583 4949 1693 5009 sub
1735 4966 1805 5009 eo
1836 4953 2099 5027 tempore
2142 4942 2271 5009 Ed.
2306 4943 2485 5029 Lipc.
2550 4945 2606 5027 ⁸)
2654 4947 2882 5009 Hoscik
2927 4941 3080 5010 Coa.
3115 4943 3250 5010 Lis.
3294 4947 3511 5024 Hostig

406 5045 535 5111 Ed.
584 5047 762 5132 Lips.
828 5048 883 5131 ⁴)
926 5051 1447 5128 Montigezdowicz
1491 5046 1621 5117 Ed.
1654 5047 1835 5133 Dipo.
1908 5047 1959 5130 ⁵)
2007 5055 2203 5112 terrae
2241 5050 2643 5128 Samogithiae
2688 5051 3105 5128 sequebantur.
3151 5045 3279 5113 Ed.
3325 5047 3506 5132 Lips.

410 5150 465 5232 6)
515 5154 655 5214 iusti
700 5150 825 5215 Ed.
876 5149 1058 5236 Lips-
