4342 6384
881 551 1030 629 136
2062 574 2289 630 mmm
2340 572 2796 632 unm-:cuma
3415 556 3551 659 (Α.
3590 555 3683 635 D.
3726 558 3966 660 1412.)

885 764 1001 850 „et
1051 738 1462 834 inconcusse
1517 738 1971 833 observentur
2031 760 2233 832 modo
2296 761 2479 833 infra
2532 762 2825 853 scripto:
2898 761 3153 853 quibus
3207 764 3479 857 treugis
3543 766 3963 841 durantibus

885 881 1284 971 „praefatus
1336 878 1678 952 Dominus
1732 877 2170 951 Wladislaus
2224 879 2380 952 Rex
2436 880 2767 954 Poloniae
2814 862 3081 953 'terram
3136 882 3361 973 ipsam
3416 884 3717 959 Russiae
3772 888 3963 977 paci·

883 1000 1052 1088 „fice
1104 1002 1370 1086 teneat,
1425 1000 1634 1089 prout
1671 1001 1894 1086 tenet,
1954 997 2106 1070 sine
2159 998 2653 1089 impedimento
2708 1004 2944 1071 nostro
2998 1002 3116 1073 vel
3168 1001 3396 1093 Regni
3459 1008 3582 1075 aut
3638 1004 3953 1077 subdito-

883 1140 1078 1208 „rum
1133 1122 1529 1190 nostrorum
1585 1117 1904 1209 aliquali.
1960 1118 2048 1189 In
2101 1121 2288 1190 terra
2340 1137 2504 1189 vero
2558 1118 2888 1190 Podoliae
2940 1119 3416 1208 promittimus
3472 1123 3769 1196 eundem
3822 1125 3959 1196 Do-

884 1238 1190 1328 „minum
1225 1236 1697 1309 Wladislaum
1735 1218 1997 1330 Regem
2051 1257 2175 1326 per
2210 1241 2483 1309 nosmet
2518 1235 2709 1327 ipsos
2748 1257 2885 1309 non
2923 1237 3288 1329 impedire,
3344 1261 3472 1313 nec
3523 1262 3649 1333 per
3684 1247 3961 1315 nostros

885 1357 1246 1448 „subditos
1309 1358 1534 1430 facere
1593 1354 1954 1447 impediri3
2023 1376 2249 1446 neque
2312 1355 2527 1427 alicui
2590 1356 2677 1426 ad
2730 1356 2927 1428 illam
2982 1357 3491 1449 impediendam
3560 1360 3959 1451 consilium,

886 1478 1236 1567 „favorem
1300 1476 1418 1549 vel
1469 1474 1818 1548 auxilium
1880 1478 2271 1566 praestare,
2336 1474 2603 1566 treugis
2664 1474 3080 1548 durantibus
3146 1477 3331 1548 infra
3394 1478 3704 1570 scriptis.
3778 1481 3961 1553 Item

886 1596 1002 1687 „in
1057 1616 1257 1683 casu,
1317 1616 1452 1686 quo
1507 1615 1634 1666 nos
1688 1594 1950 1685 Regem
2007 1592 2536 1685 Sigismundum
2591 1598 2964 1666 memorato
3018 1594 3313 1669 Domino
3353 1597 3747 1670 Wladislao
3774 1599 3964 1691 Rege

886 1718 1142 1806 „fratre
1196 1720 1470 1802 nostro,
1525 1712 1888 1786 vocatione
1952 1712 2226 1799 divina,
2291 1712 2635 1803 praemori
2698 1712 3089 1805 contingat,
3166 1718 3425 1789 extunc
3476 1721 3641 1807 post
3694 1717 3963 1789 obitum

887 1841 1244 1927 „nostrum
1299 1833 1692 1925 praedictae
1745 1836 2032 1923 treugae
2085 1831 2270 1903 infra
2332 1830 2639 1922 quinque
2693 1852 2910 1903 annos
2966 1831 3362 1905 immediate
3418 1839 3791 1925 sequentes
3846 1836 3959 1908 de·

887 1955 1097 2046 „bent
1146 1954 1552 2046 perdurare:
1610 1956 1681 2025 et
1733 1972 1770 2025 e
1824 1971 2153 2025 converso
2174 2007 2190 2039 ,
2257 1950 2319 2023 si
2372 1950 2806 2042 praedictum
2870 1936 3244 2023 Dominum
3298 1951 3771 2026 Wladislaum
3827 1954 3961 2027 Re-

888 2095 1086 2168 „gem
1139 2074 1334 2166 prius
1387 2072 1592 2145 nobis
1645 2070 1971 2143 decedere
2019 2069 2320 2157 accidat,
2377 2069 2651 2142 foedera
2704 2068 3104 2141 huiusmodi
3160 2073 3565 2163 treugarum
3632 2072 3963 2147 similiter

891 2195 1116 2285 „infra
1171 2191 1723 2285 quinquennium
1787 2190 1970 2262 inter
2032 2188 2366 2261 Poloniae
2428 2190 2499 2260 et
2551 2188 2954 2280 Hungariae
3018 2189 3292 2282 Regna,
3364 2195 3529 2280 post
3580 2191 3793 2263 huius
3848 2190 3962 2265 de-

890 2333 1238 2404 „cessum,
1294 2311 1546 2384 debent
1598 2309 1894 2382 firmiter
1927 2308 2313 2395 observari3
2370 2312 2441 2380 et
2475 2308 2660 2379 infra
2710 2307 3101 2399 praedictos
3156 2308 3465 2400 quinque
3518 2329 3737 2383 annos
3773 2315 3963 2383 treu-

890 2455 1175 2526 „garum
1230 2431 1554 2504 rideatur
1598 2429 1683 2502 de
1729 2427 2005 2501 iustitia
2059 2432 2130 2500 et
2175 2428 2327 2501 iure
2379 2426 2720 2519 partium,
2776 2428 3155 2499 secundum
3193 2428 3444 2501 seriem
3498 2434 3569 2501 et
3605 2430 3962 2503 continen-

890 2552 1104 2643 „tiam
1157 2551 1520 2625 literarum
1574 2548 1752 2621 alias
1805 2568 1930 2639 per
1963 2545 2327 2619 Praelatos
2382 2551 2451 2618 et
2503 2545 2796 2618 barones
2849 2546 3221 2639 utriusque
3254 2546 3520 2639 Regni,
3559 2548 3966 2641 Hungariae

889 2670 1262 2763 „videlicet
1315 2671 1386 2742 et
1438 2666 1803 2755 Poloniae,
1877 2665 2183 2757 primum
2245 2664 2321 2735 in
2381 2664 2573 2756 Iglo‚
2648 2663 2786 2736 alio
2852 2664 3130 2738 nomine
3191 2664 3264 2737 in
3329 2665 3533 2740 Nova
3596 2667 3820 2756 Villa,
3898 2672 3969 2743 et

889 2792 1152 2882 „altera
1203 2788 1358 2863 vice
1412 2787 1487 2861 in
1539 2786 1858 2877 Antiqua
1911 2784 2136 2873 Villa,
2194 2784 2655 2856 confectarum
2672 2838 2690 2872 ,
2748 2804 3042 2875 quarum
3096 2789 3423 2857 contenta
3474 2786 3812 2861 babentes
3848 2790 3967 2862 hic

891 2910 1362 3002 „sufficienter
1411 2928 1536 2998 pro
1589 2905 1908 2993 insertis,
1982 2924 2116 2996 quo
2174 2902 2260 2974 ad
2313 2903 2483 2975 haec
2546 2901 2621 2973 in
2676 2922 2801 2973 suo
2864 2902 3109 2975 robore
3161 2902 3486 3002 volumus
3540 2925 3966 2996 permanere.

893 3008 1302 3121 „Praeterea
1357 3026 1442 3100 de
1495 3008 1682 3099 terra
1735 3023 2149 3110 Moldaviae,
2207 3025 2289 3093 ut
2325 3020 2665 3112 sequitur,
2722 3020 2907 3095 inter
2958 3042 3084 3094 nos
3140 3026 3209 3095 et
3244 3022 3539 3096 eundem
3593 3026 3969 3099 Dominum

895 3126 1196 3239 „Regem
1249 3126 1611 3232 Poloniae,
1679 3144 1962 3215 fratrem
2023 3145 2342 3214 nostrum
2398 3140 2916 3229 charissimum,
2984 3146 3092 3215 est
3145 3146 3387 3214 mutuo
3452 3144 3968 3218 concordatum.

893 3247 1045 3357 „Ex
1100 3285 1234 3357 quo
1290 3264 1474 3338 enim
1537 3261 1948 3356 magnificus
2002 3260 2405 3333 Alexander
2464 3282 2590 3351 pro
2655 3281 2839 3332 nunc
2890 3250 3253 3352 Wayv'oda
3304 3262 3721 3336 Moldvanus
3758 3266 3815 3354 ι)
3882 3266 3973 3339 ad

892 3384 1372 3477 „beneplacita
1435 3385 1504 3456 et
1565 3382 1893 3453 mandata
1956 3379 2183 3471 ipsius
2244 3378 2529 3450 Domini
2581 3368 2961 3452 Wladislai
3022 3380 3239 3472 Regis
3302 3370 3543 3454 fratris
3605 3384 3834 3456 nostri
3890 3406 3969 3458 se

891 3503 1322 3596 „dinoscitur
1375 3501 1756 3594 obligasse,
1814 3520 2021 3591 quam
2077 3497 2573 3590 obligationem
2608 3517 2735 3569 nos
2792 3498 3285 3590 Sigismundus
3323 3499 3481 3572 Rex
3532 3490 3976 3591 praelibatus

892 3626 1020 3715 „ob
1074 3643 1375 3696 amorem
1430 3641 1646 3713 purae
1701 3623 1773 3693 et
1826 3618 2094 3691 sincere
2147 3604 2613 3689 fraternitatis
2666 3616 2964 3709 praefati
3017 3617 3300 3689 Domini
3336 3618 3717 3692 Wladislai
3748 3610 3977 3715 Regis

893 3746 1252 3833 „nolentes
1314 3741 1597 3814 turbare
1657 3739 1774 3811 vel
1838 3736 2215 3827 impedire3
2289 3735 2441 3809 ideo
2507 3735 2923 3827 dispositum
2988 3736 3232 3809 extitit
3302 3741 3375 3809 et
3436 3738 3826 3828 firmatum,
3866 3730 3979 3813 'ut

894 3862 1507 3955 „quotiescumque
1561 3858 1769 3930 Turci
1801 3855 1863 3947 2)
1919 3860 1991 3929 et
2025 3855 2345 3928 infideles
2400 3858 2621 3928 terras
2659 3855 2959 3928 Coronae
2990 3852 3053 3944 3)
3092 3856 3497 3948 Hungariae
3533 3877 3693 3930 cum
3730 3859 3979 3932 valido

895 3980 1250 4072 „exercitu
1301 3978 1659 4051 hostiliter
1721 3975 2164 4062 invaderent,
2233 3996 2313 4047 ac
2376 3974 2651 4047 easdem
2723 3973 3143 4065 depopulare
3207 3978 3277 4047 et
3340 3975 3707 4049 devastare
3760 3978 3972 4050 moli-

894 4104 1199 4190 „rentur,
1265 4102 1387 4168 aut
1450 4080 2024 4186 quandocumque
2087 4114 2215 4165 nos
2281 4080 2775 4184 Sigismuudus
2836 4094 3191 4184 praefatus
3245 4094 3402 4166 Rex
3474 4099 3717 4167 contra
3769 4116 3980 4187 prae-

897 4220 1121 4308 „fatos
1173 4218 1433 4289 Turcos
1463 4215 1526 4304 4)
1583 4218 1653 4287 et
1705 4198 2024 4285 infideles
2077 4211 2275 4283 mille
2328 4200 2606 4283 lanceas
2660 4212 2775 4284 vel
2828 4212 3065 4301 plures
3118 4231 3543 4285 armaremus
3606 4220 3679 4286 et
3732 4221 3986 4287 contra

897 4337 1130 4427 „ipsos
1185 4335 1260 4407 in
1315 4332 1823 4425 expeditionem
1888 4334 2095 4403 extra
2155 4331 2329 4403 fines
2394 4330 2625 4422 Regni
2688 4330 2912 4402 nostri
2967 4332 3369 4423 Hungariae
3423 4331 3983 4407 destinaremus:

896 4460 1200 4546 „extunc
1271 4454 1360 4525 ad
1421 4457 1730 4524 nostram
1794 4436 2308 4522 intimationem
2381 4438 2463 4521 et'
2513 4448 3091 4541 significationem
3162 4450 3347 4523 idem
3418 4452 3575 4523 Rex
3637 4452 3991 4528 Poloniae

897 4577 1156 4666 „frater
1207 4578 1446 4646 noster
1499 4570 1952 4644 charissimus
2017 4569 2345 4641 mandare
2409 4568 2616 4641 debet
2680 4568 3079 4660 supradicto
3142 4570 3511 4641 Moldvano
3542 4570 3629 4660 5),
3686 4576 3769 4644 ut
3825 4574 3993 4665 ipse

897 4694 1222 4787 „propria
1273 4692 1349 4765 in
1401 4711 1698 4783 persona
1759 4710 1916 4762 cum
1983 4710 2110 4760 sua
2163 4676 2315 4759 tota
2366 4687 2681 4778 potentia
2732 4687 2934 4761 nobis
3000 4692 3071 4762 et
3121 4693 3359 4761 nostro
3414 4690 3759 4777 exercitui
3819 4714 3990 4766 suc-

897 4819 1179 4906 „currat
1233 4818 1302 4886 et
1359 4808 1692 4902 obsequia
1740 4794 2051 4899 praestet
2105 4806 2407 4880 fideliter
2460 4810 2531 4878 et
2584 4810 3002 4895 constanter,
3060 4809 3289 4895 salvo,
3345 4808 3409 4879 si
3462 4808 3893 4883 Moldvanus
3924 4812 3995 4902 ⁶)

896 4934 1090 5025 „ipse
1143 4932 1551 5007 infirmitate
1603 4927 1900 5001 notabili
1953 4932 2023 4999 et
2057 4926 2258 5019 gravi
2312 4931 2561 4997 eotunc
2598 4928 2781 4997 esset
2815 4935 3265 5015 praeventus:
3316 4916 3457 5019 quo
3504 4948 3673 5000 casu
3708 4930 3988 5003 nibilo-

895 5053 1170 5143 „minus
1221 5050 1606 5143 potentiam
1661 5068 1858 5119 suam
1911 5065 2066 5119 cum
2119 5048 2385 5117 rectore
2439 5043 2790 5117 exercitus
2844 5044 2955 5117 sui
3008 5044 3254 5119 idoneo
3309 5046 3791 5121 transmittere
3852 5051 3985 5125 de-

1109 5314 1156 5394 ¹)
1201 5316 1512 5378 Moldavus
1574 5311 1725 5380 cod.
1770 5313 1962 5377 Rozr.
2035 5313 2086 5392 ⁹)
2133 5315 2367 5375 'Parcae
2424 5312 2550 5376 Ed.
2595 5311 2775 5397 Lips.
2838 5313 2890 5393 ³)
2934 5316 3127 5393 Regni
3189 5312 3342 5379 cod.
3386 5314 3577 5380 Rozr.
3649 5314 3703 5395 ⁴)
3748 5320 4004 5385 'Parcas

893 5416 1019 5483 Ed.
1065 5415 1246 5500 Lips.
1295 5414 1347 5497 ⁵)
1393 5420 1672 5483 Moldavo
1717 5414 1842 5481 Ed.
1875 5414 2054 5501 Lips.
2104 5414 2156 5497 ⁰)
2202 5417 2514 5479 Moldavus
2562 5410 2711 5481 cod.
2754 5414 2946 5485 Rozr.
