4342 6384
425 546 558 646 (Α.
598 546 689 621 D.
730 546 983 645 1443.)
1554 570 1779 623 numu
1830 569 2338 621 Duonnomus.
3361 544 3509 619 689

424 753 841 842 exercitum,
898 753 1523 845 comprehendendi
1586 774 1708 845 spe
1772 753 2131 841 destituti,
2197 757 2594 845 retorquere
2660 752 2984 845 vestigia.
3051 753 3138 825 In
3192 752 3514 825 omnibus

422 877 657 945 autem
712 872 1283 946 dimicationibus
1344 878 1415 945 et
1466 873 1755 963 praeliis
1811 873 1884 945 in
1937 874 2254 964 praefata
2291 872 2735 964 expeditione
2770 871 3162 945 commissis
3198 871 3510 945 Wladis-

421 992 579 1064 laus
634 992 789 1065 Rex
847 992 998 1083 ipse
1052 998 1124 1065 et
1180 992 1430 1084 optimi
1483 992 1923 1085 imperatoris
1962 998 2031 1066 01
2068 992 2519 1064 audacissimi
2557 991 2810 1064 militis
2848 993 3324 1083 exequebatur
3360 1014 3509 1063 mu·

420 1132 618 1199 nera,
674 1110 945 1203 primus
998 1113 1087 1184 ad
1137 1132 1478 1203 pugnam,
1538 1112 1835 1185 ultimus
1888 1112 2156 1204 praelio
2211 1114 2522 1185 confecto
2578 1111 2988 1200 excedebat,
3047 1132 3174 1185 nec
3209 1111 3512 1184 alicuius

420 1230 495 1302 in
549 1230 679 1303 illa
714 1229 1157 1322 expeditione
1196 1232 1457 1319 virtuS,
1515 1235 1855 1322 quantum
1901 1230 2151 1323 Regis,
2210 1231 2504 1319 enituit,
2561 1230 2744 1302 nulli
2782 1230 2886 1303 rei
2921 1231 3353 1322 periculosae
3389 1236 3512 1302 aut

420 1349 698 1422 difficili
750 1349 820 1421 in
878 1350 1064 1423 bello
1120 1354 1191 1423 et
1244 1354 1445 1423 extra
1500 1370 1574 1423 se
1627 1350 1861 1442 ipsum
1916 1350 2236 1443 negavit,
2293 1350 2551 1441 quibus
2605 1350 2880 1423 artibus
2917 1355 2987 1423 et
3022 1350 3223 1443 vulgi
3267 1350 3407 1423 sibi
3445 1354 3514 1421 et

420 1468 762 1541 nobilium
817 1469 1087 1542 animos
1142 1469 1663 1543 conciliaverat.
1721 1471 1925 1543 Zelus
1981 1470 2270 1562 insuper
2322 1468 2590 1542 Iuliani
2627 1469 3018 1542 Cardinalis
3054 1469 3306 1563 Legati
3345 1474 3513 1541 tunc

417 1592 823 1679 perspectus
888 1592 1029 1677 est,
1100 1589 1222 1679 qui
1286 1589 1669 1662 exercitum
1732 1588 2003 1683 regium
2068 1594 2139 1661 et
2191 1589 2602 1680 praesertim
2669 1608 2873 1662 cruce
2933 1588 3279 1682 signatoS,
3346 1590 3511 1661 dum

416 1707 601 1779 acies
656 1706 743 1779 ad
806 1706 1392 1800 congrediendum
1453 1707 1950 1800 procedebant,
2018 1708 2360 1797 animose,
2426 1707 2801 1800 legationis
2865 1728 3135 1781 crucem
3198 1712 3508 1801 gestanS,

413 1826 716 1899 ubilibet
766 1826 1091 1918 praeibat
1128 1832 1201 1899 et
1236 1826 1500 1899 milites
1538 1832 1972 1920 pugnaturos
2011 1828 2161 1900 suis
2200 1827 2805 1900 adhortationibus
2843 1827 3300 1900 confortabat.
3339 1828 3507 1899 Fer-

414 1950 534 2018 tur
562 1945 799 2019 crebro
837 1945 1122 2037 quidam
1159 1946 1363 2019 miles
1392 1947 1821 2035 Almannus,
1855 1947 1977 2039 qui
2014 1946 2089 2019 in
2128 1946 2442 2021 exercitu
2477 1948 2792 2039 praefato
2831 1946 3224 2020 devotionis
3263 1968 3498 2035 causa,

416 2066 677 2139 habens
730 2065 1112 2139 notabilem
1168 2066 1621 2139 familiarium
1672 2070 1742 2140 et
1778 2067 2200 2141 servitorum
2255 2072 2637 2152 catervam,
2695 2065 3080 2155 militabat,
3135 2066 3513 2138 tolerantia

414 2185 731 2257 laborum
790 2190 861 2259 et
915 2184 1121 2257 famis
1176 2189 1248 2258 et
1300 2185 1702 2259 incredibili
1754 2186 2202 2259 animositate
2250 2186 2631 2259 Wladislai
2666 2184 2883 2278 Regis
2920 2189 3314 2278 perspecta,
3371 2186 3507 2257 Re-

420 2324 545 2397 ges
611 2310 682 2377 et
742 2304 1112 2397 Principes
1177 2304 1385 2377 Orbis
1446 2305 1729 2398 publico
1792 2305 2137 2397 carpsisse
2203 2325 2548 2379 sermone:
2623 2306 2807 2396 quod
2861 2304 3509 2391 comessationibus,

416 2423 759 2515 crapulis,
816 2424 1175 2513 luxuriae,
1242 2446 1535 2517 pompae
1590 2430 1660 2498 et
1706 2425 2045 2498 avaritiae
2097 2424 2352 2513 dediti,
2410 2425 2664 2497 falsum
2713 2444 2964 2497 nomen
2997 2425 3268 2517 regium
3307 2444 3506 2496 occu-

414 2547 698 2634 parent;
754 2544 933 2617 alios
988 2545 1215 2637 Reges
1272 2550 1343 2617 et
1394 2544 1758 2637 Principes
1823 2566 2133 2637 purpura
2197 2549 2268 2618 et
2331 2543 2764 2617 satellitibus
2832 2566 2911 2617 ac
2963 2544 3342 2617 iactatione
3395 2564 3506 2615 ca—

414 2662 587 2753 pitis
644 2668 1017 2758 occupatos
1074 2684 1261 2753 esse;
1319 2666 1545 2737 solum
1599 2665 2077 2738 Wladislaum
2130 2666 2345 2739 armis
2393 2670 2464 2738 et
2500 2664 2763 2737 virtute
2801 2686 3018 2737 unum
3055 2664 3316 2756 Regem
3357 2663 3504 2735 exi-

414 2787 631 2871 stere,
688 2784 811 2875 qui
866 2784 1407 2857 adolescentiam
1463 2782 1661 2857 sua’m
1716 2785 2108 2879 vigilando,
2167 2785 2582 2874 laborando,
2646 2784 3044 2873 esuriendo,
3100 2783 3506 2875 praeliando

410 2922 537 2992 pro
590 2902 993 2977 defensione
1044 2904 1208 2977 fidei
1260 2908 1333 2975 et
1387 2903 1904 2977 catholicorum
1968 2904 2463 2992 convertendo,
2531 2903 2945 2996 dignissime
3004 2905 3161 2976 Rex
3226 2923 3502 2975 vocare-

415 3026 550 3095 tur.
609 3022 1011 3097 Discessum
1066 3022 1281 3116 Regis
1337 3044 1425 3096 ex
1481 3029 1667 3097 terra
1702 3024 1950 3097 hostili
1989 3024 2388 3116 Stephanus
2427 3023 2779 3113 Despotus
2815 3022 3148 3111 Rasciae‚
3207 3022 3330 3113 qui
3365 3044 3506 3093 una

412 3139 797 3230 militabat,
862 3142 1231 3217 molestius
1296 3143 1499 3231 tulit,
1568 3148 1639 3217 et
1700 3143 1993 3235 proinde
2056 3143 2302 3215 multis
2365 3142 2690 3235 precibus
2747 3146 2817 3215 et
2868 3141 3504 3233 pollicitationibus

408 3260 710 3333 retinere
764 3262 1025 3354 Regem
1062 3266 1134 3335 et
1171 3263 1555 3336 exercitum
1591 3284 1717 3354 pro
1756 3263 2280 3355 recuperatione
2317 3267 2657 3360 terrarum
2695 3282 2982 3333 suarum
3018 3262 3504 3353 consequenda

410 3380 761 3469 tentabat,
821 3381 1165 3455 offerendo
1220 3384 1433 3456 etiam
1468 3405 1593 3475 pro
1630 3384 2005 3459 relevanda
2041 3382 2280 3473 inopia
2326 3382 2713 3469 exercituS,
2769 3386 3048 3454 centum
3096 3382 3503 3455 ducatorum

411 3500 732 3573 millibus
788 3501 1189 3575 subvenire.
1244 3504 1699 3576 Perseverate
1754 3508 1987 3576 tamen
2034 3503 2420 3575 exercitum
2457 3501 2530 3571 in
2578 3520 2818 3595 campo
2858 3500 2932 3572 111
2969 3500 3198 3573 media
3250 3500 3500 3583 hieme,

409 3619 611 3709 equis
668 3624 737 3692 et
792 3620 1303 3711 evectionibuS,
1360 3622 1927 3714 comeatibusque
1981 3620 2501 3709 deficientibuS,
2561 3619 2960 3692 hominibus
3015 3619 3272 3711 partim
3321 3620 3502 3691 fame

406 3738 961 3829 tabescentibus,
1018 3742 1277 3832 partim
1332 3742 1743 3815 cadentibus
1798 3747 1869 3815 et
1921 3741 2440 3829 laborantibus,
2498 3739 2740 3811 nullus
2793 3738 3100 3829 prudens
3135 3740 3499 3831 probabat,

406 3879 497 3931 ne
548 3880 727 3931 novo
782 3860 1099 3933 exercitu
1152 3865 1223 3933 et
1257 3861 1524 3935 recenti
1560 3864 1941 3935 Turcorum
1980 3860 2546 3952 superveniente,
2603 3880 2731 3930 sua
2767 3859 2964 3931 clade
3001 3859 3304 3932 fuscaret
3340 3880 3498 3950 par·-

404 3980 553 4049 tam
608 3977 1005 4069 victoriam,
1065 4001 1243 4073 quae
1296 4001 1502 4073 aegre
1555 3980 1951 4054 constantia
2004 3980 2314 4053 militum
2379 3978 2518 4050 fuit
2571 3977 2880 4050 obtenta.
2945 3978 3100 4051 Iam
3155 3978 3500 4069 siquidem

404 4097 713 4187 plurima
765 4099 1147 4173 multitudo
1202 4100 1555 4174 exercitus
1600 4101 1778 4193 regii
1816 4102 1993 4173 fame
2030 4101 2346 4173 confecta
2381 4096 2760 4171 acervatim
2797 4098 3118 4185 cadebat,
3175 4098 3502 4170 nonnulli

404 4215 673 4291 milites
726 4218 865 4291 huc
916 4223 1125 4311 atque
1178 4219 1353 4293 illuc
1406 4241 1690 4312 corpore
1744 4218 2171 4307 nutabundi,
2230 4218 2369 4291 iam
2421 4218 2700 4308 iamque
2753 4217 3024 4308 lapsuri
3061 4217 3498 4305 incedebant,

403 4356 616 4427 quam
668 4338 961 4427 plurimi
1012 4359 1177 4411 vero
1234 4338 1338 4411 ita
1391 4338 1720 4411 exhausti
1775 4343 2003 4427 erant,
2071 4344 2153 4411 ut
2218 4338 2592 4410 simulacra
2655 4356 2860 4409 carne
2915 4336 3224 4409 carentia
3279 4337 3500 4429 magis

402 4476 613 4547 quam
669 4456 983 4529 homines
1035 4461 1487 4549 putarentur,
1554 4459 1783 4531 colore
1846 4462 2029 4531 tetro
2084 4457 2474 4529 luminibus
2529 4456 2603 4527 in
2657 4455 3080 4547 profundum
3134 4455 3494 4544 demersis,

401 4595 629 4666 neque
683 4576 758 4648 in
811 4580 917 4649 tot
982 4575 1635 4668 supervenientibus
1702 4577 1907 4649 malis
1969 4598 2153 4653 unus
2219 4577 2425 4649 alteri
2487 4578 2764 4666 poterat
2815 4576 2994 4647 ferre
3049 4574 3496 4667 suffragium

403 4715 652 4767 aurum
716 4715 877 4769 vero
942 4716 1066 4786 per
1127 4697 1513 4788 Despotum
1577 4698 1889 4770 oblatum
1953 4697 2089 4770 etsi
2141 4696 2368 4788 prima
2423 4695 2598 4768 facie
2652 4694 3120 4787 quantitatem
3175 4715 3496 4786 magnam

402 4813 835 4902 continebat,
893 4814 969 4886 in
1022 4814 1389 4889 universos
1445 4821 1677 4890 tamen
1728 4816 2102 4908 partitum,
2160 4815 2446 4888 minime
2499 4818 2776 4906 poterat
2811 4813 3218 4887 necessitati
3255 4814 3493 4906 singu-

400 4933 632 5005 lorum
688 4934 1080 5008 subvenire.
1148 4934 1645 5026 Compendium
1711 4941 1944 5009 autem
2010 4957 2348 5027 quaerens
2404 4934 2558 5008 Rex
2613 4932 2952 5007 facilioris
3005 4932 3305 5021 redituS‚
3366 4933 3494 5005 im-

400 5052 801 5144 pedimenta
837 5052 1138 5146 agminis
1174 5074 1492 5127 amovere
1526 5055 1913 5147 praecepit:
1954 5054 2139 5128 caesi
2179 5054 2342 5147 equi
2379 5054 2764 5128 imbecilles
2802 5057 2873 5125 et
2901 5053 3199 5126 confecti
3237 5054 3493 5143 inedia,

400 5173 775 5264 pleraeque
838 5172 1214 5265 quadrigae
1279 5194 1435 5245 cum
1500 5173 1859 5247 nobilibus
1922 5175 2388 5267 conflagratae
2425 5175 2480 5262 ¹)
2534 5172 3041 5262 tabernaculis,
3107 5173 3362 5247 loricae
3427 5178 3497 5245 01

619 5426 669 5510 ¹)
714 5434 1121 5491 concrematae
1168 5423 1321 5492 cod.
1371 5426 1550 5491 Kost.

527 5580 719 5632 ningen.
744 5580 919 5624 mator.
945 5581 1107 5623 Polou.
1132 5580 1185 5624 ¹r.
1210 5578 1293 5622 rv.
3082 5562 3150 5619 87
