4342 6384
871 497 968 567 24
2077 528 2305 581 mnan
2360 530 2810 583 6666611166.
3437 504 3570 605 (Α-
3611 504 3702 578 D·
3747 495 4028 594 ¹4¹0)

869 722 1074 774 suum
1140 705 1404 778 Ducem
1471 707 1798 798 Magnum
1866 710 2290 785 Lithuaniae
2356 715 2870 803 Alexandrum,
2938 713 3320 788 Cristinum
3387 713 3472 785 (16
3528 710 3805 784 Ostrow
3886 726 4026 777 ca·

870 822 1284 912 stellanum,
1344 827 1726 899 Iohannem
1782 829 1868 901 de
1924 830 2214 903 Tarnow
2262 834 2687 924 palatinum,
2746 835 3268 921 Cracovienses,
3328 830 3848 923 Sandivogium
3923 825 4026 895 de

867 941 1202 1037 Ostrorog
1257 946 1652 1036 palatinum
1691 947 2276 1040 Posnaniensem,
2336 953 2711 1026 Nicolaum
2748 955 2833 1026 de
2871 954 3235 1027 Michalow
3280 954 3674 1044 palatinum
3714 946 4024 1021 Sando-

865 1062 1300 1152 miriensem,
1369 1065 1743 1139 Nicolaum
1808 1068 2300 1161 Praepositum
2348 1073 2589 1146 Sancti
2637 1074 2985 1162 Floriani,
3053 1070 3743 1157 vicecancellarium‚
3826 1064 4022 1139 Sbi-

863 1202 1121 1272 gneum
1177 1184 1262 1256 de
1318 1186 1616 1259 Brzesze
1655 1188 1710 1275 ¹)
1767 1188 2001 1280 Regni
2055 1191 2390 1264 Poloniae
2446 1193 2864 1265 marsalcum
2920 1199 2990 1267 et
3024 1194 3311 1265 Petrum
3351 1191 3873 1280 Schafranyecz
3922 1185 4026 1254 116

867 1302 1250 1393 Pyeskowa
1290 1305 1505 1377 Skala
1534 1304 1597 1396 2)
1655 1309 2241 1393 succamerarium
2297 1311 2845 1386 cracoviensem.
2902 1313 2997 1385 Hi
3035 1319 3265 1385 antem
3317 1315 3469 1383 octo
3510 1306 4024 1382 secretissime

868 1421 953 1494 dc
1009 1423 1333 1496 omnibus
1390 1425 1878 1499 deliberabant
1933 1432 2003 1500 et
2057 1431 2565 1504 concludebant
2621 1433 2941 1525 agendis:
3000 1439 3068 1505 et
3124 1434 3484 1524 signanter
3530 1450 3667 1520 quo
3722 1427 4018 1500 itinere

868 1544 1223 1615 exercitus
1298 1545 1647 1633 incedere,
1725 1552 1796 1619 et
1870 1548 2126 1638 quibus
2200 1552 2375 1622 locis
2446 1558 2676 1623 castra
2747 1553 2819 1624 in
2891 1553 3275 1625 crastinum
3349 1549 3601 1622 metari
3657 1546 4019 1630 debebat,

868 1661 1142 1736 duobus
1200 1664 1647 1754 ductoribuS,
1714 1666 2049 1739 videlicet
2105 1669 2401 1741 Troiano
2458 1671 2541 1742 dc
2595 1671 3125 1744 Krasznisthaw
3156 1668 3217 1758 ³)
3274 1674 3343 1741 et
3398 1669 3715 1741 Iohanne
3771 1663 4017 1737 Grin-

868 1782 1049 1854 wald
1080 1784 1144 1872 ⁴)
1201 1784 1566 1856 advocatis
1630 1785 1716 1857 de
1781 1786 2132 1875 ParczOW‚
2192 1789 2313 1878 qui
2367 1790 2567 1862 ambo
2624 1810 2709 1863 ex
2765 1790 3057 1862 Prussia
3110 1790 3280 1877 orti,
3340 1808 3579 1860 omnes
3635 1784 3844 1856 illius
3886 1802 4017 1853 66-

869 1901 1114 1989 161166,
1174 1903 1547 1995 omniaque
1604 1905 1759 1976 loca
1815 1910 1886 1977 et
1941 1906 2197 1980 itinera
2257 1909 2471 1999 probe
2534 1916 2813 1999 norant,
2881 1916 2951 1982 61
3015 1909 3137 2002 661
3191 1908 3527 1981 66611666
3581 1910 3747 1977 ante
3807 1903 4021 1973 fores

871 2021 1153 2093 consilii
1210 2023 1574 2111 astabant,
1632 2024 2012 2114 aliquando
2068 2026 2142 2098 in
2197 2027 2606 2117 consilium,
2664 2050 2819 2101 cum
2868 2029 2952 2101 (16
2990 2028 3273 2101 stativis
3312 2031 3381 2100 et
3419 2024 3802 2099 itineribus
3843 2042 4015 2093 cra-

872 2139 1085 2212 stinis
1141 2140 1414 2231 aliquid
1470 2141 1956 2215 disserendum
2013 2145 2221 2233 foret,
2280 2146 2601 2219 adhibiti.
2661 2147 3033 2220 Provisum
3090 2151 3323 2219 autem
3381 2150 3532 2218 erat
3570 2148 3642 2217 et
3680 2140 4013 2214 strictis-

874 2260 1049 2332 sime
1103 2260 1571 2350 prohibitum,
1631 2282 1718 2333 ne
1774 2263 2146 2353 quisquam
2203 2265 2488 2344 auderet
2525 2268 2755 2358 egredi
2794 2268 2877 2340 de
2916 2267 3261 2352 exercitu,
3320 2265 3541 2336 (161166
3597 2256 4017 2334 marsalcus

871 2380 1211 2453 Poloniae
1274 2380 1504 2472 Regni
1570 2381 1920 2474 Sbigneus
1983 2404 2140 2456 cum
2207 2385 2405 2476 signo
2470 2387 2684 2478 Regis
2749 2386 3000 2459 minori
3055 2386 3233 2459 alias
3296 2386 3658 2475 Propor
3685 2401 3904 2453 zecz
3942 2376 4015 2464 ⁵)

872 2500 1355 2592 egrederetur,
1412 2504 1495 2571 ut
1533 2521 1811 2593 quoque
1849 2502 2054 2574 illum
2094 2503 2389 2595 singuli,
2430 2506 2625 2576 nullo
2664 2506 2931 2597 praeire
2968 2527 3170 2594 auso,
3231 2508 3720 2595 sequerentur.
3779 2500 4013 2582 Item,

872 2625 953 2691 ut
1008 2639 1209 2692 nemo
1266 2620 1438 2691 tuba
1491 2620 1566 2692 in
1620 2621 1952 2693 universo
2009 2622 2324 2694 exercitu
2376 2644 2620 2696 canere
2674 2626 2986 2713 auderet,
3055 2629 3331 2715 praeter
3391 2622 3685 2694 unicum
3756 2616 4009 2690 tibici-

872 2744 1187 2812 natorem
1241 2738 1550 2831 regium,
1610 2741 1696 2810 ad
1754 2740 1959 2811 cuius
2015 2741 2421 2831 primarium
2478 2744 2781 2816 sonitum
2820 2750 2981 2817 ante
3018 2765 3338 2816 auroram
3379 2743 3496 2814 vel
3532 2742 3608 2813 in
3647 2738 4009 2821 dilucu10,

873 2864 999 2930 aut
1053 2858 1194 2929 alio
1252 2879 1692 2950 quocumque
1748 2863 2059 2950 tempore
2113 2860 2407 2948 editum,
2465 2864 2922 2955 consurgebat
2975 2870 3046 2935 et
3100 2884 3174 2935 se
3230 2861 3549 2934 armabat
3606 2859 4011 2941 exercitus.

877 2978 965 3048 ad
1022 2978 1406 3049 secundum
1461 2997 1626 3049 vero
1684 2977 1994 3049 sonitum
2050 2978 2258 3050 tubae
2322 2981 2754 3054 sellabantur
2816 2982 3006 3073 equi,
3082 2984 3170 3053 ad
3223 2981 3517 3054 tertium
3575 2979 4014 3051 movebatur

881 3101 950 3168 et
1007 3095 1425 3186 procedebat
1499 3096 1888 3183 6116161166,
1965 3118 2263 3187 6666666
2336 3102 2747 3173 16616616616
2820 3103 3345 3192 praecedentem
3411 3107 3484 3173 et
3541 3100 3786 3191 signa,
3869 3096 4009 3168 sub

882 3214 1142 3304 quibus
1189 3214 1647 3287 consistebat.
1704 3216 1869 3287 Dux
1907 3215 2145 3308 itaque
2185 3217 2582 3291 Alexander
2617 3220 3088 3309 Withawdus,
3148 3222 3257 3293 vir
3295 3220 3727 3293 factivitatis
3767 3237 4007 3300 rarae,

880 3353 1040 3405 cum
1096 3338 1367 3423 septem
1422 3333 1759 3423 praefatis
1814 3334 2239 3406 consiliariis
2277 3337 2636 3427 agitand0,
2693 3340 3113 3429 6666166116,
3172 3340 3639 3427 66666166116,
3699 3337 4009 3408 advoca-

879 3452 976 3523 tis
1033 3452 1387 3524 interdum
1442 3452 1853 3525 ductoribus
1917 3458 1988 3523 et
2041 3454 2349 3526 locorum
2402 3455 2670 3544 6616116,
2736 3459 3240 3549 exequebatur,
3299 3479 3506 3549 quem
3563 3457 3641 3529 in
3681 3455 4006 3527 crastino

885 3572 1139 3643 castris
1196 3573 1430 3644 locum
1487 3570 1840 3643 exercitus
1897 3577 2208 3662 caperet,
2267 3594 2401 3663 qua
2453 3579 2727 3664 postero
2782 3577 2893 3648 die
2948 3578 3199 3649 castris
3256 3578 3501 3663 166116,
3563 3582 3807 3648 161661
3860 3595 4010 3645 ma-

886 3690 1107 3778 xime,
1166 3689 1734 3781 compendiosius
1798 3695 2008 3781 atque
2064 3691 2331 3762 aridius
2387 3693 2560 3764 foret
2616 3694 2778 3780 iter,
2836 3717 2971 3785 6116
3027 3701 3420 3787 opportuna
3476 3696 3807 3787 aquatio,
3870 3714 4013 3785 quo

885 3808 1133 3897 pabuli
1189 3809 1685 3899 lignorumque
1738 3808 1939 3898 copia
1994 3816 2418 3900 suppeteret.

889 4159 1287 4231 wladislaus
1316 4158 1489 4243 Rex,
1533 4158 1736 4228 161666
1767 4158 2137 4247 adlegatos
2167 4160 2360 4248 Regis
2403 4162 2755 4250 nungariac
2800 4166 3060 4252 nuntio,
3105 4184 3221 4255 pro
3252 4112 3427 4256 46666
3468 4185 3615 4238 cum
3665 4165 4023 4238 cruciferis

891 4278 1145 4348 instat:
1193 4293 1322 4363 6116
1366 4293 1497 4345 non
1545 4276 1926 4363 impetrata,
1973 4280 2044 4347 61
2085 4277 2390 4365 nagistro
2429 4297 2567 4350 6616
2606 4281 2937 4352 cruciferis
2989 4286 3223 4356 bellum
3269 4286 3777 4370 anhelantibus,
3825 4302 4025 4373 supc-

1106 4394 1294 4465 166111
1341 4393 1628 4464 1166111116
1671 4394 2053 4479 1116166666,
2098 4395 2267 4482 quod
2314 4397 2391 4466 ab
2435 4398 2729 4469 1166111166
2772 4402 3148 4491 tenebatur,
3194 4405 3537 4476 6666111661
3585 4406 3792 4494 capit.

1101 4639 1521 4729 Quanquam
1588 4640 1823 4708 autem
1887 4638 2325 4709 Wladislaus
2396 4641 2723 4714 Poloniae
2786 4647 2973 4733 Rex,
3048 4670 3216 4739 pace
3290 4649 3682 4740 aliquoties
3758 4650 4025 4742 petita,

890 4759 1126 4830 omnia
1191 4761 1262 4828 61
1326 4757 1481 4847 ipse
1546 4754 1848 4826 consilia
1912 4755 1983 4825 in
2047 4756 2308 4827 bellum
2376 4764 2702 4849 verterat,
2768 4763 2879 4835 die
2942 4771 3173 4839 tamen
3240 4768 3366 4841 illo
3436 4770 3748 4842 militem
3808 4791 4027 4840 suum

889 4878 1181 4948 Petrum
1248 4874 1625 4964 Korczbog
1653 4873 1741 4963 ⁰),
1816 4873 2118 4945 nobilem
2184 4875 2267 4946 de
2328 4876 2526 4947 domo
2591 4879 2951 4955 Korczbok
2983 4886 3075 4974 ⁷),
3144 4908 3323 4977 quae
3404 4895 3556 4961 tres
3634 4889 4028 4980 carpiones

1115 5163 1160 5241 ¹)
1207 5164 1454 5223 Brzezie
1503 5159 1656 5223 Cod.
1706 5159 1901 5220 Rozr.
1960 5159 2015 5237 2)
2061 5160 2403 5219 Pieszkowa
2447 5163 2627 5222 Skala
2667 5163 2791 5226 Ed.
2838 5166 3016 5250 Lips.
3074 5170 3126 5250 ³)
3173 5175 3575 5252 Krasnystaw
3629 5174 3788 5238 Cod.
3837 5174 4030 5236 Kost.

894 5266 951 5344 ⁴)
1000 5266 1306 5325 Grinwalo
1356 5259 1509 5323 Cod.
1557 5260 1737 5323 Kost.
1796 5262 2126 5320 Grinwaldt
2170 5261 2244 5318 116
2287 5263 2557 5322 Parczow
2601 5264 2724 5326 Ed.
2771 5265 2949 5349 Lips.
3010 5270 3059 5349 ⁵)
3106 5293 3139 5332 z
3185 5277 3581 5352 Proporczem
3640 5277 3773 5339 Ed.
3834 5276 4030 5359 Lips.

897 5366 953 5448 ⁸)
1002 5366 1356 5438 Korezborg
1403 5358 1556 5423 Cod.
1609 5358 1786 5421 Calv.
1838 5360 1889 5437 ⁷)
1935 5361 2268 5419 Korezboki
2318 5358 2464 5424 Cod.
2512 5364 2682 5427 Kost.
