4342 6384
290 579 435 682 (Α.
473 579 565 655 D.
607 578 862 680 1438.)
1436 605 1663 658 mnan
1712 602 2227 656 nuomecnms.
3239 577 3387 652 589

290 796 365 864 et
424 791 889 864 Bohemorum
945 793 1172 863 fuerat
1208 811 1488 878 manuS,
1544 812 1762 863 unum
1800 789 1936 862 fuit
1973 789 2296 862 omnibus
2333 786 2796 879 propositum.
2854 785 3194 858 Albertus
3231 785 3388 858 Rex

288 915 404 984 tot
455 911 793 1004 potentiis
849 911 1187 1001 stipatus,
1246 912 1473 1004 Praga
1526 910 1883 1003 egreditur
1936 913 2006 981 et
2060 907 2622 981 consiliariorum
2664 925 2948 978 suorum
3001 906 3117 977 vel
3153 904 3388 977 victus

288 1033 414 1104 vel
466 1034 795 1124 deceptus
834 1031 1154 1119 consilio,
1210 1036 1355 1102 tam
1394 1031 1763 1121 superbam
1800 1029 2024 1101 mittit
2077 1030 2165 1100 ad
2201 1027 2554 1119 palatinos
2589 1025 2955 1113 Poloniae,
3011 1045 3170 1097 cum
3208 1043 3386 1098 sem-

292 1173 423 1244 per
476 1152 769 1224 humilis
824 1157 894 1224 et
946 1152 1305 1223 virtuosus
1359 1149 1643 1223 habitus
1701 1149 1911 1223 fuerit
1964 1149 2334 1239 Princeps,
2393 1147 2844 1240 legationem:
2901 1144 3156 1219 Nescio
3212 1165 3390 1236 quae

292 1294 425 1345 vos
480 1272 839 1344 temeritas
902 1272 989 1343 ad
1044 1270 1115 1344 id
1171 1270 1487 1359 induxit,
1556 1273 1637 1341 ut
1691 1269 2011 1360 Regnum
2076 1290 2308 1341 meum
2359 1267 2766 1355 Bohemiae,
2835 1267 2924 1338 ad
2977 1267 3162 1358 quod
3217 1263 3390 1338 mihi

294 1396 585 1484 propter
623 1393 677 1480 1)
732 1395 1119 1464 consortem
1174 1411 1397 1463 meam
1453 1389 1947 1476 successionis,
2005 1393 2076 1461 et
2128 1392 2414 1480 propter
2465 1387 2960 1479 inscriptiones
3015 1386 3200 1459 inter
3252 1385 3387 1458 Re-

292 1513 513 1605 gnum
568 1512 945 1585 Bohemiae
1000 1515 1070 1583 et
1122 1512 1403 1582 domum
1440 1509 1774 1582 Austriae
1828 1510 2089 1580 dudum
2144 1509 2494 1581 confectas
2547 1506 3121 1600 praescriptionis
3157 1503 3220 1594 2)
3277 1504 3390 1577 1110

297 1631 664 1723 competit,
724 1631 884 1724 igne
938 1635 1007 1704 et
1046 1631 1316 1722 spoliis,
1374 1629 1677 1720 aliisque
1715 1628 1989 1702 vexetis
2045 1628 2524 1701 incommodis.
2580 1626 2882 1699 Proinde
2922 1627 2984 1697 si
3037 1626 3111 1698 in
3149 1624 3386 1710 armis,

298 1751 363 1822 si
420 1751 493 1823 in
529 1751 801 1825 viribus
856 1750 1239 1837 confiditis,
1297 1749 1482 1822 diem
1536 1756 1608 1821 et
1643 1750 1873 1822 locum
1930 1749 2178 1820 Martis
2218 1748 2490 1840 eligite,
2548 1752 2619 1820 et
2655 1746 3101 1838 experiamur
3153 1767 3243 1817 an
3278 1765 3387 1817 me

296 1871 509 1958 velit,
568 1893 656 1943 an
709 1892 835 1943 vos
887 1891 1177 1964 regnare
1228 1871 1431 1956 hora,
1504 1868 1688 1942 inter
1740 1867 2178 1940 Kazimirum
2211 1866 2296 1956 ³),
2371 1867 2572 1939 cuius
2651 1888 2932 1939 causam
2985 1869 3270 1959 agerent
3297 1865 3386 1953 ⁴),

298 1991 475 2063 belli
528 1990 913 2082 praemium
969 2011 1121 2063 esse
1139 2047 1156 2077 ,
1213 1988 1619 2062 Bohemiam
1675 1987 2163 2080 experirentur
2213 1987 2452 2078 potius
2489 1987 2778 2078 praelio,
2835 2007 3042 2078 quam
3095 1985 3386 2077 popula-

300 2110 523 2196 tione,
582 2111 783 2182 cuius
836 2110 1197 2202 provincia
1250 2115 1466 2198 esset,
1524 2110 1787 2181 cultam
1843 2108 2081 2200 potius
2136 2128 2348 2198 quam
2401 2111 2725 2180 exustam
2778 2106 3071 2180 mallent
3099 2105 3186 2194 5),
3239 2123 3392 2176 0000

302 2250 566 2301 moram
638 2230 925 2301 minime
980 2231 1328 2302 facturum
1355 2231 1444 2319 θ),
1518 2228 1689 2320 quin
1743 2228 1829 2299 ad
1884 2228 2393 2300 decernendum
2448 2230 2787 2298 occurrat.
2862 2224 3173 2298 Palatini
3227 2244 3388 2295 vero

300 2349 637 2422 Poloniae
692 2369 848 2421 011111
902 2348 1281 2422 baronibus
1336 2355 1406 2422 et
1442 2348 1798 2422 nobilibus
1847 2346 2224 2419 Bohemiae
2280 2346 2780 2419 deliberatione
2833 2344 3106 2430 habita,
3147 2342 3390 2414 taliter

300 2468 469 2541 huic
520 2469 855 2561 legationi
910 2490 1282 2561 pomposae
1334 2469 1785 2560 respondent:
1843 2465 2169 2537 Mandato
2225 2465 2488 2537 domini
2524 2463 2748 2536 nostri
2803 2462 3137 2535 Poloniae
3173 2462 3389 2553 Regis

302 2588 715 2674 wladislai,
788 2610 926 2660 non
991 2589 1385 2661 temeritate
1449 2587 1721 2678 aliqua,
1779 2587 1866 2658 ad
1920 2587 2241 2677 Regnum
2303 2585 2436 2656 1100
2495 2605 2688 2655 arma
2753 2582 3034 2674 quidem
3091 2583 3390 2654 ferentes

300 2729 426 2800 pro
482 2729 649 2800 pace
702 2709 1051 2794 venimus,
1108 2712 1190 2779 ut
1243 2708 1425 2779 illud
1478 2709 1566 2779 ad
1620 2707 1823 2778 fidem
1877 2705 2179 2796 primum
2232 2708 2524 2792 rectam,
2581 2703 2830 2775 deinde
2883 2703 2970 2774 ad
3025 2721 3264 2793 pacem
3319 2705 3391 2772 et

303 2827 651 2900 Kazimiri
705 2827 911 2900 electi
964 2828 1181 2920 Regis
1219 2828 1597 2901 Bohemiae
1649 2825 2062 2898 fidelitatem
2099 2825 2514 2896 reducamus
2571 2827 2641 2895 et
2677 2820 3176 2909 obedientiam,
3233 2840 3391 2892 cum

231 2987 237 2990 -
304 2947 516 3019 multi
570 2950 643 3018 et
693 2946 1069 3038 prudentes
1126 2946 1535 3019 existiment
1587 2946 1701 3017 ius
1757 2945 1896 3018 sibi
1949 2945 2023 3016 in
2061 2944 2189 3016 illo
2243 2942 2662 3035 quaesitum.
2721 2941 2800 3014 Si
2851 2947 3084 3013 autem
3139 2939 3389 3012 Alber-

304 3071 425 3138 tus
479 3066 636 3139 Rex
668 3065 731 3154 ⁷)
786 3065 899 3138 ius
954 3066 1240 3157 aliquod
1291 3067 1367 3138 in
1404 3066 1647 3158 Regno
1700 3066 1833 3136 1100
1884 3063 2172 3152 habeat,
2233 3063 2410 3135 satis
2462 3061 2900 3149 dubitamus,
2955 3059 3394 3132 Kazimirum

305 3191 541 3260 autem
569 3183 633 3274 8)
690 3186 987 3259 electum
1040 3187 1304 3278 Regem
1362 3185 1786 3276 superiorem
1842 3204 1921 3255 eo
1977 3182 2128 3256 iure
2184 3182 2478 3268 scimus;
2543 3180 2804 3273 eligere
2859 3185 3092 3252 autem
3147 3180 3234 3251 ad
3287 3179 3390 3250 di-

304 3306 703 3379 micandum
758 3304 989 3377 locum
1062 3305 1385 3377 omnibus
1440 3302 1956 3377 temeritatibus
2028 3301 2419 3374 iudicamus
2481 3300 2890 3373 temeratius
2919 3299 3008 3388 ⁹),
3083 3298 3208 3390 qui
3271 3319 3392 3371 ve-

310 3429 425 3499 lut
496 3423 828 3498 catholici
898 3425 1115 3516 Regis
1178 3425 1469 3497 barones
1550 3427 1619 3495 et
1682 3422 1869 3495 servi
1941 3421 2027 3494 ab
2098 3421 2285 3492 omni
2350 3420 2722 3493 christiani
2795 3419 3158 3512 sanguinis
3223 3416 3392 3490 effu·

308 3546 506 3619 sione
559 3545 1040 3617 abhorremus:
1100 3545 1222 3617 sed
1275 3565 1399 3616 nec
1452 3543 1527 3614 in
1580 3546 1821 3614 nostra
1886 3542 2099 3612 situm
2156 3545 2266 3613 est
2317 3561 2558 3627 manu,
2617 3559 2936 3630 campum
2991 3537 3394 3611 certaminis

308 3669 381 3739 et
433 3665 618 3736 diem
672 3663 998 3756 deligere,
1056 3664 1177 3736 sed
1232 3661 1731 3754 omnipotentis
1767 3660 1899 3734 Dei
1952 3660 2133 3732 illud
2188 3664 2520 3750 tanquam
2559 3661 2874 3732 futurum
2927 3661 2998 3730 et
3051 3658 3394 3732 incertum

306 3782 771 3875 relinquimus
826 3781 1115 3854 arbitrio
1170 3785 1241 3855 et
1276 3781 1663 3870 voluntati3
1720 3803 1940 3872 aequo
1995 3801 2069 3853 se
2107 3781 2284 3853 ferre
2330 3779 2558 3852 animo
2597 3778 2873 3852 Alberti
2926 3776 3395 3870 arrogantiam

308 3923 615 3996 pugnam
669 3902 1007 3993 petentiS,
1065 3923 1224 3974 nam
1279 3902 1627 3975 Coelestes
1683 3901 2003 3992 superbis
2058 3900 2353 3972 infestos
2408 3920 2593 3985 esse;
2658 3902 2952 3970 venturo
3005 3918 3143 3969 non
3197 3897 3391 3969 defu-

308 4030 506 4096 turos
560 4021 825 4114 praelio
862 4022 953 4111 ¹⁰)
1008 4023 1342 4109 Ρο101100,
1402 4021 1647 4094 faciem
1698 4021 1889 4093 hosti
1942 4041 2081 4092 11011
2134 4023 2332 4111 terga
2384 4019 2746 4091 ostendere
2801 4016 3073 4090 solitos.

868 4381 1151 4470 uterque
1196 4381 1527 4452 exercitus
1570 4381 1654 4452 ad
1698 4380 1999 4470 oppidum
2042 4379 2244 4451 'rabor
2289 4381 2508 4451 cautu
2551 4379 2856 4450 metatur.

517 4619 827 4691 Palatini
880 4618 1212 4691 Poloniae
1266 4619 1397 4691 tali
1449 4617 1899 4709 responsione
1936 4617 2129 4704 data,
2190 4638 2275 4690 ne
2313 4617 2550 4708 aliquo
2604 4613 2844 4706 iniquo
2882 4616 3034 4687 1000
3086 4633 3398 4706 pugnare

310 4743 745 4832 cogerentur,
802 4760 959 4810 cum
1015 4739 1316 4810 multum
1370 4739 1681 4810 conferat
1744 4738 1832 4809 ad
1886 4736 2358 4809 dimicandum
2409 4736 2638 4823 100110,
2705 4732 3036 4807 certiores
3097 4754 3221 4825 per
3273 4733 3394 4806 ba-

308 4881 517 4933 rones
573 4863 642 4933 et
694 4857 967 4931 nobiles
1023 4858 1401 4931 Bohemiae
1457 4857 1655 4945 facti,
1714 4861 2051 4948 quantum
2105 4856 2438 4947 oppidum
2491 4855 2716 4928 Tabor
2767 4857 3022 4926 natura
3076 4852 3258 4925 situs
3327 4856 3399 4926 et

529 5165 577 5246 ¹)
619 5185 727 5244 per
770 5161 897 5226 Ed.
943 5161 1123 5248 Lips.
1179 5161 1225 5243 ²)
1273 5170 1333 5226 et
1376 5165 1681 5226 electionis
1724 5160 1855 5225 Ed.
1888 5159 2068 5246 Lips.
2117 5161 2172 5241 ³)
2216 5181 2293 5223 an
2322 5181 2418 5224 me
2445 5161 2616 5240 velit,
2647 5179 2723 5221 an
2747 5160 3111 5221 Kazimirum
3153 5178 3404 5237 regnare

312 5275 573 5332 vestrum
621 5263 773 5331 cod.
819 5264 953 5332 Lis.
1002 5265 1055 5346 ⁴)
1103 5269 1269 5328 cuins
1315 5285 1553 5328 causam
1598 5267 1775 5343 agitis
1821 5262 1946 5327 Ed.
1995 5261 2176 5348 Lips.
2228 5263 2280 5344 ⁶)
2328 5265 2494 5326 cuius
2537 5264 2904 5341 provinciam
2947 5263 3163 5324 cultam
3206 5262 3404 5338 potius

314 5391 493 5450 quam
537 5377 801 5434 exustam
846 5391 979 5434 0000
1022 5372 1265 5432 mallent
1316 5365 1467 5432 Cod.
1515 5365 1648 5432 Lis.
1696 5367 1749 5447 ⁶)
1796 5370 2006 5430 facturi
2051 5363 2178 5429 Ed.
2211 5363 2390 5451 Lips.
2440 5364 2494 5444 ⁷)
2539 5367 2678 5426 Dux
2720 5361 2846 5427 Ed.
2879 5361 3060 5446 Lips.
3109 5363 3161 5441 ε’)
3207 5369 3404 5425 tamen

311 5473 439 5539 Ed.
469 5471 647 5557 Lips.
694 5469 748 5558 ⁹)
792 5475 941 5536 nihil
967 5474 1307 5536 temeratius
1350 5469 1477 5534 Ed.
1510 5467 1689 5554 L'ips.
1743 5469 1825 5551 ¹⁰)
1854 5475 2163 5532 venturum
2192 5489 2311 5531 non
2342 5470 2628 5532 desistere
2655 5468 2943 5547 proelium
2989 5461 3145 5531 cod.
3175 5462 3395 5530 Przez.
