4342 6384
904 575 1055 648 294
2086 597 2312 650 menn
2362 597 2820 651 unnncnme.
3423 573 3558 676 (Α.
3597 575 3692 651 D.
3735 574 3976 675 1422.)

902 799 1093 853 mum
1146 779 1352 852 illum
1406 779 1543 853 sibi
1596 781 1932 873 allegare,
1991 785 2062 854 et
2116 781 2315 854 velut
2367 781 2947 872 incompetentem
2995 801 3132 852 non
3169 784 3312 853 tam
3351 783 3590 874 fugere
3627 803 3836 872 quam
3871 803 3974 855 ac-

902 919 1143 972 cusare
1196 904 1600 990 coeperunt,
1656 900 1841 972 nihil
1893 900 1967 972 in
2022 899 2318 972 Antonii
2371 899 2796 989 conditione,
2863 900 3048 992 quod
3113 899 3260 971 suis
3302 899 3587 972 artibus
3644 901 3976 974 conduce-

814 1069 823 1076 ·
898 1021 1039 1106 ret,
1096 1018 1235 1090 rati
1290 1039 1362 1090 se
1416 1022 1835 1110 reperturos.
1893 1017 2499 1111 comperendinari
2536 1019 2591 1107 ¹)
2645 1019 2893 1091 deinde
2946 1039 3231 1091 causam
3268 1025 3340 1092 et
3377 1019 3688 1092 eiusdem
3747 1019 3972 1112 cogni-

896 1136 1190 1225 tionem,
1248 1139 1319 1210 et
1371 1137 1707 1210 adversus
1772 1158 1846 1210 se
1910 1137 2388 1229 intelligentes
2453 1137 2618 1211 ferri
2681 1138 3132 1226 sententiam,
3200 1141 3382 1211 facto
3451 1139 3538 1210 ad
3593 1138 3974 1231 Sigismun·

899 1255 1065 1326 dum
1134 1256 1604 1329 Romanorum
1676 1257 1936 1349 Regem
2006 1276 2327 1344 recursu,
2401 1277 2540 1330 non
2613 1261 2754 1328 tam
2825 1277 3028 1348 prece
3101 1278 3309 1348 quam
3371 1257 3630 1348 pretio,
3703 1277 3974 1330 causam

898 1373 1162 1466 regiam
1215 1374 1549 1448 infectum
1602 1373 1693 1448 iri
1748 1375 2224 1450 obtinuerunt.
2369 1369 2376 1378 ’

1012 1725 1399 1798 wladislau
1442 1725 1582 1798 Rex
1626 1743 1767 1799 cum
1812 1726 2208 1798 exercitibus
2251 1727 2390 1800 suis
2431 1727 2500 1800 in
2545 1726 2836 1800 woibor:
2881 1726 3218 1813 convenit,
3263 1727 3582 1800 munim
3623 1727 3858 1800 itum.

1109 1969 1823 2044 Iuniwladislaviensi
1860 1971 2111 2066 oppido
2175 1971 2604 2044 wladislaus
2658 1971 2991 2045 Poloniae
3043 1972 3202 2044 Rex
3253 1969 3498 2045 relicto
3518 2026 3536 2059 ,
3593 1991 3720 2061 per
3775 1969 3974 2044 Gram-

897 2089 1122 2178 bicze,
1180 2089 1519 2182 Mogilno,
1558 2089 1817 2162 Zneino
1839 2088 1926 2179 ²),
1967 2090 2347 2179 Gnesnam,
2388 2090 2897 2183 Pobyedziska,
2936 2090 3388 2178 Posnaniam,
3426 2088 3707 2180 Pyzdri,
3767 2087 3974 2161 Scha-

899 2208 1063 2296 deIr,
1118 2208 1527 2299 procedenS,
1584 2208 1661 2280 in
1713 2207 2074 2296 Wolborz,
2140 2231 2278 2300 quo
2323 2210 2556 2302 copias
2620 2210 2988 2284 convenire
3043 2209 3379 2297 iusserat,
3439 2229 3564 2300 pro
3619 2208 3734 2282 die
3791 2206 3975 2278 Visi-

898 2326 1188 2399 tationis
1254 2327 1548 2400 Sanctae
1612 2327 1869 2400 Mariae
1900 2325 1962 2417 ³)
2015 2329 2362 2420 pervenit.
2427 2329 2594 2403 Illic
2621 2331 2686 2418 ⁴)
2741 2329 2828 2402 ad
2892 2350 3092 2400 suam
3157 2328 3620 2402 serenitatem
3681 2327 3976 2419 Magnus

897 2446 1060 2517 Dux
1114 2446 1677 2538 Magnopolensis
1732 2451 1802 2518 et
1835 2447 2348 2540 Kamyenensis
2387 2449 2754 2540 episcopus
2790 2448 3107 2536 veniens,
3165 2447 3342 2521 ferre
3396 2446 3577 2538 Regi
3631 2445 3888 2518 solatia
3915 2443 3976 2532 ⁵)

895 2569 1135 2636 contra
1188 2565 1575 2638 cruciferos
1628 2566 2035 2658 pollicetur,
2104 2587 2441 2658 suamque
2491 2567 3075 2658 pollicitationem
3129 2567 3403 2658 patenti
3455 2565 3822 2638 literarum
3874 2563 3976 2637 in·

890 2687 1107 2755 novat
1170 2687 1381 2776 atque
1441 2685 1674 2757 firmat
1736 2685 2132 2776 sponsione.
2200 2685 2414 2758 Cuius
2479 2686 2908 2778 obligatione
2960 2685 3398 2758 Wladislaus
3454 2685 3611 2758 Rex
3665 2687 3738 2758 et
3791 2703 3974 2756 com-

892 2802 1219 2875 mendata
1273 2808 1345 2876 et
1396 2808 1709 2895 accepta,
1768 2824 1929 2876 eum
1980 2809 2420 2877 muneratum
2473 2804 2798 2878 remittit.

894 3151 1233 3227 notatu
1260 3153 1717 3226 cruciferorum
1744 3154 2011 3244 primun
2041 3155 2346 3227 audacior
2382 3157 2530 3245 plu
2559 3171 2794 3246 aequo,
2841 3154 3076 3227 deinde
3121 3155 3562 3244 contemplato
3602 3153 3976 3226 rotomum

1476 3274 1770 3347 exercitu
1814 3275 2016 3364 ugit,
2060 3274 2334 3364 abrupto
2379 3278 2582 3364 ponte
2621 3275 2691 3347 in
2737 3275 2995 3347 numine
3037 3275 3408 3348 Μυκη.

1098 3517 1543 3591 Exercitibus
1596 3518 1809 3612 regiis
1864 3519 1951 3592 de
2000 3519 2209 3593 terris
2262 3519 2610 3591 duntaxat
2663 3516 3136 3607 cracoviensi,
3194 3517 3496 3590 Russiae
3535 3524 3606 3590 et
3643 3517 3977 3590 Podoliae

890 3657 1015 3728 pro
1070 3637 1183 3710 die
1237 3637 1567 3709 instituto
1622 3637 2233 3724 convenientibu8‚
2291 3635 2730 3710 Wladislaus
2783 3638 2940 3710 Rex
2993 3657 3118 3727 per
3169 3636 3358 3709 viam
3409 3637 3708 3728 priorem
3759 3641 3830 3708 et
3865 3657 3972 3708 ea·

888 3755 1043 3828 dem
1096 3775 1272 3847 pene
1328 3755 1621 3844 stativa,
1680 3755 1943 3848 quibus,-
1989 3757 2065 3828 in
2120 3756 2667 3846 expeditionem,
2725 3776 2863 3847 qua
2917 3775 3210 3847 magnus
3265 3756 3632 3828 conflictus
3686 3753 3973 3827 habitus

889 3879 1027 3962 est,
1086 3875 1463 3947 transitum
1519 3895 1760 3966 agens,
1820 3895 1910 3948 ex
1962 3875 2296 3949 Wolborz
2350 3875 2646 3947 discedit
2686 3879 2756 3948 et
2792 3875 2865 3945 in
2902 3874 3266 3948 Prussiam
3321 3873 3700 3948 contendit.
3758 3874 3970 3945 Dum-

890 4013 1025 4085 que
1076 3994 1151 4065 in
1204 3993 1317 4066 die
1370 3993 1669 4066 Sanctae
1724 3994 1983 4068 Mariae
2036 3994 2488 4085 Magdalenae
2541 3993 2616 4065 in
2669 3993 3170 4084 czyrwyensko
3199 3994 3285 4083 ὅ),
3344 3993 3646 4066 Wislam
3693 4013 3972 4083 supera·

889 4115 1123 4198 turus,
1180 4111 1668 4203 applicuisset,
1726 4112 1965 4204 copiae
2016 4113 2132 4184 illi
2187 4115 2634 4185 occurrerunt
2687 4117 3028 4184 terrarum
3083 4112 3367 4184 Maioris
3422 4112 3781 4184 Poloniae.
3849 4111 3972 4184 Se-

888 4231 1135 4321 quenti
1187 4229 1435 4304 deinde
1488 4231 1633 4318 die,
1691 4251 1890 4303 amne
1944 4231 2177 4304 Wisla
2229 4234 2442 4323 ponte
2477 4231 2716 4303 navali
2769 4230 3039 4318 iuncto,
3095 4232 3504 4302 universum
3569 4251 3774 4302 suum
3833 4235 3972 4302 tra·

887 4347 1054 4420 iecit
1108 4349 1520 4421 exercitum:
1580 4354 1649 4422 et
1703 4349 1815 4421 die
1852 4349 2065 4422 tertia
2100 4349 2505 4422 Alexander
2539 4349 2981 4422 Withawdus
3018 4349 3441 4422 Lithuaniae
3477 4349 3772 4439 Magnus
3811 4349 3974 4420 Dux

888 4489 1045 4541 cum
1096 4471 1304 4560 gente
1358 4487 1487 4540 sua
1539 4468 1855 4554 advenit3
1912 4468 2444 4559 coniunctisque
2507 4469 2875 4560 potentiiS,
2943 4468 3379 4541 Wladislaus
3434 4467 3590 4540 Rex
3643 4467 3976 4540 hostilem

884 4593 1143 4662 terram
1196 4587 1589 4679 penultima
1642 4587 1756 4659 die
1809 4587 1983 4659 Iulii
2036 4587 2298 4660 mensis
2355 4587 2656 4660 feliciter
2718 4587 3039 4660 introivit
3093 4592 3164 4660 et
3219 4586 3481 4660 stativa
3535 4586 3719 4659 circa
3775 4587 3972 4678 oppi-

884 4707 1049 4780 dum
1104 4707 1497 4798 Luterborg
1526 4706 1588 4795 ⁷)
1644 4727 1855 4798 supra
1907 4707 2150 4806 dacum
2213 4706 2498 4779 locavit.
2566 4707 2676 4778 Ex
2741 4707 3132 4799 Luterborg
3191 4706 3416 4799 prima
3471 4705 3587 4778 die
3638 4705 3974 4797 Augusti,

884 4847 1023 4897 non
1079 4845 1277 4900 secus
1333 4847 1541 4918 quam
1593 4825 1669 4897 in
1724 4829 2096 4918 conspectu
2150 4828 2330 4899 foret
2357 4824 2422 4914 ⁸)
2475 4825 2735 4913 hostis,
2792 4825 3072 4898 aciebus
3111 4824 3484 4911 ordinatis,
3526 4845 3774 4896 versus
3829 4825 3974 4896 Lu-

884 4945 1057 5036 bow,
1140 4945 1379 5018 hostes
1456 4965 1689 5018 secum
1748 4945 2149 5037 propediem
2219 4948 2417 5018 ratus
2488 4945 2883 5034 decernere,
2945 4943 3311 5036 processit.
3377 4944 3822 5035 collegerant
3876 4943 3972 5016 si-

1096 5231 1143 5310 ¹)
1187 5232 1643 5309 Compendinari
1691 5225 1844 5294 Ood.
1889 5229 2067 5293 Kost.
2132 5227 2182 5308 2)
2229 5231 2417 5290 Znino
2465 5223 2618 5292 cod.
2663 5227 2858 5292 Rozr.
2913 5231 3174 5290 Znenam
3225 5227 3352 5292 Ed.
3397 5227 3580 5312 Lips.
3644 5226 3702 5308 ⁸)
3745 5229 3808 5290 S.
3853 5231 3976 5290 Ma-

880 5335 1007 5395 riae
1046 5333 1313 5410 Virginis
1363 5329 1513 5397 Ood.
1557 5332 1749 5396 Rozr.
1798 5329 1851 5412 ⁴)
1899 5334 2017 5394 Ubi
2065 5327 2218 5396 cod.
2263 5329 2455 5394 Rozr.
2507 5328 2557 5410 ³)
2599 5333 2822 5392 auxilia
2854 5327 3005 5393 cod.
3036 5328 3229 5394 Rom.
3278 5331 3331 5412 ⁸)
3363 5332 3780 5394 cuci-wieneko
3823 5329 3978 5398 cod.

882 5435 1059 5500 Kost.
1108 5433 1159 5516 ⁷)
1204 5435 1549 5513 Luteborgk
1595 5432 1745 5499 cod.
1790 5433 1968 5499 Kost.
2014 5433 2468 5516 (Lautenburg).
2517 5432 2570 5514 ⁸)
2615 5439 2776 5495 esset
2822 5428 2974 5496 cod.
3017 5430 3212 5495 Rozr.
