4342 6384
282 553 445 656 (Α.
504 553 618 631 Β.
670 551 944 656 1435.)
1538 579 1765 636 mnus
1816 581 2328 636 nnonncnms.
2965 593 2974 599 ·
3327 561 3476 640 563

275 773 428 841 aut
510 763 844 855 Fran-ee,
912 770 1035 839 aut
1099 767 1527 859 propinquos
1591 767 2093 858 trucidaverat,
2152 769 2466 843 infensos
2503 771 2581 861 ¹),
2641 772 2820 846 Duci
2868 775 3050 847 'vero
3118 772 3477 868 Switrigal

278 885 634 962 affectos
656 944 676 976 ,
751 886 1225 960 wladislaum
1278 887 1543 980 Regem
1579 887 1915 962 Poloniae
1968 888 2190 962 variis
2241 889 2514 964 nuntiis
2569 895 2640 966 et
2677 892 2910 966 literis
2966 892 3310 984 solicitat,
3353 895 3470 970 ob-

275 1012 591 1098 secrat·
630 1011 721 1081 et
778 1011 1009 1100 rogat:
1086 1011 1435 1100 quatenus
1499 1029 1624 1080 suo
1687 1008 1998 1100 periculo
2064 1007 2438 1084 subvenire
2501 1011 2932 1104 dignaretur,
3001 1019 3070 1087 et
3133 1017 3216 1086 ut
3267 1013 3472 1088 illum

270 1129 683 1202 hostibus
748 1128 1203 1220 undiquaque
1254 1125 1797 1220 circumseptum
1852 1149 1990 1204 non
2046 1129 2344 1203 deserat.
2401 1129 2842 1206 wladislaus
2898 1138 3132 1208 autem
3187 1135 3271 1208 de
3307 1155 3467 1210 con·

275 1249 481 1322 silio
548 1249 1070 1334 Praelatorum
1138 1250 1209 1320 et
1259 1248 1597 1320 baronum
1654 1267 1937 1321 suorum
1992 1249 2326 1324 Poloniae
2392 1273 2720 1345 magnum
2777 1252 2890 1327 illi
2945 1254 3332 1328 exercitum
3387 1255 3472 1330 de

273 1369 641 1442 Polonis
713 1370 789 1441 in
844 1368 1192 1442 auxilium
1245 1367 1699 1457 transmittit,
1756 1390 1895 1441 non
1952 1367 2272 1463 ignaruS,
2333 1372 2518 1462 quod
2573 1393 2810 1448 omnes
2867 1373 2979 1447 sui
3035 1378 3270 1448 essent
3305 1396 3467 1448 con-

273 1495 414 1562 tra
480 1491 797 1563 Ducem
852 1486 1209 1581 Switrigal
1261 1507 1669 1581 germanum
1723 1493 2053 1580 patruum
2107 1489 2326 1564 laturi
2379 1512 2592 1564 arma.
2658 1494 2823 1565 Dux
2880 1497 3116 1566 autem
3172 1495 3469 1590 Magnus

274 1609 865 1704 sigismundus
920 1607 1342 1682 Lithuaniae
1404 1609 1491 1682 de
1544 1613 1687 1681 tam
1741 1631 2109 1684 numeroso
2177 1615 2248 1684 et
2303 1612 2468 1686 forti
2523 1613 2838 1687 exercitu
2891 1613 2967 1686 in
3021 1615 3468 1689 necessitatis

276 1729 655 1805 articulo
724 1729 863 1804 sibi
914 1727 1329 1804 transmisso
1385 1729 1857 1816 exhilaratus,
1916 1730 2103 1803 omni
2145 1736 2338 1806 metu
2393 1737 2464 1806 et
2501 1733 2900 1809 turbatione
2945 1735 3202 1808 mentis
3257 1736 3464 1830 depo·

280 1850 481 1924 sitis
502 1908 523 1940 ,
596 1855 861 1924 contra
911 1852 1174 1923 Ducem
1212 1849 1571 1942 Switrigal
1624 1851 2002 1944 egreditur,
2060 1856 2131 1924 et
2165 1853 2354 1925 haud
2409 1853 2617 1946 longe
2669 1874 3114 1948 progressus,
3173 1854 3464 1928 dimisso

285 1972 377 2045 in
445 1972 813 2046 exercitu
850 1970 1269 2044 Lithuanico
1324 1969 1473 2043 filio
1509 1971 1700 2046 Duce
1736 1971 2108 2061 Michaele,
2168 1973 2443 2066 Trokky
2497 1973 2892 2066 ingreditur
2909 1973 2996 2063 Β),
3055 1991 3468 2068 omnemque

292 2093 755 2166 exercitum
794 2089 1294 2165 Lithuanicum
1350 2092 1423 2165 in
1464 2092 1931 2166 obedientiam
1985 2099 2055 2165 et
2088 2093 2665 2186 gubernationem
2719 2097 2931 2186 atque
2982 2094 3292 2188 regimen
3346 2097 3460 2175 Ia-

294 2212 484 2285 cobi
548 2213 655 2286 de
713 2211 1067 2303 Kobilany
1133 2211 1479 2302 capitanei
1545 2210 1897 2285 exercitus
1959 2211 2139 2304 regii
2203 2213 2604 2288 committit.
2680 2215 3167 2288 Convenerunt
3229 2214 3468 2308 itaque

296 2338 493 2425 post
556 2335 840 2406 multas
894 2331 1363 2405 desolationes
1419 2335 1491 2404 et
1544 2331 1883 2404 circuitus
1938 2336 2165 2406 terrae
2217 2332 2384 2406 hinc
2438 2333 2598 2407 inde
2652 2335 2908 2422 factas,
2965 2334 3150 2410 circa
3186 2333 3458 2408 Wilko-

298 2452 639 2526 initiam
693 2458 989 2545 uterquc
1044 2450 1430 2541 exercituS,
1491 2455 1561 2524 et
1614 2451 1865 2524 castris
1920 2451 1996 2524 in
2031 2452 2426 2545 propinqua
2479 2453 2849 2541 distantia,
2907 2451 3194 2530 flumine
3245 2475 3462 2546 parvo

304 2573 810 2662 intermedio,
864 2571 1153 2666 positis,
1229 2571 1457 2645 tribus
1530 2571 1777 2645 diebus
1802 2628 1818 2661 ,
1876 2571 2169 2646 totidem
2223 2573 2549 2646 noctibus
2605 2577 2898 2665 uterque
2952 2576 3465 2668 contemplatur

312 2696 665 2770 alterurn
720 2693 909 2768 omni
960 2693 1166 2781 hora,
1226 2692 1413 2766 omni
1467 2695 1847 2781 moment03
1904 2713 2143 2766 omnes
2179 2696 2552 2766 versantur
2603 2693 2678 2766 in
2715 2693 2959 2784 armis,
3017 2715 3252 2768 omnes
3301 2715 3460 2768 con·-

314 2837 681 2908 gressum
736 2812 1111 2907 suspicati,
1170 2812 1371 2904 equis
1408 2807 1717 2886 ascensis
1754 2833 1893 2886 non
1931 2812 2336 2904 quiescunt,
2375 2813 2497 2886 sed
2530 2813 2902 2906 glomerati
2937 2815 3464 2907 praestolantur

320 2957 693 3030 pugnam.
770 2934 920 3008 Nec
974 2935 1201 3006 solum
1266 2933 1439 3007 haec
1502 2933 1813 3026 suspicio
1876 2939 1946 3008 et
2010 2932 2231 3026 fatiga
2291 2937 2668 3025 utrumque
2731 2934 2988 3028 affligit
3040 2935 3457 3025 exercitum,

324 3057 464 3130 sed
526 3061 609 3130 et
661 3063 941 3147 tempus
993 3053 1599 3145 intempestivum:
1658 3054 1981 3127 omnibus
2018 3054 2206 3128 enim
2239 3053 2390 3127 illis
2445 3054 2676 3128 tribus
2727 3055 2976 3129 diebus
3029 3061 3104 3130 et
3136 3055 3462 3130 noctibus

326 3175 607 3268 pluvia
662 3175 985 3250 decidens
1017 3171 1078 3265 3)
1132 3174 1515 3266 plurimum
1572 3177 1642 3247 et
1694 3174 2011 3248 homines
2066 3174 2141 3247 in
2195 3174 2409 3247 armis
2463 3173 2872 3267 praesertim
2929 3173 3333 3268 vigilantes,
3389 3179 3462 3248 et

333 3317 608 3389 equos,
666 3297 923 3390 quibus
976 3294 1409 3382 insidebant,
1478 3293 1841 3387 fatigabat.
1898 3294 2127 3368 Rivus
2182 3294 2472 3386 insuper
2531 3295 2719 3370 inter
2769 3299 3106 3388 utrosque
3159 3294 3456 3385 medina,

332 3437 511 3490 cum
572 3416 881 3511 palustri
936 3419 1005 3489 et
1059 3415 1473 3508 voraginosa
1528 3414 1923 3488 decurreret
1976 3417 2194 3503 unda,
2261 3415 2544 3507 utrique
2599 3415 2944 3489 exercitui
2997 3418 3140 3488 tam
3195 3419 3458 3488 metum

336 3559 571 3630 quam
626 3535 1095 3629 suspicionem
1149 3535 1395 3608 iniecit
1448 3535 1653 3610 illum
1708 3536 2300 3629 transgrediendi,
2356 3558 2446 3610 ne
2496 3538 2648 3610 loco
2703 3533 3041 3627 iniquiori
3095 3536 3182 3608 ab
3237 3535 3456 3608 altero

334 3658 879 3732 circumventus
934 3657 1297 3730 decernere
1351 3661 1734 3748 cogeretur.
1793 3657 1957 3728 Dux
2012 3663 2246 3729 autem
2303 3656 2796 3750 sigismundus
2843 3655 3204 3732 Koributh
3253 3674 3453 3746 prae-

338 3779 731 3868 stantiam,
788 3776 1303 3864 fortitudinem,
1362 3775 2017 3868 animositatemque
2064 3777 2518 3866 Polonorum,
2575 3776 3062 3850 Ruthenorum
3115 3779 3351 3848 autem
3387 3777 3460 3846 et

338 3898 949 3973 'theutonicorum
1002 3895 1660 3988 pusillanimitatem
1712 3897 1789 3969 in
1823 3895 2147 3987 pluribus
2178 3898 2240 3986 ⁴)
2293 3895 2504 3969 bellis
2543 3916 2750 3988 saepe
2803 3900 3160 3986 expertus,
3219 3914 3454 3966 omnes

336 4025 650 4093 conatus
701 4039 869 4092 suos
920 4037 1045 4110 pro
1098 4036 1267 4108 pace
1320 4015 1805 4106 interponebat
1858 4016 2182 4090 omnibus
2237 4015 2388 4089 illis
2427 4015 2654 4089 tribus
2708 4016 2987 4103 diebuS,
3045 4019 3117 4088 et
3151 4013 3455 4106 primum

338 4139 827 4232 cognitionem
882 4137 1105 4210 totius
1160 4157 1441 4224 causae,
1507 4157 1631 4228 pro
1687 4157 1825 4228 qua
1886 4136 2151 4210 bellum
2215 4136 2400 4209 inter
2451 4137 2716 4208 Ducem
2771 4135 3100 4226 Magnum
3155 4134 3453 4207 Lithua·

338 4261 517 4335 niae
572 4259 1101 4352 Sigismundum
1165 4261 1237 4329 et
1291 4257 1551 4329 Ducem
1609 4255 1968 4350 Switrigal
2027 4257 2422 4350 gerebatur,
2493 4254 2947 4342 ordinationi,
3005 4253 3455 4346 dispositioni

342 4388 422 4455 et
482 4378 823 4454 decisioni
878 4376 1149 4452 Summi
1203 4377 1603 4466 Pontificis,
1662 4376 2101 4469 Sigismundi
2156 4375 2645 4469 Imperatoria,
2701 4379 2827 4447 aut
2879 4374 3182 4447 alicuius
3236 4373 3455 4466 Regis

338 4503 475 4576 vel
526 4499 883 4592 Principis
937 4497 1299 4586 catholici,
1368 4497 1455 4570 ad
1511 4500 1899 4570 extremum
1964 4497 2358 4588 aliquorum
2412 4497 2781 4583 bonorum,
2840 4494 2963 4586 qui
3016 4495 3222 4567 fidem
3277 4494 3451 4565 dun-

340 4627 559 4694 taxat
612 4619 1069 4694 christianam
1126 4619 1463 4706 colerent,
1523 4616 1849 4690 submitti
1902 4616 2420 4690 instantissime
2471 4617 2784 4707 petebat,
2842 4635 3201 4706 praesaga,
3255 4617 3452 4706 puto,

340 4746 591 4814 mente
642 4741 911 4813 bellum
963 4737 1145 4811 illud
1200 4742 1271 4811 et
1306 4741 1654 4810 certamen
1710 4737 1927 4810 fatale
1964 4736 2101 4808 sibi
2154 4741 2300 4808 tam
2335 4734 2592 4808 humili
2645 4735 2996 4808 oblatione
3028 4735 3452 4808 declamans.

340 4862 542 4934 ‘Dum
596 4867 831 4934 autem
887 4858 1319 4950 intelligeret
1382 4857 1653 4930 animos
1715 4858 2139 4929 Polonorum
2203 4861 2272 4930 et
2325 4856 2837 4932 Lithuanorum
2891 4853 3293 4946 persuaderi
3345 4857 3450 4924 ta·

338 4981 547 5054 libus
600 4977 1075 5053 oblationibus
1128 4999 1267 5049 non
1319 4997 1525 5070 posse
1580 4977 2031 5068 (verebantur
2068 4977 2250 5050 euim
2287 4975 2953 5050 circumventionem
3007 4978 3078 5046 et
3115 4973 3450 5060 fraudem,

332 5120 639 5193 remque
712 5097 1217 5172 existimabant
1282 5099 1577 5186 fatuam,
1654 5097 1727 5170 in
1791 5097 1945 5188 ipso
2016 5117 2192 5189 pene
2254 5116 2631 5188 congressu
2702 5095 3006 5168 acierum
3077 5093 3452 5185 quicquam

572 5373 621 5455 ¹)'
664 5379 919 5439 0ff0¹¹80⁶
962 5373 1090 5448 Ed,
1138 5371 1319 5469 [αἶρε.
1372 5371 1427 5452 ²)
1470 5373 1801 5464 regreditur
1849 5365 2002 5434 Ood.
2048 5368 2224 5457 Calv.
2273 5367 2326 5464 ἢ
2373 5369 2740 5432 descendeus
2789 5353 2942 5438 Cod.
2975 5363 3194 5434 Przoz,
3240 5363 3294 5449 4)
3325 5369 3453 5446 pm-

348 5480 523 5541 rimis
566 5477 692 5542 Ed.
724 5477 904 5564 Lipe.
