4342 6384
794 525 950 596 396
1963 541 2191 594 nrm-:R
2243 539 2703 594 unnncmus.
3330 513 3463 615 (Α.
3504 514 3595 588 D.
3637 511 3890 613 1430.)

811 731 1080 820 „tiones
1137 730 1252 802 vel
1291 729 1345 818 ¹)
1410 731 1785 802 descensus
1850 726 1924 798 in
1993 725 2439 814 civitatibuS,
2505 723 2703 797 villis
2768 726 2837 797 et
2891 722 3475 811 haereditatibus,
3541 722 3757 796 curiis
3812 745 3891 796 ac

808 849 1153 943 „praediis
1193 848 1674 937 ecclesiarum,
1733 845 2075 920 nobilium
2114 851 2185 919 et
2220 845 2727 938 terrigenarum
2764 848 3160 916 nostrorum
3198 841 3554 916 faciemus
3614 842 3693 916 Si
3730 863 3890 916 vero

805 968 1246 1062 „casualiter‚
1305 966 1830 1060 opportunitate
1893 970 1965 1038 et
2028 965 2449 1039 necessitate
2513 986 2640 1037 nos
2706 970 3024 1056 cogente,
3094 962 3469 1035 stationem
3534 963 3609 1034 in
3662 962 3888 1051 boniS,

805 1088 1291 1180 „civitatibuS,
1350 1087 1641 1174 castris,
1699 1091 1822 1158 aut
1876 1083 2092 1159 curiis
2149 1085 2601 1158 ecclesiarum
2656 1085 2774 1156 vel
2826 1083 3171 1156 nobilium
3224 1103 3353 1154 nos
3392 1083 3614 1155 facere
3668 1081 3888 1154 conti·

802 1208 1055 1302 „gerit‚
1115 1212 1374 1281 extunc
1436 1207 1619 1280 nihil
1683 1206 1758 1280 vi
1822 1207 1936 1279 vel
1998 1204 2315 1297 potentia
2373 1204 2684 1296 recipere
2749 1203 3118 1291 faciemus,
3194 1203 3311 1275 vel
3374 1201 3893 1293 quomodolibet

802 1330 1068 1418 „facere
1121 1327 1341 1418 recipi
1392 1319 1912 1418 permittemus,
1972 1325 2180 1398 immo
2238 1345 2551 1417 quaeque
2604 1322 2999 1396 necessaria
3050 1321 3313 1395 nostris
3360 1321 3679 1413 pecuniis
3732 1343 3888 1414 pro-

803 1447 1021 1540 „priis
1078 1448 1403 1521 volumus
1460 1467 1878 1538 comparare.
1937 1445 2302 1518 Caeterum
2355 1442 2834 1537 promittimus
2891 1445 2960 1516 et
2996 1441 3451 1534 spondemus,
3509 1443 3694 1534 quod
3730 1443 3888 1514 nul-

804 1569 994 1658 „lum
1049 1565 1470 1660 terrigenam
1530 1565 2128 1658 possessionatum
2200 1586 2325 1657 pro
2388 1563 2626 1656 aliquo
2693 1583 2984 1637 excessu
3050 1583 3175 1637 seu
3238 1563 3447 1653 culpa
3510 1560 3887 1653 capiemuS,

804 1708 971 1776 „seu
1025 1688 1182 1779 capi
1235 1686 1750 1774 mandabimus,
1817 1707 1944 1758 nec
1999 1685 2308 1777 aliquam
2364 1684 2749 1757 vindictam
2811 1683 2889 1755 in
2942 1681 3095 1774 ipso
3152 1681 3519 1770 faciemus,
3586 1680 3726 1753 nisi
3782 1680 3888 1753 iu-

805 1806 1027 1896 „dicio
1081 1805 1601 1879 rationabiliter
1672 1805 1883 1878 fuerit
1947 1805 2313 1879 convictus
2388 1809 2456 1878 et
2520 1805 2606 1876 ad
2668 1825 2915 1875 manus
2980 1807 3257 1875 nostras
3324 1803 3442 1874 vel
3492 1805 3889 1874 nostrorum

805 1925 1368 2018 „capitaneorum
1422 1947 1546 2017 per
1599 1924 1864 1998 iudices
1931 1923 2241 1998 eiusdem
2296 1930 2555 2012 terrae,
2620 1922 2697 1996 in
2752 1943 2890 2014 qua
2950 1921 3137 1996 idem
3191 1921 3545 2013 terrigena
3604 1921 3891 2010 residet,

805 2049 1367 2137 „praesentatusz
1426 2044 1553 2118 illo
1609 2047 1841 2117 tamen
1894 2044 2207 2130 homine,
2272 2045 2394 2136 qui
2448 2043 2522 2116 in
2578 2045 2764 2115 furto
2818 2044 2935 2113 vel
2989 2042 3063 2114 in
3117 2041 3354 2133 aliquo
3406 2039 3693 2132 publico
3750 2063 3889 2114 ma-

803 2164 1104 2256 „leficio,
1161 2169 1407 2256 utpote
1461 2162 1811 2254 incendic,
1885 2163 2263 2237 homicidio
2318 2163 2750 2248 voluntario,
2822 2166 3033 2254 raptu
3087 2161 3439 2254 virginum
3516 2165 3587 2235 et
3638 2161 3887 2234 mulie-

807 2307 1036 2376 „rum,
1067 2285 1398 2357 villarum
1437 2284 2097 2376 depopulationibus
2136 2288 2208 2358 et
2246 2283 2813 2376 spoliationibus,
2856 2283 3511 2374 deprehenderetur,
3562 2281 3891 2355 similiter

807 2405 1030 2494 „illis,
1089 2404 1212 2498 qui
1265 2406 1349 2478 de
1404 2427 1478 2478 se
1533 2405 1808 2478 nollent
1869 2403 2176 2478 debitam
2243 2406 2467 2477 facere
2520 2401 2915 2476 cautionem
2979 2403 3098 2474 vel
3150 2402 3347 2491 dare,
3413 2401 3619 2475 iuxta
3673 2424 3888 2495 quan·

805 2525 1124 2614 „titatem
1181 2545 1512 2599 excessus
1571 2525 1686 2596 vel
1740 2524 1982 2598 delicti
2010 2523 2097 2614 2),
2155 2525 2503 2596 duntaxat
2557 2521 2900 2614 exceptis,
2982 2523 3191 2595 Nulli
3245 2527 3479 2596 autem
3534 2524 3715 2597 bona
3770 2544 3891 2597 seu

803 2645 1324 2737 „possessiones
1389 2645 1849 2737 recepiemus,
1916 2644 2058 2716 nisi
2122 2644 2335 2718 fuerit
2398 2642 2827 2717 iudicialiter
2886 2663 3013 2735 per
3074 2641 3339 2717 iudices
3394 2646 3889 2735 competentes,

805 2764 964 2854 „vel
1015 2765 1308 2838 barones
1363 2768 1674 2854 nostros,
1731 2765 1933 2838 nobis
1971 2764 2495 2838 condemnatus.
2552 2765 2736 2836 Item
2772 2762 3274 2854 promittimus,
3331 2764 3514 2856 quod
3570 2763 3892 2836 omnibus

807 2883 1257 2976 „terrigenis,
1325 2906 1483 2958 cum
1538 2885 1740 2959 bonis
1807 2889 1876 2958 et
1929 2884 2484 2980 haereditatibus
2549 2883 2811 2956 nostris
2864 2883 3203 2977 granities
3234 2881 3297 2973 ³)
3359 2883 3890 2975 postulantibus

805 3025 928 3094 „ac
979 3004 1416 3094 petentibus,
1473 3026 1613 3076 non
1668 3004 2187 3096 denegabimus,
2245 3006 2427 3078 Item
2480 3003 2917 3095 pollicemur,
2976 3004 3159 3095 quod
3214 3024 3451 3076 omnes
3506 3006 3729 3077 terras
3766 3024 3888 3075 no-

807 3127 1034 3212 „stras
1088 3123 1318 3216 Regni
1355 3123 1722 3212 Poloniae,
1781 3124 1993 3197 etiam
2051 3129 2306 3198 terram
2342 3123 2645 3197 Russiae
2681 3123 3125 3210 includendo,
3184 3122 3407 3195 salvis
3461 3127 3695 3197 tamen
3730 3143 3889 3196 ave-

807 3264 980 3332 „nae
1035 3243 1703 3333 contributionibus,
1761 3245 1846 3317 de
1884 3244 2140 3337 quibus
2194 3244 2397 3317 nobis
2452 3245 2539 3318 ad
2576 3246 2889 3334 tempora
2941 3243 3130 3317 vitae
3182 3245 3462 3316 nostrae
3518 3244 3669 3316 sola
3705 3245 3890 3316 Rus-

807 3362 958 3452 „sia
1009 3363 1489 3455 respondebit,
1547 3365 1633 3436 ad
1671 3386 1889 3436 unum
1944 3364 2058 3436 ius
2115 3369 2187 3438 et
2221 3386 2432 3437 unam
2488 3384 2920 3438 communem
2957 3364 3183 3456 legem
3203 3363 3267 3453 ⁴)
3324 3363 3645 3436 omnibus
3682 3362 3892 3436 terris

808 3482 1289 3571 „reducemus,
1345 3483 1915 3577 reducimusque‚
1975 3485 2361 3557 adunamus
2418 3488 2489 3556 et
2542 3483 2859 3572 unimus,
2926 3488 3165 3556 tenore
3217 3483 3694 3574 praesentium
3748 3503 3888 3554 me-

809 3601 1114 3692 „diante.
1198 3604 1381 3676 Item
1453 3604 1926 3693 attendenteS,
2003 3606 2187 3697 quod
2260 3604 2430 3678 dicti
2504 3603 2730 3677 nostri
2788 3603 3181 3696 regnicolae
3254 3607 3324 3674 et
3387 3601 3893 3675 inhabitatores

808 3721 1082 3814 „Regni
1134 3722 1208 3794 in
1264 3724 1567 3796 favorem
1621 3729 1901 3799 nostrae
1965 3723 2361 3798 Maiestatis
2422 3722 2823 3816 privilegiis
2884 3723 3062 3814 ipsis
3126 3742 3249 3814 per
3302 3743 3427 3795 nos
3492 3727 3563 3795 et
3616 3725 3891 3794 nostros

809 3843 1411 3933 „praedecessores
1466 3845 1852 3932 concessis,
1913 3844 2329 3935 quandoque
2364 3843 2819 3935 derogarunt,
2876 3842 3113 3914 eadem
3150 3841 3463 3933 ipsorum
3516 3840 3893 3932 privilegia

806 3965 1089 4049 „nostra
1143 3966 1215 4035 et
1267 3962 1872 4054 praedecessorum
1928 3967 2357 4052 nostrorum,
2417 3963 2693 4055 Regum
2748 3966 2819 4034 et
2854 3963 3129 4034 Ducum
3183 3965 3254 4034 et
3302 3960 3679 4034 haeredum
3715 3960 3889 4054 legi-

808 4080 1179 4168 „timorum
1235 4086 1307 4154 et
1358 4103 1679 4155 verorum
1744 4082 1972 4176 Regni
2025 4081 2361 4156 Poloniae
2422 4081 2795 4174 praedicti,
2864 4082 2951 4153 ad
3006 4084 3270 4154 statum
3332 4080 3633 4172 priorem
3684 4081 3888 4153 redu-

808 4199 1104 4288 „cimus,
1159 4201 1700 4294 reintegramus,
1755 4208 2263 4290 restauramu8‚
2321 4223 2401 4274 ac
2452 4200 2841 4293 praesentis
2898 4199 3145 4292 scripti
3198 4201 3585 4293 patrocinio
3640 4202 3886 4273 confir·

810 4341 1152 4408 „mamus,
1207 4321 1637 4394 ratificamus
1693 4326 1764 4395 et
1818 4322 2287 4410 declaramus,
2343 4321 2537 4412 ipsas
2591 4322 2803 4394 robur
2856 4321 3170 4394 obtinere
3224 4320 3606 4392 firmitatis.
3683 4319 3888 4408 Item,

811 4439 914 4528 „si
970 4439 1092 4532 qui
1148 4441 1568 4533 terrigenae,
1635 4445 1758 4516 aut
1813 4441 2048 4533 quivis
2104 4441 2231 4513 alii
2297 4441 2565 4514 incolae
2619 4440 2847 4532 Regni
2902 4439 3236 4513 Poloniae
3289 4440 3667 4532 praedicti,
3722 4461 3889 4532 pen·-

810 4558 1058 4649 „dente
1111 4559 1239 4632 lite
1276 4559 1349 4631 in
1386 4560 1698 4649 iudiciis,
1756 4582 1880 4653 pro
1919 4559 2473 4653 quibuscumque
2508 4560 2739 4634 causis
2776 4560 3188 4634 concordare
3226 4561 3607 4650 voluerint,
3648 4583 3689 4634 a
3725 4581 3886 4652 poe·

810 4679 964 4769 „nis
1020 4680 1283 4753 nostris
1322 4701 1400 4754 ac
1437 4680 1745 4754 iudicum
1785 4685 1854 4754 et
1891 4681 2366 4768 subindicum,
2407 4681 2878 4772 palatinorum
2918 4684 2987 4754 et
3024 4682 3566 4754 castellanorum
3615 4682 3891 4756 eosdem

811 4799 1110 4889 „liberos
1166 4799 1458 4873 facimus
1521 4807 1592 4873 et
1646 4802 1940 4874 solutos.
2023 4802 2205 4873 Item
2277 4799 2791 4893 promittimus,
2871 4800 3056 4892 quod
3109 4800 3292 4873 nulli
3356 4822 3615 4892 poenas
3688 4822 3899 4894 super

812 4920 1240 5009 „nobilibuS,
1299 4921 1386 4993 ad
1441 4942 1614 5013 quas
1667 4920 1870 4994 nobis
1925 4921 2355 4995 iudicialiter
2410 4920 2671 4994 fuerint
2723 4921 3194 5008 condemnati,
3262 4920 3643 5014 exigendas
3698 4921 3891 4994 dabi-

813 5061 1044 5128 „mus3
1101 5040 1222 5114 sed
1277 5062 1393 5115 eas
1447 5061 1572 5132 per
1622 5061 1784 5130 1103,
1851 5045 1976 5113 aut
2027 5061 2151 5132 per
2204 5045 2481 5113 nostros
2536 5039 2937 5130 capitaneos
2992 5044 3063 5112 et
3118 5041 3452 5113 officiales
3508 5039 3891 5134 exigemuS,

807 5411 865 5480 Ο
1019 5312 1064 5392 ¹)
1125 5316 1278 5376 ullos
1337 5312 1464 5376 Ed.
1523 5312 1704 5398 Lips.
1783 5313 1840 5395 ²)
1900 5315 2084 5376 debiti
2147 5308 2299 5376 0001.
2366 5307 2543 5376 Calv.
2621 5311 2677 5393 ³)
2742 5314 2959 5374 limites
3024 5309 3177 5377 Cod.
3235 5311 3429 5376 Rozr.
3507 5311 3563 5394 ⁴)
3620 5316 3897 5376 unionem

859 5413 960 5478 od.
1006 5413 1183 5479 Kost.
