4342 6384
469 588 602 693 (Α.
643 587 735 665 D.
759 570 1006 690 '14¹3.)
1646 613 1873 668 mann
1925 611 2385 669 munemne.
3418 591 3564 670 153

471 800 783 874 stissimo
837 805 1147 891 tempore
1200 821 1289 874 ex
1343 799 1750 892 parentibus
1807 806 1878 874 et
1929 802 2495 894 progenitoribus
2552 801 2701 876 suis
2754 805 3041 894 propter
3094 807 3293 877 actus
3331 803 3563 877 heroi-

471 941 586 994 cos
641 925 715 994 et
766 919 1017 994 merita
1071 919 1470 1012 conquisita
1523 921 1940 1010 habuerant,
2000 923 2431 996 concedendo
2470 923 2732 997 deferre
2770 923 3181 1012 Lithuani8‚
3242 929 3311 998 et
3350 925 3567 997 armis

468 1043 892 1114 Polonorum
947 1061 1064 1114 eos
1119 1041 1588 1130 nobilitando,
1645 1043 2261 1135 insigniendoque,
2320 1043 2444 1135 qui
2481 1048 2644 1116 ante
2680 1064 2905 1137 neque
2943 1043 3409 1117 conditionem
3446 1066 3566 1117 no-

469 1161 775 1234 bilitatis
829 1165 1114 1250 norant,
1172 1183 1397 1253 neque
1451 1162 1758 1256 insignia
1813 1184 1936 1237 seu
1990 1163 2390 1237 nobilitatis
2454 1185 2647 1236 arma
2699 1168 2977 1257 gestare
3030 1168 3567 1251 consueverant;

471 1281 829 1376 largiendo
883 1281 1174 1374 insuper
1227 1283 1740 1356 Lithuanorum
1793 1283 2174 1357 baronibus
2229 1283 2383 1356 iura
2430 1289 2501 1357 et
2538 1284 2904 1358 libertates
2944 1285 3276 1378 optimae,
3336 1285 3566 1373 31313,

474 1403 728 1496 quibus
779 1402 1116 1476 Poloniae
1171 1403 1493 1496 Regnum
1544 1403 1888 1495 inclytum
1945 1409 2085 1493 est,
2143 1406 2561 1493 conformes,
2615 1404 3033 1478 remittendo
3081 1404 3230 1478 illis
3272 1403 3565 1492 tributa,

473 1523 852 1598 servitutes
909 1527 978 1596 et
1033 1543 1274 1612 onera,
1341 1523 1597 1615 quibus
1661 1545 1803 1597 non
1867 1544 2068 1599 secus
2131 1546 2342 1615 quam
2398 1524 2706 1616 emptitii
2760 1529 2831 1598 et
2884 1525 3106 1597 sclavi
3159 1524 3565 1626 premeban-

469 1650 609 1718 tur.
667 1644 864 1735 Quod
919 1643 1136 1716 latius
1173 1648 1373 1718 tenor
1408 1645 1774 1717 literarum
1830 1643 2203 1736 superinde
2259 1647 2726 1718 confectarum
2750 1699 2767 1734 ,
2826 1645 2949 1736 qui
3002 1643 3171 1718 talis
3226 1649 3369 1733 est,
3406 1664 3564 1734 pro-

469 1769 806 1838 testatur:

688 1884 818 1974 „In
886 1885 1168 1958 nomine
1239 1885 1522 1958 Domini
1595 1887 1844 1958 Amen.
1919 1884 2033 1956 Ad
2099 1890 2509 1976 perpetuam
2580 1883 2685 1956 rei
2757 1883 3183 1957 memoriam.
3279 1883 3565 1956 Debito-

481 2025 632 2094 „res
689 2025 930 2076 sumus
987 2002 1382 2096 spiritualis
1436 2003 1810 2077 alimoniae
1877 2005 2217 2078 salutaria
2280 2005 2429 2077 illis
2492 2004 2745 2096 pocula
2806 2003 3240 2090 ministrare,
3310 2002 3567 2094 quibus

481 2124 1032 2217 „praesidentes,
1089 2124 1585 2215 temporalium
1639 2125 2149 2198 commodorum
2204 2124 2689 2217 praestitimus
2726 2124 3089 2216 suffragia:
3148 2127 3229 2195 ut
3268 2143 3443 2214 quos
3480 2123 3568 2194 ad

481 2243 832 2336 „corporis
892 2243 1388 2318 necessitatem
1453 2247 1966 2331 sustentamuS,
2043 2245 2299 2318 salutis
2366 2244 2577 2318 etiam
2638 2244 2816 2335 ipsis
2838 2299 2855 2332 ,
2925 2247 3264 2335 quantum
3328 2245 3571 2314 nostra

481 2365 789 2454 „sufficit
841 2366 1176 2452 facultas,
1234 2364 1626 2438 ministeria
1677 2364 2148 2456 porrigamus;
2206 2385 2323 2452 ne,
2381 2365 2546 2437 dum
2600 2363 3105 2455 temporalibus
3161 2361 3565 2435 insistimus

481 2485 984 2576 „profectibus,
1040 2484 1231 2559 vitae
1285 2485 1640 2557 commoda
1693 2484 2050 2576 negligere
2105 2484 2495 2557 videamur:
2554 2488 2624 2556 et
2676 2484 2861 2556 unde
2916 2483 3097 2556 dona
3142 2481 3565 2555 benedictio-

479 2605 634 2694 „nis
671 2610 744 2678 et
777 2605 1100 2679 bravium
1139 2609 1590 2696 expectamus
1646 2604 2179 2696 sempiternum,
2236 2604 2399 2677 inde
2452 2603 2643 2677 vitae
2698 2603 3117 2677 detrimenta
3154 2601 3563 2689 sentiamus,

480 2729 593 2815 „et
644 2725 972 2817 praemiis
1026 2724 1352 2798 destituti
1389 2724 1775 2817 adoptatis,
1833 2726 2033 2797 nulla
2080 2723 2341 2798 laboris
2380 2723 2605 2797 nostri
2642 2722 2997 2797 commoda
3034 2742 3563 2813 consequamur.

481 2845 830 2939 „Expedit
893 2845 1258 2944 exquirere
1314 2850 1384 2918 et
1439 2844 1673 2918 debita
1735 2845 2094 2918 attendere
2134 2845 2189 2934 ¹)
2240 2844 2544 2917 ratione:
2618 2848 2701 2917 ut
2754 2843 2919 2916 dum
2971 2841 3375 2914 hominibus
3431 2840 3560 2913 im-

479 2965 866 3056 „partimur
917 2964 1146 3039 carnis
1201 2965 1566 3054 beneficia,
1625 2964 2072 3054 meditemur,
2129 2964 2436 3055 qualiter
2487 2963 2665 3054 ipsis
2696 2962 3053 3036 coelestia
3106 2962 3565 3055 praebeamus

481 3085 896 3175 „alimenta3
953 3089 1024 3158 et
1077 3105 1252 3176 quos
1306 3085 1382 3156 in
1434 3085 1566 3156 hoc
1621 3085 1898 3158 saeculo
1953 3083 2387 3157 transitoriis
2431 3105 2663 3156 rerum
2700 3081 3063 3156 condimus
3102 3080 3355 3172 copiis,
3411 3080 3562 3152 illis

479 3205 708 3296 „viam
744 3204 1208 3278 beatitudinis
1245 3208 1566 3278 aeternae
1601 3204 2189 3278 demonstremus:
2259 3207 2604 3295 quatenus
2660 3205 2730 3276 et
2782 3202 2898 3275 hic
2952 3205 3231 3274 nostrae
3286 3199 3564 3274 munifi-

479 3325 792 3416 „centiae
845 3328 1265 3417 cognoscant
1327 3323 1710 3416 praesidia,
1785 3329 1857 3396 et
1910 3325 2191 3398 tandem
2258 3324 2535 3397 futurae
2596 3321 2865 3416 gloriae
2929 3320 3367 3413 compendia,
3442 3342 3568 3412 per

480 3444 862 3536 „exercitia
914 3444 1320 3518 directionis
1373 3447 1686 3532 nostrae,
1744 3444 2269 3536 apprehendant
2323 3443 2398 3514 in
2454 3441 2762 3514 omnium
2820 3443 3207 3515 Salvatore.
3264 3440 3565 3513 Proinde

477 3585 646 3654 „nos
721 3563 1160 3638 Wladislaus
1221 3564 1354 3637 Dei
1405 3563 1636 3656 gratia
1705 3565 1862 3637 Rex
1934 3563 2303 3651 Poloniae,
2379 3582 2506 3636 nec
2560 3581 2721 3634 non·
2752 3566 3095 3634 terrarum
3169 3559 3561 3647 cracoviae,

479 3683 1038 3774 „Sandomiriae,
1105 3682 1454 3772 Siradiae,
1522 3683 1924 3772 Lanciciae,
1990 3683 2373 3775 Cuyaviae,
2439 3681 2863 3756 Lithuaniae
2926 3681 3265 3771 Princeps
3322 3701 3563 3771 supre-

478 3826 709 3893 „mus,
765 3803 1250 3893 Pomeraniae,
1309 3804 1748 3897 Russiaeque
1802 3803 2142 3876 Dominus
2200 3808 2268 3876 et
2314 3803 2589 3876 haeres:
2649 3806 2719 3874 et
2757 3801 3160 3874 Alexander
3195 3801 3373 3873 alias
3408 3801 3561 3872 Wi-

477 3924 872 4014 „thawdus,
930 3924 1226 4017 Magnus
1281 3926 1443 3998 Dux
1500 3923 1954 4012 Lithuaniae,
2021 3945 2146 3997 nec
2199 3945 2338 3995 non
2392 3927 2747 3996 terrarum·
2774 3921 3075 3995 Russiae
3111 3921 3456 3993 Dominus
3494 3925 3565 3994 et

479 4045 764 4134 „haeres
831 4049 964 4118 etc.
1031 4043 1522 4136 significamus
1585 4050 1824 4118 tenore
1885 4043 2396 4136 praesentium,
2474 4042 2729 4134 quibus
2780 4041 3112 4133 expedit,
3184 4039 3561 4128 111ιί131313,

477 4164 1008 4256 „praesentibus
1072 4168 1142 4236 31
1194 4164 1488 4251 111111113,
1553 4163 2030 4257 praesentium
2095 4164 2420 4237 notitiam
2483 4162 2865 4235 habituris:
2935 4162 3275 4253 quomodo
3340 4163 3563 4233 terras

475 4284 942 4374 „Lithuaniae
996 4287 1067 4356 31
1121 4305 1358 4357 earum
1412 4284 1712 4374 incolae,
1769 4289 2010 4356 nostro
2067 4284 2385 4356 subditos
2420 4281 2779 4371 dominio,
2850 4283 2923 4354 in
2982 4303 3155 4373 quos
3215 4302 3421 4372 saepe
3472 4281 3560 4352 li-

475 4404 914 4494 „beralitatis
969 4409 1250 4477 nostrae
1303 4404 1663 4478 dexteram
1719 4404 2196 4492 extendimus,
2254 4408 2325 4476 et
2360 4402 2705 4495 profectui
2741 4402 3054 4493 ipsorum
3093 4401 3560 4487 intendenteS,

475 4525 746 4613 „multa
807 4524 1200 4614 frequentia
1263 4528 1526 4596 statum
1581 4529 1652 4597 et
1705 4523 2176 4598 conditionem
2240 4544 2477 4597 eorum
2546 4543 2817 4612 semper
2880 4520 3279 4594 studuimus
3336 4521 3562 4592 facere

473 4643 904 4734 „meliorem,
959 4644 1260 4716 ferventi
1312 4642 1654 4717 desiderio
1709 4643 2072 4734 cupientes
2135 4645 2211 4716 in
2266 4647 2667 4733 assumptae
2719 4641 2884 4714 fidei
2939 4640 3308 4714 devotione
3376 4639 3558 4730 iugi-

477 4771 626 4854 „ter
655 4762 718 4853 2)
775 4763 1077 4836 solidare
1131 4767 1202 4836 et
1255 4762 1577 4852 fundare,
1633 4769 1715 4836 ut
1766 4764 1960 4855 ipsos
2014 4764 2466 4851 AltissimuS,
2526 4783 2661 4854 quo
2716 4765 3147 4853 praestante,
3206 4761 3439 4832 lumen
3477 4759 3557 4830 fi-

476 4886 630 4976 „dei
683 4905 810 4976 per
860 4888 1174 4956 nostram
1228 4904 1516 4986 operam·
1559 4889 2004 4977 receperunt,
2071 4884 2157 4956 ad
2224 4884 2501 4956 laudem
2556 4886 2629 4956 et
2679 4884 3009 4954 honorem
3066 4879 3179 4952 sui
3232 4878 3559 4967 nominis,

473 5011 586 5096 „et
639 5004 952 5079 eiusdem
1005 5004 1168 5076 fidei
1222 4980 1608 5078 catholicae
1663 5009 2146 5096 augmentum,
2202 5005 2473 5096 gratiae
2530 5023 2696 5075 suae
2733 5001 3153 5075 charismate
3192 5001 3557 5072 confirma-

476 5128 656 5214 „ret3
713 5144 873 5196 cum
927 5144 1043 5195 eos
1099 5143 1306 5215 saepe
1361 5123 1880 5197 munificentiae
1935 5128 2217 5196 nostrae
2270 5122 2471 5196 donis
2525 5121 2909 5209 reficimus,
2968 5139 3403 5211 summopere
3456 5119 3557 5192 af—

476 5246 857 5333 „fectamus
913 5243 1404 5335 spiritualibus
1457 5245 1710 5336 gratiis
1763 5246 2105 5333 refovere,
2163 5247 2233 5316 et
2287 5263 2411 5335 per
2465 5261 2781 5335 quaeque
2835 5241 3153 5332 legitima
3208 5239 3445 5312 studia
3491 5243 3561 5310 et

679 5500 730 5578 ¹)
774 5506 1064 5563 attentare
1113 5497 1265 5562 cod.
1309 5497 1502 5562 Rozr.
1551 5498 1602 5580 ²)
1649 5500 1900 5560 fideliter
1947 5493 2098 5560 Cod.
2142 5493 2318 5560 Calv.

519 5652 562 5692 J.
588 5653 786 5700 magos.
815 5651 936 5692 nist.
963 5651 1124 5692 Polou.
1153 5651 1204 5690 rr.
1231 5651 1311 5690 11.
3142 5629 3215 5682 20
