4342 6384
977 528 1125 599 108
2153 551 2379 602 numa
2430 549 2887 602 unnncnms.
3515 526 3646 626 (Α.
3686 525 3777 600 D.
3819 523 4059 623 1410.)

973 731 1363 805 columibus
1419 732 1608 806 abire
1660 733 1900 821 liceat,
1958 755 2094 805 non
2152 739 2458 807 castrum
2496 734 2975 807 tantummodo
3016 735 3265 807 Sthum
3303 733 3382 821 ¹),
3442 732 3562 806 sed
3618 736 3688 805 et
3742 735 4057 804 castrum

973 852 1289 943 Morang,
1347 851 1461 923 cui
1513 873 1640 944 par
1691 853 2079 943 periculum
2135 855 2576 942 imminebat,
2634 854 2972 946 Magistro
3029 857 3097 926 et
3152 853 3394 926 Ordini
3446 853 3828 944 resignant.

971 1201 1276 1292 nagistro
1319 1203 1611 1275 Pmssiao
1657 1221 1697 1276 ι
1741 1205 1942 1276 castri
1985 1205 2233 1278 Badrin
2278 1206 2760 1295 oppugnatione
2792 1205 3034 1276 reiecto
3048 1260 3065 1290 ,
3110 1204 3410 1294 oppidum
3439 1204 3697 1293 nuptm
3726 1219 3769 1274 ι
3798 1203 4061 1274 Polonis

2317 1324 2705 1397 incenditur.

1175 1567 1411 1640 Novos
1466 1572 1536 1643 et
1589 1591 1876 1663 magnos
1931 1591 2143 1643 ausus
2190 1571 2539 1644 Henricus
2579 1572 2663 1644 de
2702 1571 2980 1644 Plavven
3018 1569 3349 1642 Prussiae
3388 1568 3721 1660 Magister
3758 1589 3845 1640 ex
3888 1568 4058 1639 duo-

971 1711 1122 1760 rum
1177 1694 1564 1761 castrorum
1618 1691 1929 1762 cessione
1984 1691 2312 1782 adeptus,
2372 1691 2658 1764 tertium
2724 1696 3061 1779 castrum,
3129 1689 3457 1762 videlicet
3509 1687 3783 1760 Radzin
3812 1685 3905 1775 ²),
3966 1689 4059 1759 si-

971 1807 1124 1879 mili
1189 1808 1548 1882 obsidione
1619 1815 1952 1897 coarctat,
2029 1816 2098 1882 et
2161 1832 2286 1883 sex
2350 1811 2803 1883 hebdomadis
2878 1810 3058 1883 illud
3124 1809 3453 1880 continua
3514 1806 4059 1879 bombardarum

969 1927 1394 2017 proiectione
1428 1928 1817 2020 impugnat.
1876 1929 2221 2003 Gentibus
2258 1934 2491 2003 autem
2528 1931 2741 2022 regiis
2778 1931 2991 2022 probe
3028 1929 3209 2001 illud
3246 1925 3809 2013 defendentibus,
3860 1947 4057 1997 coac-

973 2051 1090 2116 tus
1145 2050 1252 2117 est
1307 2046 1391 2117 ab
1447 2047 1598 2118 eius
1654 2048 2012 2120 obsidione
2067 2071 2224 2121 cum
2278 2050 2539 2139 pudore
2592 2049 2897 2137 resilire,
2957 2069 3275 2140 magnam
3334 2067 3615 2118 suorum
3654 2046 4057 2117 vulnerato-

973 2187 1128 2236 rum
1183 2165 1646 2256 quantitatem
1701 2165 1773 2238 in
1829 2168 2080 2258 oppido
2135 2169 2405 2240 Radzin
2460 2169 2779 2241 medendi
2832 2169 3061 2262 gratia
3096 2167 3523 2257 relinquens.
3582 2164 3741 2236 Non
3780 2168 4061 2256 poterat

973 2286 1104 2356 hoc
1175 2285 1436 2356 milites
1505 2287 1767 2378 regi08,
1843 2287 1963 2378 qui
2028 2293 2333 2359 castrum
2398 2289 2670 2360 Radzin
2734 2287 3227 2373 observabant,
3302 2287 3544 2357 latere.
3622 2285 4063 2374 Quapropter

973 2407 1174 2476 nocte
1231 2404 1686 2494 subsequenti
1741 2407 2047 2478 velocem
2103 2406 2189 2477 ad
2246 2406 2423 2478 alias
2478 2408 2706 2500 regias
2769 2411 3013 2500 gentes
3068 2406 3145 2477 in
3196 2403 3542 2495 praesidio
3610 2404 3828 2474 castri
3882 2405 4055 2474 Bro-

973 2523 1214 2595 dnicza
1269 2523 1730 2596 consistentes
1785 2525 2110 2597 nuntium
2165 2525 2551 2614 destinant,
2619 2531 2975 2618 rogantes:
3045 2531 3389 2616 quatenus
3446 2523 3546 2595 eis
3603 2520 3893 2594 veniant
3946 2543 4056 2594 ce-

970 2642 1211 2715 leriter
1281 2642 1355 2714 in
1427 2663 1864 2731 succursum
1939 2643 2269 2735 oppidum
2342 2645 2613 2717 Radzin
2687 2650 2757 2717 et
2830 2643 3298 2717 substantiam
3370 2641 3521 2716 eius
3596 2662 3753 2714 cum
3824 2641 4055 2733 genti-

969 2763 1133 2849 buS,
1205 2783 1380 2852 quae
1441 2762 1515 2834 in
1581 2783 1658 2834 eo
1715 2783 1756 2834 a
1808 2763 2181 2836 cruciferis
2246 2769 2445 2836 erant
2510 2769 2659 2836 tum
2714 2785 2838 2855 pro
2910 2763 3343 2849 defensione,
3401 2766 3553 2833 tum
3607 2781 3731 2851 pro
3787 2760 4056 2831 medela

951 2880 1374 2968 derelictae,
1454 2881 1654 2953 facile
1727 2883 2130 2972 occupaturi
2203 2881 2587 2956 invasione.
2665 2883 2970 2973 Quorum
3040 2881 3369 2973 petitioni
3422 2879 3722 2972 gerendo
3797 2879 4057 2950 milites

977 3019 1064 3070 ex
1117 2999 1464 3089 praesidio
1529 3001 2059 3090 Brodniczensi,
2125 3001 2457 3074 videlicet
2520 3003 2857 3074 Albertus
2923 3001 3221 3091 Malsky,
3290 3000 3683 3071 Dobeslaus
3746 2998 4061 3072 Puchala

978 3122 1048 3191 et
1099 3117 1226 3189 alii
1282 3119 1551 3208 plures,
1608 3140 1895 3208 morem,
1953 3122 2027 3192 in
2085 3125 2389 3212 tempore
2446 3125 2515 3193 et
2569 3123 2740 3193 hora
2793 3121 2966 3208 diei,
3036 3121 3121 3192 de
3178 3118 3433 3210 quibus
3488 3118 3675 3190 inter
3730 3139 3845 3190 eos
3900 3138 4057 3188 con-

979 3240 1292 3324 venerat,
1361 3237 1764 3310 adveniunt.
1831 3240 2133 3329 Quorum
2199 3246 2547 3331 comperto
2611 3240 2950 3329 adventu,
3018 3239 3284 3311 milites
3350 3259 3438 3310 ex
3504 3242 3735 3309 castro
3788 3235 4061 3308 Radzin

978 3375 1266 3446 propere
1320 3355 1847 3445 descendenteS,
1906 3359 2235 3449 oppidum
2290 3359 2560 3432 Radzin
2615 3361 2688 3430 in
2744 3361 2953 3432 valva
3000 3380 3177 3451 quae
3214 3359 3503 3450 respicit
3556 3361 3895 3444 castrum,
3954 3355 4057 3427 in-

976 3475 1275 3560 vadunt,
1334 3480 1404 3546 et
1449 3475 1795 3549 militibus
1836 3477 2463 3551 Brodniczensibus
2502 3479 2887 3566 coniuncti,
2930 3477 3554 3551 vicissitudinariis
3594 3475 3867 3549 viribus
3900 3497 4057 3566 por·

977 3599 1123 3665 tam
1179 3597 1248 3666 et
1305 3595 1582 3666 valvam
1638 3595 1983 3682 civitatiS,
2051 3597 2324 3669 civibus
2380 3603 2449 3670 et
2500 3599 2828 3690 gentibus
2894 3596 3335 3671 Crucifericis
3402 3595 3903 3686 necquicquam
3954 3615 4059 3666 re-

983 3712 1440 3800 sistentibuS‚
1523 3715 1932 3786 concutiunt
2005 3720 2074 3786 et
2137 3717 2603 3807 disrumpunt.
2678 3719 2923 3790 Posita
2993 3723 3225 3790 autem
3290 3721 3439 3788 erat
3499 3715 3575 3786 in
3640 3735 3757 3787 ore
3816 3714 4062 3784 valvae

981 3851 1230 3921 magna
1279 3832 1684 3918 bombarda,
1743 3854 1947 3922 quam
2017 3835 2331 3906 sacerdos
2406 3859 2622 3924 unuS,
2692 3838 2965 3911 civibus
3032 3836 3213 3924 sum,
3283 3857 3575 3926 quorum
3634 3855 3884 3926 magna
3936 3853 4057 3922 pro

984 3949 1378 4038 repellendo
1434 3949 1859 4040 impendenti
1913 3953 2222 4042 periculo
2280 3961 2720 4029 concurrerat
2772 3958 2857 4028 ad
2912 3962 3183 4048 portam
3223 3955 3638 4042 multitude,
3696 3973 4059 4025 succursu-

983 4087 1137 4154 ruS,
1203 4074 1700 4158 praeoccupato
1763 4071 2052 4143 alterius
2118 4073 2375 4160 officie,
2448 4075 2789 4164 incendit,
2860 4097 3035 4166 quae
3102 4096 3227 4146 suo
3292 4075 3561 4164 impetu
3625 4073 3700 4144 in
3764 4071 4062 4144 medium

987 4185 1247 4257 civium
1301 4207 1543 4274 ruens,
1600 4193 1895 4277 quatuor
1949 4194 2019 4261 et
2073 4190 2331 4282 viginti
2386 4212 2472 4263 ex
2529 4193 2832 4282 civibuS,
2902 4214 2989 4267 ex
3042 4193 3374 4285 gentibus
3429 4213 3593 4264 vero
3650 4191 3865 4284 regiis
3920 4195 4059 4262 tres

989 4303 1464 4375 tantummodo
1531 4305 1857 4379 extinxit.
1923 4308 2023 4379 Eo
2087 4308 2273 4380 malo
2339 4311 2527 4382 cives
2585 4316 2654 4383 et
2706 4317 2947 4404 gentes
3014 4311 3475 4385 Crucifericae
3540 4311 3889 4395 deterriti,
3948 4310 4059 4381 de-

989 4423 1371 4494 fensionem
1425 4422 1929 4512 intermittunt,
1989 4432 2058 4499 et
2111 4434 2354 4519 gentes
2400 4431 2631 4522 regiae
2669 4432 3027 4504 civitatem
3067 4435 3411 4522 occupant
3446 4434 3519 4502 et
3554 4430 3876 4502 omnibus
3912 4429 4065 4500 eius

987 4541 1287 4613 fortunis
1343 4545 1414 4613 et
1469 4543 1711 4633 spoliis
1766 4544 2159 4634 potiuntur,
2222 4549 2589 4638 spoliatam
2628 4551 2702 4621 in
2740 4551 3036 4623 cinerem
3092 4550 3452 4642 redigunt,
3492 4554 3563 4622 et
3601 4550 3846 4622 multis
3882 4568 4060 4618 mor·

990 4660 1252 4732 talibus
1317 4681 1402 4732 ex
1469 4661 1941 4751 stipendiariis
2004 4665 2507 4739 cruciferorum
2573 4673 2641 4741 et
2696 4669 2971 4741 civibus
3036 4670 3598 4743 Radzinensibus
3664 4667 4059 4760 captivatiS,

989 4778 1159 4849 laeti
1215 4784 1422 4867 atque
1477 4779 1857 4852 incolumes
1912 4783 1997 4852 ad
2053 4790 2281 4856 castra
2336 4808 2461 4858 sua
2512 4793 2986 4861 revertuntur.

1207 5031 1253 5111 ¹)
1297 5034 1536 5094 Schtum
1583 5029 1731 5096 Cod.
1781 5035 1973 5096 Rozr.
2021 5039 2237 5098 Tczow
2283 5035 2431 5102 Cod.
2479 5040 2653 5104 Kost.
2702 5041 2751 5122 ²)
2796 5043 3043 5104 Radzim
3091 5039 3241 5107 Cod.
3290 5041 3483 5105 Rozr.
