4342 6384
792 570 945 648 276
1993 587 2222 646 mmm
2273 570 2732 646 annuemus.
2867 607 2874 613 ·
3355 563 3622 666 (ΑΛ).
3659 561 3898 664 1421.)

786 803 931 855 nus
972 780 1517 855 illustrissimus
1570 779 1759 866 Rex,
1817 778 2137 871 Regnum
2190 777 2626 870 praedictum
2687 775 3092 848 renuntiare
3145 773 3586 862 haeresibuS,
3651 793 3894 866 pacem

792 919 1175 990 resumere,
1230 901 1421 974 bella
1474 900 1847 991 deponere,
1903 902 2236 989 tuamque
2283 895 2599 990 profiteri
2651 896 2984 970 ditionem
3003 951 3020 984 ,
3079 895 3218 968 viis
3272 894 3608 968 modestis
3663 899 3734 968 et
3769 917 3892 986 pa·

792 1021 1015 1095 cificis
1068 1020 1428 1113 disponat,
1483 1018 1699 1092 armis
1753 1018 1859 1107 id,
1916 1017 1981 1090 si
2018 1038 2146 1090 sua
2200 1017 2466 1091 monita
2519 1038 2560 1088 a
2596 1016 2928 1089 Bohemis
2981 1019 3298 1108 spretum
3351 1014 3442 1088 iri
3493 1015 3895 1108 contigerit,

793 1141 1194 1215 effecturus.
1276 1139 1371 1214 Et
1424 1137 1753 1231 quoniam
1814 1143 1941 1211 tua
2004 1137 2362 1211 Serenitas
2425 1141 2540 1229 (ut
2601 1158 2760 1209 cum
2826 1136 3137 1210 eiusdem
3201 1137 3574 1228 loquamur
3625 1135 3893 1226 venia),

794 1259 1349 1354 pollicitationes
1404 1277 1601 1348 suas,
1675 1261 1747 1332 et
1796 1257 1874 1330 in
1928 1255 2202 1332 foedere
2263 1275 2422 1330 cum
2483 1261 2722 1330 nostro
2785 1258 2977 1350 Rege
3039 1255 3256 1329 initas
3293 1257 3350 1346 1)
3407 1261 3480 1330 et
3543 1261 3800 1349 expost
3828 1256 3895 1348 ²)

796 1379 1233 1474 frequentius
1296 1379 1668 1472 repetitae,
1743 1399 1882 1450 non
1946 1377 2021 1449 in
2084 1377 2325 1469 aliquo
2389 1377 2700 1450 tenuerit
2763 1382 2836 1450 et
2897 1377 3230 1450 solatium
3261 1374 3323 1466 ³)
3388 1378 3758 1469 personale
3821 1377 3898 1450 in

794 1499 1183 1575 cruciferos
1247 1502 1426 1574 ferre
1487 1497 2013 1586 detrectaverit,
2088 1501 2159 1572 et
2221 1497 2296 1570 in
2359 1496 2640 1570 irritum
2715 1517 2988 1590 semper
3057 1496 3272 1570 cessit
3343 1501 3498 1586 tua,
3573 1499 3900 1590 quamvis

794 1623 1123 1714 frequens
1187 1623 1260 1694 et
1320 1618 1753 1713 ingeminata
1814 1616 2264 1690 iureiurando
2331 1617 2510 1709 Regi
2571 1621 2811 1689 nostro
2883 1638 3009 1709 per
3060 1622 3132 1690 te
3197 1619 3382 1690 facta
3435 1619 3898 1709 pollicitatio:

794 1761 935 1814 non
987 1741 1201 1814 habet
1252 1741 1411 1813 Rex
1446 1741 1709 1826 noster,
1766 1741 2051 1830 propter
2102 1737 2288 1829 quod
2327 1736 2474 1809 tuis
2529 1737 3026 1829 sponsionibus
3081 1736 3166 1810 de
3201 1742 3476 1811 caetero
3513 1738 3899 1826 incumbat,

796 1861 1147 1952 rebusque
1196 1863 1463 1948 tecum,
1528 1879 1667 1931 non
1730 1856 1997 1946 verbis,
2060 1875 2288 1948 neque
2351 1856 2616 1930 chartis
2679 1857 3024 1951 agendum
3087 1861 3305 1930 retur.
3381 1857 3708 1932 Omnium
3761 1858 3898 1932 ita-

798 2001 935 2074 que
962 1979 1027 2071 4)
1082 1983 1363 2053 tuarum
1428 1977 1504 2051 in
1558 1998 1634 2051 se
1695 1976 2378 2069 praevaricationum
2440 1980 2952 2050 transactarum
3009 1977 3272 2051 oblitus
3289 2034 3307 2066 ,
3375 1979 3577 2052 offert
3629 1999 3708 2052 se
3761 1983 3900 2053 Boe

802 2102 1045 2174 hemos
1100 2099 1187 2172 ad
1240 2097 1627 2172 catholicae
1680 2095 2008 2170 veritatis
2061 2096 2444 2189 puritatem
2475 2096 2537 2187 5)
2602 2102 2675 2171 et
2725 2099 3062 2172 ecclesiae
3131 2098 3463 2171 unionem
3481 2155 3499 2188 ‚
3568 2104 3904 2192 tuamque

800 2219 1267 2295 obedientiam
1322 2222 1393 2293 et
1446 2216 1781 2290 ditionem
1800 2273 1818 2305 ,
1884 2239 2013 2288 sua
2065 2237 2266 2305 cura,
2333 2238 2598 2308 suaque
2660 2217 3230 2310 interpositione,
3293 2219 3516 2292 modis
3582 2221 3903 2293 honestis

800 2345 875 2415 et
925 2339 1238 2434 pacificis
1290 2337 1765 2412 reducturum.
1824 2338 1909 2411 Id
1963 2337 2027 2410 si
2080 2337 2316 2409 minus
2367 2357 2697 2429 prospere
2753 2339 3204 2428 successerit,
3263 2362 3392 2412 sua
3443 2341 3580 2414 tibi
3631 2337 3706 2412 in
3762 2343 3900 2413 Bo-

798 2463 1041 2535 hemos
1097 2460 1330 2547 offert,
1385 2456 1993 2531 vicissitudinaria
2020 2458 2083 2546 ⁶)
2138 2457 2215 2528 in
2267 2456 2660 2531 cruciferos
2715 2481 2758 2530 a
2809 2464 2914 2546 te,
2971 2459 3298 2550 quoniam
3351 2460 3441 2532 ad
3479 2479 3561 2532 ea
3613 2481 3704 2534 ex
3757 2463 3902 2534 foe·

796 2582 961 2656 dere
1013 2578 1385 2672 obligaris,
1439 2577 1737 2669 requirit
1790 2597 2013 2650 arma:
2066 2578 2263 2669 prior
2315 2582 2548 2652 tecum
2601 2580 2690 2650 ad
2726 2580 3148 2651 domandum
3203 2581 3612 2654 Bohemiam
3643 2580 3704 2669 7)
3741 2601 3904 2654 cum

800 2701 1126 2776 omnibus
1182 2699 1331 2772 suis
1385 2698 1756 2791 potentiis,
1814 2697 1879 2770 si
1934 2702 2166 2770 tamen
2215 2698 2485 2772 Slesiae
2539 2698 2940 2772 universam
2995 2700 3108 2771 illi
3163 2699 3611 2792 consignabis
3667 2705 3740 2772 et
3793 2701 3903 2772 in-

800 2821 1089 2908 scribeS,
1126 2818 1397 2894 obsidis
1433 2821 1614 2907 loco,
1654 2837 1878 2905 oram,
1916 2825 2406 2908 processurus,
2443 2841 2584 2890 non
2609 2818 2680 2908 Β)
2717 2817 2880 2891 inde
2915 2818 3116 2910 prius
3168 2819 3645 2907 discessurus,
3685 2821 3906 2894 donec

804 2941 1099 3014 Bohemi
1169 2943 1241 3012 et
1292 2938 1457 3012 fidei
1510 2941 1794 3011 sanctae
1847 2937 2174 3010 unionem
2237 2942 2451 3030 atque
2501 2937 2718 3011 ritum
2781 2945 2854 3012 et
2905 2944 3101 3012 tuam
3153 2959 3372 3030 aeque
3426 2917 3689 3012 fuerint
3741 2941 3903 3015 obe·

802 3059 1145 3133 dientiam
1203 3057 1527 3151 professi.
1619 3059 1725 3129 Tu
1807 3060 2043 3129 autem
2113 3058 2436 3150 Regnum
2502 3059 2878 3132 Bohemiae
2955 3059 3230 3131 solatiis
3259 3059 3323 3149 ⁹)
3385 3057 3604 3152 Regis
3679 3057 3908 3132 nostri

802 3180 1135 3272 adeptus,
1208 3197 1446 3268 parem
1509 3176 2109 3266 vicissitudinem,
2166 3179 2255 3250 ad
2319 3199 2528 3270 quam
2601 3201 2690 3252 ex
2755 3182 2906 3252 solo
2971 3201 3174 3271 opere
3245 3177 3614 3271 obligari8‚
3690 3181 3908 3253 etiam

804 3303 977 3372 tunc
1030 3297 1283 3369 saltem
1336 3296 1451 3370 illi
1505 3301 1577 3371 et
1626 3297 1871 3390 Regno
1926 3319 2052 3370 suo
2105 3299 2348 3388 redde,
2405 3303 2476 3372 et
2529 3300 2603 3371 in
2640 3300 3149 3373 cruciferorum
3202 3298 3289 3371 de
3324 3301 3621 3373 Prussia
3673 3305 3908 3374 exter-

804 3418 1101 3492 minium
1156 3435 1314 3490 cum
1374 3417 1524 3491 tuis
1586 3417 1840 3510 copiis,
1906 3418 2186 3491 laturus
2250 3418 2430 3510 Regi
2491 3423 2730 3492 nostro
2791 3419 3175 3506 auxilium,
3249 3439 3618 3512 consurge:
3686 3423 3768 3492 ut
3820 3420 3910 3492 de

809 3537 1094 3612 sedibus
1147 3537 1233 3610 ab
1289 3536 1393 3610 eis
1446 3536 1805 3628 occupatis
1858 3543 2092 3611 vestro
2150 3539 2499 3611 communi
2554 3539 2837 3612 brachio
2892 3539 3168 3631 possint
3220 3539 3513 3631 depelli,
3583 3545 3656 3612 et
3717 3543 3909 3613 terra

805 3657 1143 3732 Prussiae
1196 3656 1385 3730 inter
1434 3678 1562 3729 vos
1614 3657 1791 3729 duos
1846 3659 2108 3749 RegeS,
2175 3657 2384 3731 terris
2437 3657 2923 3748 Pomeraniae‚
2980 3659 3378 3732 chelmensi
3442 3665 3514 3732 et
3567 3659 3906 3733 Michalo-

806 3777 1039 3851 viensi
1090 3777 1335 3868 Regno
1398 3775 1736 3849 Poloniae
1798 3776 2125 3864 redditis,
2193 3776 2477 3868 partiri3
2550 3778 2881 3851 maiorem
2944 3778 3146 3851 illius
3212 3785 3484 3870 partem
3537 3781 3760 3853 altero
3815 3799 3908 3852 ex

806 3897 1041 3986 vobis,
1098 3895 1223 3988 qui
1276 3916 1564 3969 numero
1621 3901 1693 3968 et
1728 3896 1972 3969 robore
2006 3897 2324 3988 gentium
2367 3896 2791 3988 praestabit,
2849 3898 3208 3972 sortiente.
3267 3899 3410 3972 Ubi
3463 3903 3697 3972 autem
3733 3899 3910 3972 haec

810 4017 1043 4090 omnia
1096 4014 1393 4088 Domino
1456 4021 1697 4089 nostro
1762 4015 1944 4109 Regi
2006 4037 2213 4109 opere
2278 4017 2718 4107 impleveriS,
2793 4018 3081 4090 reddere
3145 4019 3278 4092 tibi
3341 4019 3610 4092 Slesiae
3683 4023 3912 4092 terras

810 4141 881 4210 et
935 4136 1021 4208 de
1076 4133 1228 4208 illis
1280 4137 1612 4210 excedere
1665 4135 2049 4208 adstrictus
2104 4136 2231 4224 sit,
2289 4135 2402 4208 sin
2439 4135 2702 4226 minus,
2759 4137 2833 4209 in
2871 4159 3000 4209 sua
3053 4143 3126 4210 et
3179 4139 3410 4230 Regni
3443 4139 3778 4212 Poloniae
3817 4139 3912 4228 ¹⁰)

808 4260 1149 4350 perpetua
1198 4261 1601 4330 remaneant
1636 4255 1925 4328 ditione.
1982 4256 2414 4328 Industriam
2453 4257 2797 4349 siquidem
2836 4262 3030 4330 tuam
3085 4258 3348 4350 optime
3403 4259 3585 4332 scias
3640 4281 3683 4332 a
3719 4257 3914 4352 Rege

812 4381 1051 4452 nostro
1106 4374 1449 4467 intelligi3
1524 4396 1650 4447 uec
1704 4374 1805 4446 ita
1866 4375 2189 4448 hebet-em
2253 4398 2406 4450 esse
2459 4378 2722 4469 Regem
2776 4382 3125 4466 nostrum,
3191 4385 3274 4450 ut
3328 4379 3698 4452 verborum
3753 4385 3912 4450 tan—

810 4495 1169 4569 tummodo
1225 4514 1473 4566 sonum
1528 4497 1601 4566 et
1652 4495 1843 4567 nuda
1894 4494 2242 4586 promissa
2293 4500 2419 4568 tua
2480 4518 2605 4588 pro
2661 4517 2867 4589 opere
2922 4503 2992 4570 et
3045 4497 3528 4572 satisfactione
3581 4497 3912 4590 accipiat.

812 4617 1249 4709 Quapropter
1300 4617 1589 4706 rogatus
1643 4635 1687 4686 a
1736 4613 1939 4688 nobis
1956 4671 1975 4702 ,
2040 4614 2574 4706 praeteritarum
2629 4617 2914 4689 illarum
2969 4623 3248 4690 tuarum
3301 4617 3665 4691 fictionum
3717 4618 3914 4690 vela-

812 4742 1045 4810 mento
1099 4738 1503 4822 contentus,
1568 4739 1809 4808 vetera
1860 4735 2208 4826 promissa
2259 4757 2440 4808 novo
2497 4738 2747 4809 saltem
2811 4737 3186 4828 aliquando
3242 4738 3692 4828 implemento
3747 4755 3912 4810 con-

812 4855 1073 4945 solida,
1123 4841 1205 4929 'et
1255 4876 1395 4927 non
1450 4856 1636 4943 ficte,
1694 4855 1815 4927 sed
1870 4854 2062 4927 fideli
2116 4860 2188 4928 et
2241 4877 2404 4928 vero
2460 4855 2858 4928 demonstra
2912 4863 2982 4930 te
3035 4877 3265 4930 amore
3317 4855 3499 4949 Regi
3551 4859 3794 4929 nostro
3842 4863 3918 4929 et

810 4977 1055 5068 Regno
1110 4973 1565 5049 foederatum.
1620 4973 2059 5065 Perpendere
2094 4996 2372 5067 quoque
2408 4975 2588 5050 velis
2623 4981 2696 5048 et
2733 4975 3213 5067 scrupulosius
3249 4977 3634 5064 revolvere,
3673 4976 3914 5068 qualis

1030 5263 1079 5346 ¹)
1126 5265 1273 5326 inito
1320 5259 1473 5329 Coa.
1518 5263 1711 5328 Rozr.
1762 5261 1817 5342 ²)
1861 5271 2072 5342 postea
2118 5259 2272 5328 Cod.
2317 5261 2509 5328 Rozr.
2558 5261 2610 5347 ⁸)
2654 5265 2934 5327 auxilium
2986 5261 3138 5329 Cod.
3169 5263 3362 5333 Rozr.
3412 5263 3472 5348 4)’
3510 5273 3708 5329 tamen
3759 5263 3918 5332 Cod.

815 5367 1008 5432 Rozr.
1080 5365 1134 5445 ⁶)
1180 5369 1456 5444 puritatis
1499 5369 1809 5429 veritatem
1852 5366 1978 5431 Ed.
2033 5365 2214 5451 Lips.
2285 5365 2338 5448 ὓ)
2387 5389 2460 5430 ac
2503 5370 3006 5431 vicissitudinaria
3053 5363 3206 5431 Cod.
3255 5367 3447 5431 Rozr.
3523 5368 3577 5446 ⁷)
3621 5371 3922 5434 Bohemos

822 5467 977 5536 Goa.
1018 5463 1212 5534 Bou.
1263 5468 1315 5550 ΙΙ)
1356 5485 1471 5533 nec
1518 5465 1673 5534 God.
1716 5467 1910 5534 Rozr.
1960 5469 2014 5552 ⁰)
2056 5472 2296 5533 auxiliis
2343 5466 2496 5535 cod.
2541 5467 2733 5535 Rozr.
2757 5487 2776 5494 “
2790 5468 2872 5552 ¹⁰)
2917 5471 3182 5535 Polonici
3226 5471 3354 5536 Ed.
3397 5469 3580 5556 Lips.
