4342 6384
833 484 981 558 564
1873 463 1876 466 ¹
1996 499 2228 558 mssa
2279 491 2791 554 Dnonncnms.
3365 466 3502 574 (Α.
3541 468 3632 547 D.
3673 468 3944 569 1⁴35.)

832 711 1035 786 agere
1090 695 1214 764 aut
1268 711 1547 783 sperare
1598 691 1685 763 de
1736 691 1961 782 pace),
2020 687 2405 764 exercitum
2462 707 2667 759 suum
2721 705 2922 758 mane
2977 683 3150 758 feria
3204 682 3452 775 quinta
3503 679 3752 756 Sancti
3789 681 3936 752 Ae·

832 811 1067 906 gidii,'
1099 832 1279 904 quae
1332 811 1469 883 fuit
1522 810 1748 903 prima
1802 806 2257 902 Septembris,
2312 807 2389 880 in
2425 805 2566 879 alia
2619 807 2774 879 loca
2827 803 3100 898 aptiora
3152 803 3515 878 traducere
3551 800 3817 874 statuit
3855 801 3940 890 ¹),

833 937 915 1005 ut
967 953 1125 1004 cum
1178 929 1541 1025 gentibus,
1609 951 1787 1023 quae
1842 928 1981 1002 sibi
2043 929 2119 1002 in
2175 927 2522 1001 auxilium
2588 947 2676 1000 ex
2706 924 2770 1016 2)
2825 923 3124 998 Livonia
3187 925 3592 1011 veniebant,
3647 923 3942 996 facilius

831 1051 1259 1127 conveniret.
1316 1051 1575 1125 Fertur
1614 1050 1824 1124 etiam
1878 1049 2033 1142 ipse
2068 1050 2232 1124 Dux
2273 1047 2767 1141 sigismundus
2805 1045 3165 1120 Koributh
3203 1043 3658 1117 'theutonicis
3695 1045 3940 1135 splen-

832 1173 990 1247 dide
1046 1172 1367 1260 armatis,
1426 1171 1813 1246 exercitum
1867 1169 2280 1246 Polonicum
2345 1174 2416 1242 et
2467 1166 3004 1256 Lithuanicum,
3071 1188 3228 1240 cum
3283 1165 3531 1239 maiori
3587 1185 3676 1239 ex
3731 1171 3944 1256 parte

833 1291 1238 1366 seminudus
1294 1296 1508 1379 esset,
1568 1295 1691 1364 aut
1744 1290 1969 1382 nigris
2025 1287 2240 1364 armis
2295 1292 2687 1376 contectus,
2754 1286 3304 1378 despicientibus
3359 1292 3433 1360 et
3483 1291 3944 1360 contemnen-

832 1413 1062 1501 tibus,
1122 1411 1423 1486 dixisse:
1482 1411 1811 1484 maiorem
1850 1409 1994 1482 vim
2031 1408 2106 1484 in
2142 1408 2269 1480 illo
2307 1412 2512 1496 tetro,
2571 1429 2780 1500 quam
2832 1407 2908 1479 in
2943 1428 3180 1482 eorum
3209 1405 3271 1497 3)
3329 1407 3694 1500 splendido
3734 1427 3944 1481 exer-

832 1533 980 1606 citu
1034 1533 1447 1622 consistere,
1506 1535 1577 1604 et
1630 1532 1753 1604 ubi
1791 1530 1981 1622 optio
2036 1531 2341 1619 daretur,
2399 1530 2486 1602 ad
2521 1533 2790 1620 partem
2846 1549 3083 1601 eorum
3135 1529 3658 1621 transmigrare.
3709 1529 3946 1602 Movit

834 1653 1073 1746 itaque
1128 1657 1361 1726 castra
1414 1656 1485 1725 et
1520 1653 1838 1726 recedere
1892 1650 1967 1724 in
2002 1651 2157 1726 loca
2211 1650 2602 1724 constituta
2655 1648 2984 1740 incoepit.
3043 1649 3240 1740 Quod
3274 1649 3398 1722 ubi
3451 1649 3753 1722 Iacobus
3787 1651 3942 1722 Ko-

834 1773 1158 1865 bilensky
1189 1773 1255 1862 ⁴)
1311 1773 1718 1864 capitaneus
1774 1777 1843 1845 et
1898 1770 2155 1844 caeteri
2209 1771 2502 1844 barones
2549 1775 2618 1843 et
2673 1769 2936 1842 milites
2990 1769 3325 1842 Poloniae
3389 1774 3458 1844 et
3509 1768 3946 1844 Lithuaniae

834 1894 1229 1968 habuerunt
1282 1897 1744 1984 compertum,
1812 1891 2303 1966 existimantes
2368 1891 2752 1966 exercitum
2817 1890 3148 1963 hostilem
3201 1893 3394 1963 metu
3459 1891 3734 1982 fugere,
3793 1890 3944 1962 dis-

836 2013 1312 2105 cessionisque
1368 2012 1519 2086 eius
1574 2033 1855 2085 causam
1907 2034 2046 2086 non
2086 2011 2643 2086 coniunctionem
2697 2032 2856 2084 cum
2892 2009 3280 2098 Livonitis,
3338 2011 3460 2084 sed
3495 2010 3947 2084 formidinem

838 2134 1195 2222 arbitrati,
1255 2133 1594 2226 optimum
1650 2137 1927 2225 tempus
1981 2132 2154 2221 rati,
2215 2154 2350 2225 quo
2407 2129 2776 2205 victoriam
2830 2131 2916 2204 de
2969 2130 3096 2203 illo
3151 2135 3770 2223 consequerentur,
3827 2153 3944 2203 or-

839 2253 1101 2328 dinatis
1156 2253 1438 2327 aciebus
1490 2253 1859 2346 glomerati
1912 2253 2079 2326 illos
2116 2257 2656 2345 prosequuntur,
2715 2255 2787 2324 et
2822 2255 3206 2343 extremam
3258 2257 3528 2345 partem
3580 2252 3946 2325 exercitus

838 2397 881 2448 a
934 2379 1128 2466 tergo
1195 2372 1560 2447 invadunt.
1643 2372 1765 2446 Fit
1829 2374 2090 2446 clamor
2151 2393 2446 2464 magnus
2510 2372 2585 2445 in
2649 2371 2868 2445 Ducis
2933 2368 3380 2464 Switriga15)
3445 2372 3796 2462 exercitu,
3873 2381 3948 2446 et
4077 2467 4082 2472 Α

840 2517 1109 2584 omneS,
1184 2493 1306 2587 qui
1372 2494 1700 2569 valebant
1762 2494 2015 2582 Marte,
2090 2492 2450 2566 derelictis
2522 2491 2947 2567 stationibus
3011 2490 3193 2582 suis,
3251 2493 3340 2566 ad
3393 2495 3946 2568 succurrendum

840 2615 991 2690 suis
1046 2618 1442 2690 accurrunt.
1496 2614 1923 2690 Polonorum
1978 2612 2330 2688 exercitus
2385 2634 2574 2687 more
2609 2612 2952 2686 maiorum
2979 2613 3044 2704 θ)
3100 2613 3450 2686 canticum
3505 2615 3732 2708 Bega
3786 2616 3942 2689 Ro-

840 2735 1123 2809 dzicza
1178 2755 1423 2808 canere
1475 2732 1760 2825 incipit,
1829 2739 1899 2807 et
1951 2733 2195 2826 paucis
2261 2732 2581 2807 versibus
2644 2733 2983 2826 peractis,
3051 2753 3209 2806 cum
3263 2734 3588 2808 hostibus
3651 2757 3942 2830 cougre-

841 2854 1055 2934 ditur.
1112 2853 1235 2928 Fit
1272 2855 1502 2947 fragor
1532 2855 1595 2944 7)
1651 2875 1945 2947 magnus
1984 2875 2072 2928 ex
2110 2852 2476 2926 collisione
2511 2854 2944 2942 lancearum,
2999 2853 3392 2946 gladiorum
3447 2860 3518 2929 et
3553 2877 3942 2944 armorum;

842 2972 1053 3047 multi
1107 2973 1272 3047 hinc
1324 2973 1487 3048 inde
1540 2995 1629 3047 ex
1685 2973 1881 3066 equis
1938 2985 2013 3048 se
2040 2973 2104 3063 θ)
2160 2972 2532 3063 deiiciunt,
2589 2973 2716 3046 alii
2773 2973 3100 3066 spiritum
3155 2976 3474 3068 oppressi
3525 2977 3946 3052 vulneribus

846 3094 1214 3182 exhalant,
1272 3092 1398 3167 alii
1452 3094 1711 3167 cadunt
1772 3093 1848 3166 in
1901 3097 2158 3168 terram
2227 3093 2584 3166 semivivi:
2658 3093 2866 3166 durat
2920 3098 3270 3168 certamen
3323 3096 3510 3170 inter
3559 3102 3946 3190 utrumque

844 3212 1233 3288 exercitum
1286 3214 1375 3287 ad
1428 3213 1735 3306 spatium
1790 3214 2003 3290 unius
2057 3214 2293 3288 horae.
2352 3214 2657 3287 Tandem
2695 3215 2838 3286 Deo
2893 3214 3174 3290 volente
3230 3216 3650 3309 franguntur
3703 3218 3943 3292 Cruci-

844 3334 1009 3423 feri,
1064 3333 1466 3422 Livonitae‚
1507 3333 1832 3407 Thartari
1886 3338 1958 3408 et
1992 3333 2337 3422 Rutheni,
2397 3338 2466 3406 et
2502 3338 2876 3406 vertuntur
2927 3333 3002 3405 in
3041 3335 3310 3427 fugam,
3369 3353 3780 3429 omnemque
3833 3359 3942 3412 re-

846 3455 1128 3529 siduum
1182 3453 1601 3542 exercitum,
1662 3454 1785 3546 qui
1837 3453 1990 3527 illis
2046 3453 2372 3528 veniebat
2427 3454 2500 3526 in
2555 3474 2995 3542 succursum,
3051 3453 3126 3526 in
3164 3457 3399 3548 fugam
3455 3455 3761 3531 similem
3799 3463 3943 3530 tra·

844 3577 1053 3664 hunt,
1110 3577 1193 3648 ut
1226 3573 1425 3666 prius
1480 3575 1715 3666 fugam
1753 3574 2063 3665 capiant,
2122 3595 2330 3666 quam
2367 3594 2837 3666 congressum.
2895 3573 3145 3647 Poloni
3199 3580 3272 3647 et
3307 3576 3647 3648 Lithuani
3699 3579 3940 3652 hostes

845 3695 1195 3788 fugientes
1251 3698 1321 3767 et
1358 3693 1645 3767 incertis
1702 3699 2011 3767 errantes
2066 3694 2395 3785 passibus
2432 3698 2968 3787 persequuntur,
3025 3695 3285 3768 multos
3321 3696 3702 3787 perimunt,
3757 3700 3940 3771 mul-

844 3819 957 3888 tos
1012 3819 1254 3906 captos
1308 3814 1683 3902 reducunt;
1756 3815 1997 3906 plures
2060 3815 2135 3887 in
2200 3815 2486 3888 flumine
2553 3815 2928 3906 Swyantha
2957 3815 3021 3903 ⁹)
3087 3835 3424 3907 aquarum
3487 3817 3768 3910 gurgite
3823 3819 3940 3891 ab·

847 3935 1307 4008 sorbebantur
1344 3933 1435 4022 1⁰)
1490 3933 1681 4022 vivi,
1742 3939 1813 4007 et
1864 3933 2108 4026 paucis
2163 3933 2517 4008 Ruthenis
2589 3955 2744 4008 cum
2800 3935 2993 4007 Duce
3047 3934 3436 4028 Switrigal,
3511 3937 3637 4029 qui
3689 3938 3946 4012 itinera

848 4053 1192 4126 silvarum
1245 4058 1527 4142 norant,
1586 4056 1751 4147 fuga
1807 4075 1879 4128 se
1936 4055 2411 4141 salvantibuS‚
2471 4059 2662 4126 totus
2716 4056 2858 4126 fere
2915 4054 3266 4128 exercitus
3321 4057 3832 4132 Cruciferorum
3876 4064 3946 4133 et

848 4172 1370 4261 Livonitarum,
1438 4173 1560 4264 qui
1613 4173 1835 4262 viam,
1906 4195 2033 4265 per
2097 4195 2304 4266 quam
2369 4176 2720 4266 fugerent,
2786 4175 2862 4247 in
2924 4175 3221 4248 desertis
3287 4181 3358 4249 et
3411 4177 3674 4269 ignotis
3739 4179 3944 4252 silvis

847 4292 1284 4382 nesciebant,
1355 4299 1478 4365 aut
1541 4293 1937 4368 trucidatus
2001 4299 2124 4366 aut
2186 4303 2433 4387 captus
2500 4300 2638 4382 est,
2705 4299 2777 4368 et
2831 4294 3225 4387 quindecim
3279 4296 3525 4372 diebus
3587 4300 3944 4373 continuis

849 4411 1188 4488 cruciferi
1243 4416 1313 4486 et
1365 4411 1738 4487 Livonitae
1791 4413 1866 4487 in
1922 4414 2128 4488 silvis
2185 4419 2494 4487 errantes
2551 4415 3111 4506 captivabantur.
3171 4417 3306 4490 Sed
3362 4421 3434 4490 et
3477 4419 3603 4492 ille
3657 4419 3944 4493 Livoni-

851 4537 1083 4607 tarum
1146 4533 1533 4623 exercituS,
1611 4533 1732 4625 qui
1794 4534 2102 4607 nondum
2168 4534 2318 4608 suis
2395 4536 2770 4608 advenerat
2833 4535 2906 4606 in
2970 4536 3352 4626 auxilium,
3428 4559 3597 4611 casu
3661 4561 3948 4614 suorum

852 4653 1124 4742 audito,
1183 4653 1355 4746 quid
1408 4658 1676 4747 ageret,
1735 4675 1870 4745 quo
1926 4674 2003 4728 se
2058 4658 2391 4744 verteret,
2448 4656 2861 4748 perplexus,
2919 4657 3122 4728 factis
3176 4657 3550 4731 latissimis
3605 4680 3694 4732 ex
3750 4661 3948 4733 arbo-

850 4773 1049 4847 ribus
1103 4772 1471 4865 pontibuS,
1528 4772 1605 4846 in
1642 4773 1985 4865 quendam
2042 4774 2353 4847 vicinum
2391 4775 2620 4848 lacum
2677 4797 2752 4849 se
2789 4778 3082 4863 confert,
3141 4777 3427 4850 credens
3481 4778 3634 4851 illic
3671 4780 3948 4870 plenam

851 4892 1171 4967 invenire
1226 4892 1709 4981 securitatem;
1782 4893 1905 4966 sed
1959 4893 2300 4966 Lithuani
2354 4896 2439 4968 de
2491 4895 2623 4970 hac
2673 4916 2749 4969 re
2803 4897 3132 4970 certiores
3187 4896 3445 4986 effecti,
3501 4897 3658 4972 illic
3711 4920 3947 4972 accur·

1066 5181 1115 5260 ¹)
1157 5183 1508 5245 traducebat
1549 5181 1678 5246 Ed.
1725 5179 1907 5266 Lipe.
1982 5179 2034 5265 ²)
2083 5183 2157 5244 de
2207 5177 2359 5246 cod.
2406 5181 2624 5246 Przez.
2697 5181 2752 5264 ³)
2795 5187 3028 5246 illorum
3071 5184 3197 5249 Ed.
3246 5184 3428 5270 Lips.
3490 5185 3546 5267 ⁴)
3588 5187 3948 5266 Kobylinski

849 5283 979 5348 Ed.
1025 5283 1207 5368 Lips.
1258 5283 1309 5364 ⁵)
1358 5287 1715 5364 Swidrigelli
1758 5283 1885 5348 Ed.
1931 5283 2113 5369 Lips.
2164 5284 2216 5364 ⁸)
2261 5305 2422 5348 more
2467 5288 2768 5350 Musarum
2810 5285 2937 5352 Ed.
2988 5287 3170 5372 Lips.
3229 5287 3281 5370 ⁷)
3327 5291 3548 5352 clamor
3589 5287 3720 5354 Ed.
3767 5289 3944 5375 Lips.

856 5387 909 5470 8)
954 5407 1087 5451 sese
1129 5385 1257 5453 Ed.
1305 5386 1487 5475 Lips.
1536 5387 1591 5473 ⁰)
1636 5391 1875 5454 Swenta
1916 5387 2042 5455 Ed.
2089 5386 2271 5476 Lips.
2327 5387 2405 5472 ¹⁰)
2453 5392 2844 5456 absorbentur
2886 5389 3013 5455 Ed.
3059 5390 3243 5478 Lipe.
