4342 6384
911 537 1063 614 560
2055 560 2281 615 maun
2332 559 2845 619 nuontcnms,
3366 530 3371 535 ’
3434 530 3571 641 (AL
3608 538 3699 617 D.
3738 538 3979 639 ⁸⁴35.)

897 740 1130 815 nonici
1187 741 1524 818 electione
1587 741 1972 830 celebrata,
2037 763 2197 818 cum
2252 744 2685 818 concorditer
2750 742 3205 822 Franciscum
3272 744 3359 817 de
3422 743 3645 826 Orzek
3682 745 3737 833 ¹)
3790 745 3975 819 deca-

896 882 1062 933 num
1117 862 1646 954 Leopoliensem
1703 866 1772 933 et
1825 862 2247 935 canonicum
2302 863 2945 949 Praemisliensem,
3002 864 3311 937 nobilem
3358 864 3445 937 de
3482 865 3681 937 domo
3722 864 3973 955 swyer-

895 982 1060 1057 czek
1090 978 1177 1070 2).,
1235 980 1646 1073 elegissent:
1705 981 2142 1055 Wladislaus
2191 987 2424 1059 tamen
2460 984 2616 1063 Rex
2664 1004 2820 1057 cum
2857 982 3238 1057 baronibus
3276 983 3649 1061 Nicolaum
3688 984 3965 1061 Chrzau·

897 1102 1184 1177 stowski
1213 1099 1300 1191 ³),
1359 1101 1664 1177 nobilem
1719 1102 1804 1175 de
1860 1103 2059 1175 domo
2115 1102 2567 1196 Strzegomya
2600 1106 2690 1193 ⁴),
2748 1103 3237 1195 Praepositum
3294 1104 3535 1177 Sancti
3571 1104 3883 1178 Floriani
3916 1109 3981 1177 et

895 1220 1316 1295 canonicum
1381 1221 1908 1295 cracoviensem
1971 1222 2396 1312 nominavit,
2452 1228 2526 1297 et
2580 1223 3081 1297 adiuvantibus
3146 1224 3692 1299 nominationem
3744 1225 3977 1297 huius-

900 1340 1086 1416 modi
1148 1340 1421 1431 aliquot
1484 1340 1944 1430 consiliariiS,
2013 1362 2307 1433 quornm
2376 1344 2593 1416 frater
2654 1350 2725 1416 et
2785 1343 3223 1436 propinquus
3299 1351 3481 1433 erat,
3550 1345 3981 1437 possessione

904 1460 1114 1533 etiam
1169 1460 1504 1532 bonorum
1544 1461 1878 1535 ecclesiae
1918 1468 2285 1553 occupata,
2342 1463 2761 1538 Franciscus
2798 1463 2885 1535 de
2924 1462 3145 1535 Orzek
3174 1463 3261 1551 ⁵),
3322 1464 3489 1538 licet
3538 1464 3803 1557 optimo
3840 1464 3979 1539 iure

899 1582 1156 1668 fultae,
1231 1580 1469 1653 cedere
1522 1579 1606 1653 de
1660 1580 1820 1669 illo,
1896 1587 2177 1674 recepta
2231 1582 2732 1674 Praepositura
2784 1582 3027 1655 Sancti
3094 1583 3445 1672 Floriani,
3512 1590 3795 1657 coactus
3858 1590 3977 1657 est.

899 1701 1334 1793 Quapropter
1386 1699 1540 1791 ipse
1593 1700 1660 1771 N
1663 1700 1930 1773 icolaus
1995 1701 2553 1777 Chrzanstowski
2608 1702 2683 1775 in
2739 1703 3141 1795 episcopum
3208 1703 3817 1779 Praemislicnsem
3866 1724 3983 1795 per

897 1820 1290 1911 Eugenium
1345 1821 1606 1911 Papam
1662 1826 1990 1911 quartum
2045 1821 2182 1895 fuit
2236 1826 2626 1913 promotus,
2684 1828 2755 1895 et
2798 1843 2923 1914 per
2962 1822 3345 1915 Sbigneum
3382 1824 3789 1915 episcopum
3828 1824 3967 1895 Cra-

895 1940 1290 2013 coviensem
1329 1939 1404 2014 in
1441 1940 1860 2013 monasterio
1901 1940 2565 2031 Pyandziozoviensi
2596 1940 2683 2029 ⁶),
2742 1941 2815 2015 in
2852 1942 2965 2015 die
3021 1942 3387 2017 Dominico
3451 1944 3973 2034 Assumptionis

911 2060 1214 2137 Sanctae
1269 2059 1562 2147 Mariae,
1620 2061 1841 2133 altero
1895 2064 2127 2136 tamen
2184 2065 2256 2135 ct
2306 2060 2763 2153 subsequenti
2818 2082 2999 2133 anno
3053 2066 3497 2135 consecratus
3527 2062 3613 2151 ⁷).

993 2414 1356 2491 conventio
1398 2415 1468 2487 in
1513 2413 1864 2504 Protrkov
1909 2416 1984 2487 ot
2027 2414 2501 2496 altercatione·
2544 2431 2875 2505 procorum
2918 2430 3061 2487 cun
3108 2414 3430 2505 episcopis
3472 2415 3556 2485 <lo
3598 2414 3882 2490 doct-u

1103 2660 1636 2753 Assumptionis
1673 2662 1852 2733 festo
1892 2661 2190 2735 Sanctae
2226 2660 2489 2735 Mariae
2524 2660 2977 2748 adveniente,
3024 2660 3593 2753 archiepiscopus
3632 2659 3976 2735 Gnesnen·

895 2782 994 2854 sis
1049 2782 1420 2869 Albertus‚
1477 2786 1548 2855 et
1603 2782 1744 2853 fere
1799 2802 2036 2853 omnes
2091 2780 2459 2873 pontifices
2512 2780 2774 2873 Regni,
2834 2802 2991 2853 oum
3045 2779 3391 2872 Capitulis
3446 2801 3731 2853 suarum
3770 2781 3977 2853 eccle·

897 2903 1156 2978 siarum
1215 2908 1286 2973 et
1339 2900 1745 2988 abbatibus,
1803 2899 2225 2973 Doctoribus
2278 2903 2350 2973 et
2397 2900 2759 2997 Magistris
2814 2900 3203 2973 adveniunt
3248 2900 3322 2973 in
3359 2900 3755 2991 Pyotrkow3
3810 2900 3979 2975 idem

895 3022 1165 3095 faciunt
1201 3024 1274 3093 et
1313 3021 1600 3093 barones
1647 3021 2070 3108 saeculareS,
2129 3019 2315 3093 inter
2370 3040 2544 3111 quos
2598 3020 3015 3112 praecipuus
3055 3020 3193 3092 fuit
3229 3020 3296 3091 N
3302 3020 3567 3093 icolaus
3604 3020 3691 3093 de
3726 3019 3977 3095 Micha—

895 3143 1029 3215 low
1083 3140 1516 3213 castellanus
1571 3143 1641 3211 et
1693 3138 2102 3230 capitaneus
2167 3128 2681 3228 cracoviensisss
2738 3139 2965 3213 minor
3020 3139 3158 3213 fuit
3210 3144 3447 3213 tamen
3500 3160 3833 3213 numerus
3868 3140 3978 3213 ba·

893 3282 1138 3333 ronum
1212 3281 1420 3352 quam
1493 3258 2160 3348 ecclesiasticorum,
2236 3280 2314 3332 eo
2380 3260 2565 3350 qnod
2630 3259 2967 3351 quosdam
3037 3259 3393 3351 palatinos
3448 3264 3679 3333 metus
3734 3258 3859 3333 Dei
3914 3268 3983 3330 et

895 3380 1144 3473 religio
1199 3380 1620 3468 christiana,
1678 3379 2013 3470 quosdam
2071 3380 2434 3468 valetudo,
2510 3401 2596 3451 ne
2650 3380 3101 3453 conventioni
3156 3380 3615 3467 interessent,
3670 3380 3979 3453 retraxit.

893 3502 1030 3574 Per
1081 3501 1232 3575 dies
1287 3499 1560 3591 aliquot
1613 3499 1687 3572 in
1743 3499 2040 3573 ecclesia
2092 3500 2478 3591 parochiali
2532 3500 3070 3590 Pyotrkoviensi
3134 3506 3435 3591 utraque
3490 3505 3691 3592 parte
3744 3520 3977 3573 conve·

895 3622 1168 3708 niente,
1243 3620 1318 3693 in
1381 3621 1668 3710 longum
1731 3618 1873 3693 diei
1934 3619 2401 3710 procedebant
2463 3620 2987 3707 altercationeS,
3062 3618 3573 3712 oppositiones,
3648 3619 3977 3693 defensio-

898 3762 1163 3832 nesque
1215 3740 1440 3832 partis
1487 3739 1859 3830 utriusque
1896 3746 1966 3811 et
2003 3744 2371 3815 tractatus.
2438 3740 2531 3811 Et
2584 3739 2905 3831 quamvis
2962 3741 3356 3813 saeculares
3408 3740 3649 3831 plnres
3702 3758 3979 3813 consuc-

894 3861 1210 3949 tudines,
1279 3880 1454 3951 quas
1509 3859 2054 3951 praetendebant
2117 3880 2271 3933 esse
2332 3858 2775 3951 gravamina,
2842 3859 3005 3932 tolli
3059 3860 3419 3952 petebant,
3476 3859 3703 3931 omnis
3760 3864 3981 3931 tamen

895 4002 1134 4053 eorum
1196 3979 1612 4073 principalis
1677 3979 1976 4065 intentio
2042 3979 2116 4053 in
2181 4000 2259 4053 eo
2324 3979 2706 4068 residebat,
2782 3985 2865 4052 ut
2917 3980 3161 4053 liceret
3222 3979 3446 4052 nobili
3506 3978 3849 4052 rusticum
3902 3997 3981 4051 ex

895 4122 1061 4193 agro
1123 4098 1510 4187 amoventi‚
1577 4100 1740 4173 dare
1805 4099 2142 4173 decimam
2208 4121 2335 4171 suo
2398 4099 2725 4191 plebano,
2796 4120 2933 4172 non
2998 4100 3351 4187 obstante,
3418 4099 3605 4191 quod
3678 4098 3981 4171 rusticus

894 4221 1090 4292 illam
1148 4219 1350 4291 alteri
1406 4218 1767 4305 reddebat,
1827 4224 1898 4293 et
1949 4223 2031 4291 ut
2085 4219 2289 4293 iuxta
2342 4217 2793 4312 privilegium
2846 4217 3145 4294 Iaroslai
3198 4217 3705 4310 archiepiscopi
3764 4217 3979 4291 Gnos-

897 4338 1168 4427 nensis,
1227 4338 1411 4430 quod
1447 4339 1958 4429 producebatur
1993 4339 2065 4411 in
2107 4338 2445 4439 medinm,
2502 4339 2777 4412 exactio
2815 4338 3123 4412 decimae
3160 4336 3623 4429 manipularis
3660 4335 3739 4411 in
3776 4336 3983 4409 omni-

895 4460 1025 4532 bus
1081 4458 1280 4531 villis
1336 4464 1496 4550 post
1550 4458 1784 4530 datam
1838 4457 2088 4532 literae
2143 4457 2395 4531 locatis
2452 4464 2523 4531 et
2577 4458 2649 4530 in
2707 4460 3023 4532 futurum
3076 4456 3423 4545 locandis,
3482 4456 3875 4548 quiesceret
3924 4460 3987 4529 et

897 4581 1370 4679 abrogaretur.
1427 4578 1577 4653 Nec
1631 4579 1860 4653 solum
1913 4578 1988 4651 id
2042 4578 2327 4651 Maioris
2395 4578 2729 4653 Poloniae
2782 4578 3077 4651 barones
3132 4599 3255 4671 pro
3312 4598 3387 4651 se
3438 4578 3733 4668 suisque
3786 4576 3985 4649 terris

897 4702 1350 4793 expetebant,
1409 4700 1530 4773 scd
1585 4699 1794 4772 etiam
1850 4698 1938 4770 ad
1993 4704 2214 4771 terras
2278 4698 2767 4772 Cracovienses
2832 4698 3285 4791 privilegium
3358 4697 3643 4771 extendi
3698 4698 3985 4769 barones

895 4820 1385 4895 cracovienses
1441 4840 1564 4910 pro
1619 4840 1732 4907 eo,
1789 4818 1974 4910 qnod
2010 4839 2134 4910 per
2169 4816 2768 4910 archiepiscopum
2824 4817 3333 4908 Gnesnensem,
3376 4814 3498 4909 qui
3535 4816 3813 4893 Primas
3854 4822 3979 4900 est,

875 4961 1300 5025 ⁴concessum
1357 4944 1576 5027 esset,
1643 4944 1716 5013 et
1768 4938 1844 5011 in
1895 4938 2024 5011 illo
2079 4938 2363 5030 quidam
2428 4938 2757 5013 Canonici
2818 4936 3348 5023 cracovienses,
3412 4936 3539 5028 qui
3584 4936 3659 5009 in
3700 4936 3981 5011 ecclesia

1111 5228 1162 5315 ¹)
1208 5230 1438 5291 Borzek
1487 5226 1639 5293 Cod.
1685 5228 1907 5292 Przeae.
1957 5229 2010 5307 ²)
2057 5229 2359 5291 Sweiczek
2403 5226 2531 5291 Ed.
2576 5226 2758 5312 Lips.
2807 5227 2862 5309 ³)
2894 5226 3296 5289 Ohrastowski
3325 5224 3452 5289 Ed.
3482 5222 3669 5309 Lips.
3718 5224 3770 5305 ⁴)
3802 5224 3977 5287 stne

897 5334 1076 5411 genia
1119 5332 1245 5395 Ed.
1293 5331 1475 5417 Lips.
1525 5332 1576 5411 ⁵)
1627 5330 1854 5398 Orzeoh
1897 5330 2024 5395 Ed.
2070 5329 2254 5415 Lips.
2304 5330 2357 5409 ⁸)
2402 5332 2868 5393 Andrzeoviensi
2904 5327 3055 5394 Coa.
3087 5328 3304 5395 Przez.
3334 5330 3837 5394 Piadriczovicnsi
3863 5322 3981 5388 Ed.

900 5434 1084 5520 Lips.
1131 5436 1611 5514 (Pinczoviensi).
1660 5435 1712 5514 ⁷)
1759 5440 2136 5497 consecratus
2180 5442 2291 5497 est.
2340 5430 2493 5497 cod.
2538 5432 2755 5497 Przcae.
