4342 6384
1217 508 1371 581 430
2408 528 2637 581 mnmz
2690 526 3146 581 unnncmus.
3751 499 3889 600 (Α.
3932 500 4035 573 D.
4076 494 4342 594 1430.)

1229 719 1498 804 „tuam,
1554 717 1634 785 ut
1687 734 1811 805 pro
1866 711 2203 787 tollendis
2262 711 2679 785 differentiis
2735 710 3061 784 omnibus
3115 710 3301 784 inter
3336 731 3494 796 vos,
3552 729 3639 782 ex
3674 714 3875 801 parte
3908 712 4051 781 tua
4090 707 4341 795 facias,

1228 854 1447 926 „quae
1499 832 1650 905 fieri
1703 833 2062 920 volumuS,
2119 834 2264 905 tam
2318 830 2394 904 in
2448 830 2887 905 destinandis
2959 830 3231 903 nuntiis
3288 834 3357 903 et
3412 828 3803 902 oratoribus
3863 828 4019 900 tuis
4080 828 4183 899 ad
4240 828 4338 899 di-

1227 953 1526 1041 „lectum
1579 950 1806 1023 filium
1842 956 2160 1025 nostrum
2197 951 2557 1023 Iulianum
2596 951 2837 1024 Sancti
2876 949 3131 1042 Angeli
3171 949 3556 1021 Diaconum
3590 947 4079 1033 cardinalem,
4146 950 4337 1040 Apo-

1238 1071 1584 1162 „stolicae
1623 1070 1826 1144 Sedis
1864 1070 2240 1165 Legatum,
2298 1092 2500 1162 quem
2546 1071 2633 1142 ad
2676 1074 2913 1163 partes
2952 1069 3361 1144 Germaniae
3396 1068 3945 1141 transmittimus
4006 1069 4101 1141 de
4139 1092 4342 1162 prae-

1225 1190 1454 1282 „senti
1520 1209 1830 1284 quoque,
1897 1190 2144 1264 deinde
2192 1189 2279 1262 ad
2324 1212 2484 1278 nos,
2552 1189 2613 1262 si
2667 1190 2975 1283 Legatus
3030 1209 3435 1279 componere
3500 1209 3622 1260 vos
3676 1208 3815 1259 non
3868 1193 4167 1279 posset,
4226 1191 4339 1262 vel

1227 1310 1777 1403 „composituros
1815 1310 2313 1398 amicabiliter,
2363 1311 2479 1383 vel
2516 1330 2641 1401 per
2672 1309 2860 1382 viam
2900 1308 3217 1382 iustitiae
3252 1310 3461 1381 finem
3498 1307 3994 1399 imposituros:
4060 1313 4151 1380 ut
4212 1330 4334 1380 vos

1223 1430 1440 1519 „duos
1502 1429 1884 1502 catholicos
1921 1430 2182 1523 RegeS,
2240 1430 2427 1503 sicut
2463 1433 2816 1521 optamus,
2856 1432 2927 1501 et
2961 1428 3243 1519 utrique
3278 1432 3590 1500 vestrum
3628 1426 3946 1520 expedit,
4015 1433 4095 1500 et
4134 1427 4325 1501 chri-

1225 1548 1539 1639 „stianae
1597 1549 1702 1622 rei
1761 1548 2116 1641 publicae,
2184 1548 2259 1621 in
2314 1554 2555 1621 sancta
2618 1547 2911 1621 caritate
2964 1553 3035 1621 et
3088 1546 3400 1620 amicitia
3463 1548 3974 1620 confirmemus
4052 1548 4323 1620 Datum

1224 1670 1528 1759 „Romae
1582 1669 1765 1761 apud
1804 1669 2096 1741 Sanctos
2133 1670 2547 1761 Apostolos,
2606 1668 2822 1741 Sexto
2859 1667 3195 1741 calendas
3232 1666 3633 1755 Februarii,
3673 1666 4164 1739 Pontificatus
4206 1689 4325 1740 no-

1223 1787 1403 1877 „stri
1455 1809 1636 1860 anno
1671 1788 2262 1894 ’quatuordecimo
2300 1790 2431 1879 ι)“.

1437 1908 1822 1998 „Martinus
1876 1906 2301 2001 Episcopus,
2360 1928 2605 1981 servus
2644 1928 3001 1981 servorum
3054 1906 3215 1995 Dei,
3272 1905 3645 1979 Carissimo
3699 1905 3771 1977 in
3826 1905 4123 1978 Christo
4180 1907 4329 1979 filio

1225 2027 1659 2117 „Wladislao
1723 2026 2058 2101 Poloniae
2120 2027 2302 2121 Regi
2354 2027 2658 2116 illustri,
2730 2028 3028 2101 salutem
3084 2031 3153 2100 et
3206 2026 3657 2120 apostolicam
3727 2025 4325 2099 benedictionem.

1223 2146 1437 2237 „Cum
1491 2149 1579 2220 ad
1634 2147 2094 2221 Serenitatem
2148 2154 2344 2220 tuam
2398 2146 2645 2219 literas
2708 2146 3209 2219 consolatorias
3264 2145 3722 2218 scriberemus
3786 2144 4041 2217 audita
4100 2150 4326 2218 morte

1222 2265 1558 2356 „celebris
1613 2266 1984 2340 memoriae
2036 2266 2428 2339 Alexandri
2482 2266 2697 2339 Ducis
2752 2264 2990 2357 Magni
3043 2264 3467 2338 Lithuauiae
3502 2264 3739 2337 fratris
3794 2264 3906 2335 tui
3935 2262 4029 2352 ²),
4092 2286 4323 2337 novus

1222 2385 1466 2476 „nobis
1519 2386 1782 2459 allatus
1838 2390 1946 2458 est
1998 2385 2292 2457 nuntius
2348 2383 2779 2458 detentionis
2834 2405 3173 2477 personae
3208 2388 3403 2469 tuae,
3464 2381 3587 2475 qui
3640 2384 3952 2456 animum
3987 2388 4321 2457 nostrum

1219 2504 1658 2595 „vehementi
1715 2502 2175 2577 admiratione
2228 2509 2298 2577 et
2333 2503 2859 2596 perturbatione
2913 2504 3311 2576 commovit.
3370 2503 3769 2596 cogitantes
3809 2508 4088 2589 tamen,
4134 2503 4323 2595 quod

1220 2623 1337 2714 „in
1391 2646 1470 2698 ea
1523 2623 1782 2718 patria,
1839 2624 1916 2696 in
1970 2644 2108 2715 qua
2161 2629 2371 2695 natus
2426 2645 2499 2696 es
2556 2628 2625 2695 et
2683 2622 2933 2695 vixisti
2982 2622 3104 2695 diu
3140 2622 3475 2715 Princeps
3512 2627 3585 2695 et
3619 2622 3997 2709 DominuS‚
4060 2644 4317 2696 nomen

1221 2748 1496 2835 „tuum,
1556 2744 1740 2836 quod
1796 2748 1903 2817 est
1959 2741 2144 2835 apud
2200 2763 2437 2816 omnes
2490 2748 2737 2835 gentes
2794 2747 3119 2816 externas
3174 2742 3443 2816 celebre
3490 2747 3561 2815 et
3606 2742 4123 2831 venerandum,
4180 2744 4316 2815 coli

1221 2868 1336 2953 „et
1389 2863 1608 2935 amari
1662 2862 1908 2936 merito
1965 2862 2244 2950 debeat,
2302 2883 2382 2934 ac
2436 2862 2701 2952 timeri3
2760 2862 2947 2953 quod
2996 2863 3318 2955 Regnum
3371 2862 3587 2935 habes
3640 2866 3889 2953 potens
3947 2867 4019 2936 et
4070 2864 4311 2950 fidele;

1221 2981 1447 3073 „quod
1499 2981 1713 3055 habes
1769 2988 1839 3054 et
1891 2986 2094 3053 natos
2148 2980 2223 3053 in
2278 2986 2399 3053 tuo
2455 2981 2779 3055 Dominio
2834 2982 3189 3074 legitimos
3246 3001 3713 3069 successores3
3778 2985 3847 3053 et
3900 3002 4047 3053 non
4106 2983 4310 3055 dubi·

1222 3104 1496 3191 „tantos
1547 3100 1846 3194 gratiam
1901 3100 2029 3173 Dei
2083 3104 2156 3173 et
2190 3100 2539 3174 iustitiam
2580 3109 2809 3175 tecum
2849 3122 3031 3190 esse,
3091 3122 3269 3193 quae
3306 3100 3491 3173 omni
3528 3099 3844 3193 potentia
3883 3101 4221 3175 fortiores
4252 3100 4311 3191 ³)

1222 3225 1459 3311 „suntz
1519 3240 1877 3312 speramus
1931 3220 2006 3293 in
2061 3221 2357 3293 Domino
2410 3222 2617 3295 finem
2670 3220 3075 3293 huiusmodi
3119 3221 3459 3293 novitatis
3497 3219 3628 3293 tibi
3664 3225 3736 3293 et
3772 3224 3893 3291 tuo
3931 3222 4169 3294 statui
4202 3222 4309 3294 in·

1220 3339 1536 3429 „felicem
1598 3360 1751 3413 esse
1812 3361 1950 3411 non
2011 3362 2241 3432 posse.
2308 3340 2458 3414 Nos
2514 3361 2675 3414 vero
2749 3341 3109 3433 cupientes
3182 3340 3256 3413 in
3325 3341 3457 3413 hoc
3510 3359 3677 3411 casu
3750 3339 4011 3430 quibus
4080 3342 4309 3414 modis

1221 3479 1670 3550 „possumu8,
1731 3479 2130 3533 succurrere
2168 3463 2239 3533 et
2276 3459 2649 3533 subvenire
2701 3460 3111 3533 necessitati
3164 3464 3359 3547 tuae,
3416 3458 3717 3551 primum
3772 3458 3927 3550 pias
3966 3464 4042 3533 et
4076 3460 4309 3533 humi·

1220 3579 1366 3667 „les
1421 3578 1714 3651 fecimus
1769 3578 2116 3651 orationes
2172 3578 2260 3651 ad
2313 3579 2536 3651 Deum
2584 3600 2709 3669 pro
2748 3579 3161 3652 liberatione
3197 3584 3267 3650 et
3302 3577 3786 3659 incolumitate
3838 3583 3998 3667 tua,
4056 3580 4309 3653 deinde

1219 3719 1384 3790 „per
1435 3697 1681 3771 literas
1745 3702 2021 3769 nostras
2084 3697 2487 3790 rogavimus
2540 3697 3055 3771 instantissime
3119 3697 3559 3770 carissimum
3614 3697 3689 3769 in
3742 3698 4023 3771 Christo
4080 3700 4307 3771 filium

1219 3822 1610 3906 „nostrum,
1669 3816 2195 3909 Sigismundum
2251 3817 2722 3889 Romanorum
2776 3817 3039 3909 Regem
3092 3817 3477 3906 illustrem,
3545 3821 3626 3889 ut
3696 3837 3853 3889 cum
3924 3817 4125 3889 omni
4196 3839 4303 3891 ca-

1219 3935 1474 4024 „ritate
1528 3939 1598 4009 et
1648 3936 1784 4008 fide
1840 3937 2144 4007 fraterna
2210 3935 2387 4008 velit
2448 3935 2807 4009 intendere
2870 3936 3273 4009 liberationi
3326 3942 3521 4023 tuae,
3588 3957 3879 4028 quarum
3932 3936 4305 4010 literarum

1220 4054 1531 4145 „copiam
1583 4054 1717 4127 tibi
1769 4054 2258 4145 praesentibus
2314 4054 2746 4128 destinamus
2800 4054 3178 4144 inclusam,
3236 4060 3307 4128 et
3344 4076 3701 4147 speramus
3739 4056 3813 4127 in
3852 4056 4303 4129 Excellentia

1219 4173 1664 4263 „sua‚·quod
1719 4173 1793 4244 in
1847 4174 1979 4244 hoc
2031 4192 2198 4245 casu
2253 4178 2374 4245 tuo
2429 4173 2797 4246 conabitur
2848 4174 3265 4262 bonitatem,
3325 4175 3767 4247 clementiam
3812 4180 3884 4247 et
3920 4176 4303 4247 fraternam

1219 4290 1624 4380 „caritatem
1690 4312 1854 4383 erga
1914 4296 2017 4379 te,
2083 4312 2163 4365 ac
2227 4292 2779 4384 magnitudinem
2843 4292 3061 4365 animi
3114 4293 3585 4366 demonstrare
3608 4309 3642 4380 ,⁰
3702 4314 3879 4383 quae
3952 4293 4029 4364 in
4100 4294 4305 4365 nulla.

1219 4409 1403 4499 „alia
1456 4430 1668 4482 causa
1719 4409 2022 4501 perspici
2078 4411 2339 4483 clarius
2391 4417 2658 4503 potest,
2716 4410 2929 4484 sicuti
2986 4412 3050 4484 ei
3088 4411 3483 4485 scribimus,
3541 4411 3903 4484 Caeterum
3940 4412 4050 4483 fili
4086 4413 4303 4485 caris-

1218 4528 1466 4619 „sime,
1524 4528 1692 4620 quia
1745 4528 1950 4601 valde
2005 4531 2356 4622 cupimuS,
2413 4536 2494 4603 ut
2548 4531 2733 4604 inter
2784 4552 2909 4603 vos
2966 4531 3203 4622 vigeat
3256 4532 3605 4603 fraternus
3660 4551 3851 4602 amor
3904 4536 3976 4602 et
4014 4530 4297 4619 caritas»,

1218 4670 1339 4738 „ac
1401 4653 1738 4740 perpetua
1791 4652 1860 4721 et
1913 4649 2112 4720 firma
2174 4649 2568 4738 concordia,
2633 4672 2991 4743 rogamus,
3056 4649 3480 4743 requirimus
3534 4656 3605 4723 et
3658 4670 4020 4721 monemus
4087 4650 4298 4723 etiam

1218 4767 1787 4856 „Sublimitatem
1839 4770 2065 4855 tuam,
2122 4773 2204 4839 ut
2258 4768 2587 4841 similiter
2640 4770 2716 4841 in
2768 4770 3073 4860 negotiis
3128 4776 3198 4843 et
3234 4769 3773 4843 necessitatibus
3812 4768 3963 4841 suis
3998 4770 4163 4860 pari
4198 4770 4293 4841 af-

1217 4886 1556 4974 „fectione
1592 4890 1663 4957 te
1699 4885 1958 4957 habeas
2013 4906 2172 4978 ergo
2211 4887 2478 4979 ipsum,
2536 4894 2606 4961 et
2642 4888 3043 4980 specialiter
3078 4890 3259 4961 velis
3297 4887 3607 4976 omnino,
3664 4893 3745 4958 ut
3780 4889 4023 4977 debes,
4066 4889 4208 4961 sibi
4236 4888 4293 4975 4)

1216 5004 1488 5092 „omnia
1527 5004 1802 5093 ,dudum
1855 5003 2040 5076 inter
2074 5026 2201 5077 vos
2240 5011 2581 5079 conventa
2616 5028 2923 5097 servare,
2981 5009 3164 5100 quod
3200 5014 3507 5081 oratores
3564 5008 3716 5080 eius
3752 5008 3942 5099 apud
3976 5029 4110 5080 nos
4146 5006 4289 5081 exi·

1423 5270 1471 5357 ¹)
1517 5276 1738 5336 Datum
1778 5280 1846 5336 ut
1889 5294 2086 5352 supra.
2113 5310 2198 5321 —-
2219 5277 2549 5337 wladislao
2591 5279 2745 5355 Regi
2788 5278 3087 5339 Poloniae.
3138 5272 3291 5340 cod.
3348 5274 3537 5339 Rozr.
3596 5275 3647 5355 ²)
3692 5227 3897 5338 fratris
3938 5279 4029 5339 tui
4076 5275 4295 5341 clesma

1207 5373 1282 5437 in
1329 5370 1480 5439 God.
1530 5370 1705 5438 Calv.
1754 5376 1809 5456 ³)
1853 5378 2096 5439 fortiora
2142 5374 2295 5441 Cod.
2342 5376 2535 5443 Rozr.
2582 5376 2636 5456 ⁴)
2684 5382 2740 5442 ei
2788 5374 2940 5441 cod.
2988 5379 3185 5441 Rozr.
