4342 6384
828 483 977 557 614
1413 566 1419 569 ,
1983 504 2213 558 mmm
2264 504 2777 558 nnonncums.
3368 479 3510 581 (Α.
3552 479 3646 553 D.
3688 477 3964 578 1⁴30.)

821 692 1120 785 pellato,
1178 691 1386 766 illum
1440 691 1741 764 retinere
1795 691 1980 782 apud
2035 711 2111 763 se
2164 690 2569 777 constituit,
2638 690 2857 763 donec
2910 689 3214 776 videret,
3283 710 3491 780 quem
3556 692 3782 763 finem
3840 711 3956 762 es·

821 817 978 887 sent
1028 811 1314 905 negotia
1375 811 1604 905 Regni
1657 811 2097 905 Hungariae,
2158 816 2379 885 morte
2435 810 2713 884 Alberti
2770 812 3041 899 secuta,
3100 809 3453 883 habitura.

1363 1170 1754 1243 vladislaus
1797 1169 1938 1241 Rex
1979 1170 2282 1242 roloniae
2326 1170 2395 1242 in
2438 1170 2677 1259 Regem
2720 1168 3081 1258 ungariae
3126 1168 3411 1259 eligitur.

1025 1418 1339 1493 Praelati
1392 1422 1465 1492 et
1515 1420 1809 1492 barones
1865 1419 2272 1511 Hungariae
2309 1419 2365 1507 1)
2419 1419 2739 1493 videntes
2776 1420 3100 1512 Regnum
3138 1440 3341 1491 suum
3377 1438 3505 1509 per
3543 1419 3937 1490 Turcorum

818 1539 1206 1632 potentiam
1259 1538 1480 1612 nullis
1533 1561 1844 1631 unquam
1899 1539 2273 1613 transactis
2338 1539 2771 1632 temporibus
2834 1541 2997 1631 plus
3054 1540 3494 1631 depressum,
3572 1538 3936 1625 timenteS,

819 1664 982 1753 post
1035 1660 1251 1734 castri
1307 1660 1688 1734 Smiderow
1717 1658 1780 1748 2)
1839 1660 2319 1749 amissionem,
2376 1681 2463 1733 ne
2520 1660 2727 1733 Turci
2782 1661 3109 1752 Regnum
3162 1659 3573 1752 Hungariae
3612 1658 3939 1732 totaliter

819 1802 1157 1873 occupare
1211 1781 1665 1869 contendant,
1723 1781 2002 1855 Alberti
2057 1782 2273 1875 Regis
2312 1802 2594 1873 corpore
2634 1780 3156 1855 ecclesiasticae
3194 1802 3351 1853 cum
3388 1780 3629 1854 debito
3668 1780 3935 1852 honore

821 1901 1081 1977 tradito
1138 1902 1576 1993 sepulturae,
1633 1900 1708 1974 in
1767 1902 1966 1974 Buda
2019 1901 2335 1976 universi
2371 1902 2828 1991 conveniunt,
2870 1907 2941 1977 et
2978 1906 3345 1993 praesente
3381 1902 3761 1973 Elisabeth
3802 1900 3935 1973 Re·

819 2020 990 2115 gina
1025 2021 1307 2095 Alberti
1343 2020 1624 2109 relicta,
1665 2022 1986 2114 quamvis
2025 2028 2195 2095 tunc
2230 2027 2427 2098 utero
2464 2023 2787 2116 gravida,
2845 2023 3092 2096 multis
3130 2022 3377 2097 diebus
3430 2021 3844 2115 concipiunt
3874 2018 3935 2109 3)

823 2147 895 2215 et
948 2144 1380 2233 pertractant
1433 2142 1621 2230 vias,
1680 2163 1886 2233 quem
1943 2144 2239 2217 debeant
2290 2142 2695 2235 Principem
2750 2144 2823 2217 in
2880 2147 2985 2216 tot
3040 2144 3268 2236 Regni
3332 2142 3447 2215 sui
3502 2141 3929 2215 calamitati·

819 2264 954 2336 bus
1008 2262 1084 2335 in
1137 2263 1403 2357 Regem
1458 2266 1528 2335 et
1583 2263 1957 2336 Dominum
2013 2285 2399 2351 assumere,
2460 2286 2616 2338 cum
2674 2265 3011 2338 Albertus
3068 2265 3295 2335 solum
3348 2264 3527 2335 duas
3586 2261 3781 2335 filias
3829 2284 3931 2335 rc-

820 2383 1145 2477 liquerit,
1203 2390 1272 2457 et
1325 2384 1670 2458 incertum
1725 2389 1904 2471 erat,
1965 2406 2054 2455 an
2108 2384 2477 2459 Elisabeth
2532 2390 2719 2459 esset
2774 2386 3042 2475 prolem
3105 2384 3384 2458 virilem
3438 2383 3795 2475 paritura:
3854 2384 3925 2455 in

821 2527 956 2598 quo
1011 2504 1225 2578 etiam
1279 2526 1480 2593 casu,
1539 2509 1915 2597 antequam
1966 2527 2140 2596 puer
2195 2506 2269 2577 in
2306 2506 2535 2578 virum
2574 2506 2929 2593 evaderet,
2990 2506 3411 2579 verebantur
3447 2506 3779 2596 Regnum
3816 2526 3925 2577 eo-

817 2646 972 2699 rum
1028 2646 1153 2718 per
1205 2626 1538 2699 barbaros
1569 2624 1632 2714 4)
1691 2625 2039 2717 occupari.
2098 2628 2317 2698 Facta
2372 2626 2593 2719 igitur
2640 2627 2723 2699 de
2760 2627 3007 2698 multis
3064 2625 3434 2699 catholicis
3471 2624 3925 2717 Principibus

818 2744 1148 2839 diligenti
1200 2746 1691 2839 inquisitione,
1761 2746 2084 2841 quamvis
2141 2768 2216 2819 se
2270 2747 2479 2819 multi
2543 2746 3046 2820 deliberatione
3079 2746 3142 2837 5)
3199 2744 3661 2832 obtulissent,
3728 2745 3917 2837 digc-

819 2864 954 2937 stis
1009 2868 1244 2939 tamen
1301 2865 1604 2957 singulis
1661 2870 1731 2939 et
1785 2866 2304 2958 comparatione
2360 2867 2799 2959 singulorum
2848 2866 2934 2938 ad
2973 2866 3274 2941 invicem
3329 2867 3543 2952 facta,
3606 2863 3917 2937 Wladis-

818 2986 980 3057 laus
1043 2986 1380 3059 Poloniae
1425 2987 1581 3059 Rex
1629 2985 1875 3059 melior
1929 2992 1998 3059 et
2055 2987 2437 3076 salubrior,
2496 2988 2767 3061 cunctis
2833 2987 3287 3061 laudantibus
3342 2998 3412 3059 et
3466 2986 3917 3078 approbanti-

818 3106 952 3179 bus
978 3160 996 3193 ,
1055 3104 1254 3178 visus
1309 3109 1449 3194 est,
1505 3128 1631 3180 nec
1667 3106 2140 3198 reperiebatur
2176 3107 2360 3180 alius
2390 3108 2478 3196 ⁶),
2537 3107 2659 3200 qui
2713 3108 3034 3200 Regnum
3091 3106 3498 3199 Hungariae
3546 3128 3587 3177 a
3624 3106 3921 3196 superba

818 3227 1199 3299 Turcorum
1253 3225 1617 3301 invasione
1669 3232 1908 3320 posset
1963 3249 2184 3319 aeque
2238 3227 2617 3301 vindicare.
2676 3227 3042 3301 Consentit
3096 3228 3335 3319 itaque
3374 3226 3749 3299 Elisabeth
3786 3226 3914 3297 Re-

814 3346 1018 3438 gina,
1087 3346 1534 3420 consentiunt
1601 3367 1872 3435 omneS,
1940 3353 2010 3420 et
2073 3348 2548 3421 Wladislaum
2614 3348 2947 3420 Poloniae
3010 3348 3307 3439 Regem,
3375 3346 3449 3418 in
3514 3346 3917 3439 Hungariae

814 3468 1080 3561 Regem
1136 3467 1570 3541 concorditer
1633 3466 1937 3561 eligunt,
2007 3489 2088 3540 ea
2143 3467 2541 3542 conditione
2597 3469 2948 3560 apposita,
3022 3473 3103 3539 ut
3158 3467 3526 3540 Elisabeth
3582 3467 3795 3539 ducat
3847 3465 3915 3538 in

814 3607 1138 3677 uxorem,
1195 3609 1334 3661 non
1388 3587 1712 3661 obstante
1767 3588 1978 3661 etiam
2035 3590 2097 3661 si
2149 3589 2343 3662 filius
2400 3610 2487 3662 ex
2543 3588 2671 3661 illa
2704 3590 2763 3678 7)
2818 3592 3250 3662 nasceretur:
3310 3589 3393 3660 de
3454 3608 3595 3678 quo
3642 3586 3911 3659 ordina-

813 3712 963 3797 tur,
1020 3712 1102 3781 ut
1154 3708 1574 3801 patrimonio
1636 3729 1794 3797 suo,
1853 3711 2131 3783 Ducatu
2187 3709 2520 3783 Austriae
2557 3714 2628 3782 et
2664 3710 2908 3801 Regno
2946 3707 3355 3795 Bohemiae,
3396 3708 3458 3779 si
3496 3728 3719 3778 annos
3756 3706 3911 3778 ado·

813 3828 1192 3903 lescentiae
1245 3828 1800 3917 transcenderet,
1843 3830 1938 3901 sit
1973 3835 2369 3903 contentus.
2430 3831 2581 3921 Qua
2626 3829 3073 3913 conclusione
3102 3828 3167 3917 8)
3223 3829 3495 3914 habita,
3554 3826 3795 3899 nuntii
3831 3827 3915 3898 ad

814 3948 1079 4041 Regem
1133 3946 1468 4023 Poloniae
1522 3947 1694 4022 ituri
1749 3954 1919 4023 tunc
1975 3955 2043 4023 et
2097 3949 2557 4042 designantur
2612 3953 2681 4022 et
2736 3948 3087 4042 designati
3142 3948 3546 4023 mittuntur.

1106 4301 1435 4376 stanislao
1478 4303 1888 4393 ruvinum
1935 4304 2237 4395 episeopo
2279 4304 2569 4377 Plocami
2612 4305 2908 4378 succedit
2949 4304 3182 4375 Paulus
3228 4303 3309 4377 de
3354 4302 3628 4375 Gizicze.

1025 4532 1428 4625 Stanissaus
1484 4551 1912 4642 Pawlowsky
1951 4551 2322 4643 episcopus
2377 4551 2740 4625 Plocensis
2794 4554 2959 4623 dum
3010 4556 3347 4645 gravatus
3394 4555 3581 4623 esset
3617 4550 3909 4622 infirmi-

812 4675 994 4759 tate,
1053 4692 1232 4763 quae
1267 4677 1560 4745 vocatur
1597 4670 2018 4763 Squinantia
2046 4672 2133 4760 ⁹),
2192 4670 2267 4743 in
2304 4672 2586 4744 Thorun
2622 4672 2708 4744 ad
2747 4672 3089 4745 medicum
3128 4670 3519 4757 descendit3
3577 4670 3699 4743 sed
3738 4692 3943 4779 pau-⁶

811 4790 915 4864 cis
969 4791 1216 4865 diebus
1275 4790 1705 4884 absumptis,
1763 4791 1927 4863 dum
1981 4790 2181 4864 nulla
2234 4798 2474 4884 posset
2525 4793 2857 4884 prodesse
2911 4791 3288 4882 medicina,
3354 4796 3577 4864 morte
3632 4794 3703 4863 et
3760 4790 3911 4881 ipse

1029 5098 1075 5179 ¹)
1119 5098 1310 5177 Regni
1354 5101 1656 5177 Ungariae
1699 5097 1826 5161 Ed.
1874 5098 2056 5183 Εὗρε.
2121 5098 2172 5180 ⁹)
2220 5101 2717 5163 Simidoronensis
2780 5097 2932 5163 cod.
2980 5098 3158 5163 Kost.
3218 5100 3526 5162 Sniderow
3572 5095 3727 5162 cod.
3773 5095 3907 5159 Lis.

818 5199 872 5279 ³)
916 5204 1131 5263 multas
1191 5204 1528 5279 concipiunt
1584 5200 1710 5265 Ed.
1776 5200 1955 5285 Εὗρε.
2020 5200 2072 5283 ⁴)
2132 5222 2240 5281 per
2298 5206 2549 5265 barones
2613 5200 2765 5268 Cod.
2826 5201 3003 5267 Kost.
3069 5202 3123 5279 ι5)
3169 5203 3692 5267 deliberationibus
3756 5197 3907 5263 cod.

815 5300 1034 5365 sz.
1094 5306 1480 5366 deliberatum
1537 5303 1665 5367 Ed.
1727 5304 1910 5389 Εὗρε.
1972 5303 2024 5385 ⁶)
2087 5325 2199 5367 nec
2257 5308 2632 5385 reperiebant
2689 5308 2947 5384 aliquem
3009 5293 3162 5369 C'od.
3222 5304 3440 5368 Pam.
3505 5302 3559 5385 ⁷)
3618 5324 3693 5366 ea
3752 5298 3904 5366 cod.

816 5402 1036 5468 Przez.
1085 5404 1137 5484 ο)
1186 5407 1520 5469 conditione
1561 5405 1691 5470 Ed.
1736 5404 1918 5491 Εὗρε.
1965 5405 2018 5489 ¹’)
2067 5408 2424 5488 Squinarvia
2464 5407 2593 5472 Ed.
2639 5406 2822 5492 Εὗρε.
