4342 6384
381 587 518 692 (Α.
558 590 648 665 D.
691 585 898 690 1411.)
1522 609 1750 666 menn
1801 609 2263 666 monemus.
3342 591 3488 666 119

383 799 615 872 millia
671 799 950 892 exigere
1003 797 1377 890 potuisset.
1435 798 1642 885 Item,
1703 797 1888 889 quod
1938 801 2129 871 terra
2186 797 2732 892 Samagittarum
2764 799 2819 888 ¹)
2874 799 3181 872 Ducatni
3235 797 3491 892 Magno

382 920 808 992 Lithuaniae
861 919 1154 992 debebat
1206 917 1547 1009 relinqui,
1604 922 1766 1009 post
1819 923 2108 991 mortem
2148 917 2527 992 Wladislai
2565 919 2783 1011 Regis
2820 919 3158 992 Poloniae
3212 924 3285 992 et
3322 921 3490 992 Ale-

387 1040 640 1112 xandri
713 1040 950 1132 Magni
1015 1039 1232 1115 Ducis
1304 1038 1726 1111 Lithnaniae
1799 1039 1886 1110 ad
1949 1038 2365 1131 Magistrum
2404 1038 2770 1112 -Prussiae
2842 1044 2913 1112 et
2986 1039 3493 1116 cruciferorum

386 1145 715 1234 Ordinem
769 1180 1170 1248 reversura3
1245 1164 1454 1251 prout
1520 1160 1694 1232 haec
1758 1159 1988 1231 omnia
2050 1159 2124 1231 in
2189 1160 2399 1234 litera
2428 1158 2489 1249 2)
2547 1159 2843 1233 foederis
2907 1160 3265 1252 perpetui,
3324 1165 3493 1234 tunc

389 1281 548 1370 icti,
606 1281 824 1354 latius
880 1280 1350 1354 continentur.
1409 1279 1666 1352 Mirum
1719 1285 1952 1352 antem
2010 1286 2116 1352 est
2148 1279 2235 1370 ³),
2308 1280 2380 1353 in
2436 1281 2591 1372 ipsa
2643 1281 2839 1373 pacis
2892 1285 3271 1372 perpetuae
3324 1287 3495 1353 tunc

387 1401 850 1490 confectione,
910 1421 1136 1492 neque
1189 1400 1664 1472 Wladislaum
1718 1401 1981 1494 Regem
2019 1401 2385 1488 Poloniae‚
2443 1421 2668 1492 neque
2706 1400 3183 1474 Withawdum
3232 1403 3495 1476 Ducem

389 1521 722 1614 Magnum
774 1519 1227 1609 Lithuaniae,
1287 1541 1414 1593 nec
1451 1541 1867 1612 quemquam
1924 1521 2144 1593 alium
2202 1521 2649 1594 existimasse
2703 1543 2856 1594 eam
2909 1520 3138 1614 Regni
3174 1521 3495 1594 Polonici

389 1641 462 1713 in
517 1641 988 1714 abstractione
1043 1645 1388 1714 terrarum
1455 1662 1774 1729 suarum,
1842 1663 2136 1732 quarum
2204 1646 2371 1712 tnnc
2432 1641 2866 1731 recuperatio
2934 1641 3135 1734 sequi
3186 1645 3487 1733 poterat,

397 1761 764 1850 iniuriam3
821 1762 963 1834 nisi
1017 1764 1336 1854 Regnum
1391 1761 1658 1853 ipsum,
1717 1761 1901 1852 quod
1956 1761 2105 1833 suis
2161 1783 2237 1834 se
2276 1761 2719 1833 naturalibus
2776 1761 3014 1848 terrie,
3072 1765 3143 1836 et
3196 1782 3495 1853 quarum

393 1882 753 1955 restitutio
829 1882 1012 1955 circa
1077 1881 1510 1954 obsidionem
1583 1881 1798 1954 castri
1860 1881 2311 1974 Marienburg
2374 1881 2811 1970 offerebatur,
2892 1881 3119 1954 orbari
3183 1882 3485 1971 dolebat,

393 2003 698 2076 sensisse
729 2003 818 2092 ⁴).
891 2003 1116 2075 Nulla
1172 2002 1356 2074 enim
1411 2001 1852 2074 Wladislaus
1907 2003 2245 2076 Poloniac
2298 2003 2454 2075 Rex
2512 2006 2851 2075 terrarum
2908 2001 3137 2094 Regni
3193 2001 3306 2075 sui
3361 2003 3494 2074 Po·

393 2122 657 2212 loniae,
715 2123 1044 2196 videlicet
1096 2122 1550 2195 Pomeraniae
1606 2126 1675 2194 et
1721 2122 2115 2195 Gulmensis
2171 2127 2383 2214 atque
2421 2121 3027 2211 Michaloviensis,
3082 2142 3495 2214 recuperan-

395 2244 640 2316 darum
695 2243 1105 2316 movebatur
1159 2262 1355 2329 cura3
1419 2263 1626 2334 quam
1657 2241 1719 2331 5)
1775 2241 1958 2314 circa
1995 2242 2426 2314 obsidionem
2474 2241 2690 2314 castri
2753 2241 3202 2334 Marienburg
3228 2243 3293 2332 θ)
3359 2241 3497 2315 sibi

395 2363 584 2434 ultro
648 2363 955 2436 oblatam
1021 2361 1318 2454 sprevit,
1395 2361 1470 2433 in
1533 2361 1890 2453 praesenti
1956 2383 2117 2435 vero
2182 2361 2375 2453 pacis
2448 2366 2753 2434 tractatu
2828 2361 3098 2435 omisit:
3177 2363 3497 2436 sufficere

396 2505 536 2555 una
591 2505 748 2556 cnm
804 2483 1206 2555 Alexandro
1263 2483 1454 2555 Duce
1507 2483 1758 2576 Magno
1797 2481 2223 2555 Lithuaniae
2279 2481 2416 2554 sibi
2453 2486 2684 2570 ratuS,
2744 2482 2804 2554 si
2844 2483 3161 2556 Ducatus
3199 2483 3497 2576 Magnus

397 2603 821 2676 Lithuaniae
877 2603 1416 2696 integrationem
1473 2601 1848 2694 acciperet,
1918 2602 2239 2693 quamvis
2304 2604 2546 2695 Regno
2610 2602 2980 2689 Poloniae‚
3048 2603 3249 2675 cuius
3305 2603 3501 2695 prior

399 2730 468 2796 et
521 2724 753 2815 potior
805 2724 1124 2796 habenda
1181 2725 1408 2795 fuerat
1461 2723 1664 2812 ratic,
1721 2722 2076 2795 mutilato.
2152 2722 2367 2795 Cuius
2423 2723 2558 2795 etsi
2616 2743 2962 2796 enormem
3019 2722 3501 2815 intelligerent

396 2843 788 2917 consiliarii
849 2843 1186 2916 Poloniae
1240 2842 1788 2929 mutilationem
1847 2842 2027 2915 nihil
2066 2847 2301 2915 tamen
2356 2842 2725 2915 adversum
2764 2841 2961 2914 illam
3007 2843 3366 2935 proloqui,
3410 2862 3499 2916 ne

399 2964 664 3057 Regem
719 2968 790 3037 et
825 2965 1086 3037 Ducem
1143 2962 1602 3050 offenderent,
1659 2961 2032 3036 audebant.
2088 2961 2489 3034 Vanissimo
2529 2961 2765 3054 itaque
2820 2962 3114 3036 consilio
3169 2966 3315 3035 tam
3358 2963 3496 3035 Re-

398 3085 541 3177 gis,
601 3105 809 3176 quam
863 3084 1080 3157 Ducis
1145 3089 1216 3156 et
1269 3083 1862 3171 consiliariorum,
1928 3083 2298 3176 magnifica
2352 3082 2481 3154 illa
2544 3086 2613 3155 et
2668 3082 3139 3156 memorabilis
3194 3083 3499 3156 111111161-

401 3205 642 3277 densis
698 3204 1025 3293 victoria,
1084 3205 1157 3277 in
1213 3204 1493 3276 irritum
1550 3209 1618 3279 et
1670 3225 1847 3296 pene
1900 3203 2285 3277 ludibrium
2340 3202 2691 3292 recidens,
2745 3204 3021 3275 nullum
3077 3204 3319 3296 Regno
3366 3204 3499 3275 Po-

401 3325 667 3414 loniae,
724 3346 1050 3417 magnum
1108 3345 1270 3398 vero
1327 3325 1632 3398 Ducatui
1687 3323 2112 3397 Lithuaniae
2167 3322 2417 3395 attulit
2469 3323 2879 3415 profectum.

631 3686 952 3760 lohannes
996 3687 1300 3778 Kropidlo
1344 3686 1908 3758 wladislaviensis
1955 3686 2296 3776 episcopus
2339 3685 2407 3756 in
2454 3701 2775 3757 carcerem
2819 3701 2860 3756 a
2905 3684 3277 3757 consulibus

1440 3807 2086 3879 wratislaviensium
2132 3804 2491 3878 coniicitur.

619 4047 836 4120 Sexta
892 4047 1292 4119 Decembris
1347 4045 1460 4118 die
1523 4046 1870 4118 Iohannes
1925 4044 2270 4137 Kropidlo
2331 4041 2945 4117 Wladislaviensis
3010 4043 3380 4135 episcopus
3436 4047 3507 4115 et

405 4167 808 4258 opoliensis
879 4157 1042 4239 Du'x
1121 4165 1548 4258 praetorium
1623 4164 2211 4238 Wratislaviense
2285 4163 2644 4256 ingressus
2677 4164 2761 4253 ⁷),
2836 4163 3002 4235 dum
3064 4183 3312 4254 parum
3375 4162 3499 4233 ho·

405 4291 611 4359 nesta
665 4292 736 4359 et
789 4286 1104 4358 modesta
1161 4288 1374 4360 verba
1429 4287 1778 4374 funderet,
1835 4307 1960 4376 per
1995 4285 2319 4357 consules
2357 4283 3011 4372 wratislavienseS,
3069 4283 3505 4356 Leonardum

407 4406 814 4499 Reycharth
841 4405 929 4495 ⁸),
973 4406 1345 4478 Nicolaum
1384 4407 1730 4497 Lamberg
1757 4405 1846 4494 ⁹),
1904 4405 2235 4477 Iacobum
2284 4405 2553 4477 Sworcz
2584 4404 2676 4492 ¹⁰)
2732 4409 2803 4476 et
2856 4403 3035 4476 alios
3084 4403 3504 4495 captivatur.

408 4526 512 4599 Ob
569 4526 770 4599 cuius
825 4525 1307 4618 captivitatem
1363 4525 1974 4598 Wratislaviensis
2039 4524 2409 4616 episcopus
2474 4523 2933 4597 Wenceslaus
2998 4523 3321 4596 consules
3382 4543 3506 4613 pa·

632 4780 676 4860 ¹)
724 4782 1124 4858 Samogithiae
1174 4777 1325 4846 Cod.
1380 4780 1572 4844 Rozr.
1645 4781 1694 4861 ²)
1741 4783 1804 4842 in
1848 4783 2036 4843 literis
2085 4776 2237 4843 Cod.
2283 4779 2476 4842 Rozr.
2549 4779 2602 4858 ³)
2647 4781 2861 4841 Mirum
2905 4785 3101 4841 autem
3147 4785 3239 4840 est
3282 4775 3521 4864 desunt·

406 4884 482 4945 in
529 4880 682 4946 Cod.
733 4880 911 4946 Calv.
957 4892 1017 4946 et
1045 4883 1221 4948 Koct.
1271 4882 1324 4963 ⁴)
1369 4903 1564 4960 neque
1594 4903 1946 4960 quemquam
1975 4886 2156 4945 alium
2186 4884 2695 4962 animadvertisse,
2743 4887 2965 4959 quanta
2992 4883 3210 4942 iniuria
3236 4883 3507 4958 Regnum

403 4989 694 5048 Poloniae
737 4988 1100 5048 afficeretur:
1146 5006 1279 5049 611111
1323 4993 1527 5064 aperte
1571 5007 1773 5049 omnes
1816 4989 1956 5050 illae
1999 4993 2221 5065 terrae,
2267 5006 2421 5063 quae
2450 4989 2776 5063 antiquitus
2820 4988 2898 5047 ad
2926 4987 3195 5062 Regnum
3224 4986 3509 5047 Poloniae

404 5090 806 5168 pertinebant,
853 5094 912 5150 61
956 5109 1108 5166 quae
1153 5092 1214 5149 111
1259 5091 1567 5152 obsidione
1609 5092 1788 5152 castri
1832 5091 2403 5168 Marienburgcnsis,
2448 5092 2603 5150 ultro
2647 5091 2889 5151 Polonis
2932 5110 2970 5149 6
3016 5090 3333 5152 Cruciferis
3378 5088 3510 5148 red-

407 5193 723 5271 debantur,
767 5211 925 5254 nunc
969 5195 1084 5254 isto
1129 5195 1248 5252 16111
1290 5194 1447 5269 turpi
1493 5197 1554 5253 61
1595 5198 1882 5270 perpetuo
1925 5193 2163 5253 foedere
2208 5212 2245 5252 6
2285 5193 2494 5269 Regno
2538 5178 2819 5253 Poloniae
2872 5193 2934 5252 in
2977 5197 3327 5272 perpetuum
3370 5193 3511 5253 alie·

405 5301 715 5356 narentur.
766 5290 917 5357 cod.
963 5293 1156 5357 Rozr.
1223 5293 1276 5375 ⁵)
1321 5313 1498 5370 quam
1553 5295 1947 5356 conditionem
2011 5288 2163 5357 Cod.
2208 5292 2401 5356 Rozr.
2465 5292 2516 5374 ⁸)
2564 5295 3109 5370 Marienburgensis
3152 5293 3281 5357 Ed.
3331 5293 3511 5378 Lips.

414 5395 470 5476 7)
519 5399 826 5474 ingressus
872 5403 980 5476 est,
1025 5398 1226 5474 ibique
1289 5391 1440 5460 Cod.
1501 5395 1693 5459 Rozr.
1765 5395 1820 5477 ⁸)
1863 5397 2200 5458 Reinchard
2249 5393 2401 5460 Cod.
2455 5396 2632 5460 Kost.
2704 5395 2755 5476 ⁹)
2801 5399 3082 5475 Lauberg
3132 5394 3284 5460 God.
3336 5392 3511 5460 Calv.

407 5500 748 5561 Lemberck
796 5495 947 5562 Cod.
973 5497 1149 5562 Kost.
1204 5497 1282 5570 ¹⁰)
1317 5501 1626 5562 Schworcz
1675 5495 1828 5562 Cod.
1870 5497 2064 5563 Rozr.
