4342 6384
415 546 548 648 (Α.
591 544 681 621 D.
721 542 974 646 ⁸428.)
1553 569 1780 625 menn
1832 568 2291 625 unnncnms.
3358 550 3505 629 353

415 760 486 827 et
537 755 999 847 Anglicorum
1055 778 1466 829 numerosus
1522 761 1592 830 et
1647 758 1848 829 fortis
1905 759 2257 831 exercitus
2298 760 2384 831 ad
2422 762 2781 851 aspectum
2836 758 3184 833 duntaxat
3220 761 3505 835 venien-

413 875 592 947 tium
648 876 1114 948 Bohemorum
1169 876 1488 967 expavit,
1557 883 1925 969 menteque
1979 884 2466 951 consternatus
2524 879 2757 970 fugam
2812 900 2938 970 pro
2992 881 3259 969 praelio
3317 882 3506 969 iniit,

414 1015 494 1066 ac
547 994 734 1067 omui
790 995 1068 1086 quidem
1125 997 1486 1087 opulentia
1539 996 1718 1068 ditia
1770 1002 2034 1084 castra,
2093 998 2341 1069 luxum
2380 998 2637 1089 magi8‚
2678 1020 2884 1089 quam
2922 1000 3256 1073 bellicum
3293 1022 3506 1093 appa·-

412 1117 642 1185 ratum
698 1114 1156 1202 ostentantia,
1224 1115 1620 1206 praedanda
1682 1116 1870 1187 hosti
1935 1116 2250 1207 reliquit.
2310 1116 2603 1189 Bohemi
2657 1118 2929 1209 ingenti
2982 1120 3243 1210 praeda
3298 1128 3509 1212 atque

413 1234 710 1307 victoria
747 1234 1010 1326 absque
1045 1236 1195 1306 ullo
1235 1256 1612 1327 congressu
1648 1234 1892 1326 potiti,
1943 1237 2291 1328 fugientes
2330 1238 2789 1309 nihilominus
2832 1240 3217 1311 Almannos
3256 1246 3326 1312 et
3362 1244 3507 1312 Au-

411 1354 634 1445 glicos
689 1376 812 1445 per
867 1356 1122 1427 silvam
1159 1375 1513 1447 magnam,
1572 1356 1979 1427 Bohemiam
2017 1377 2059 1427 a
2098 1357 2401 1429 Bavaria
2438 1356 3078 1447 disterminantem,
3136 1380 3506 1452 perseque-

411 1475 701 1562 bantur,
759 1476 1160 1567 multosque
1217 1476 1548 1547 mortales
1615 1474 1766 1547 illic
1831 1482 1956 1547 aut
2011 1476 2484 1564 trucidarunt,
2554 1481 2677 1549 aut
2732 1478 3182 1569 captivarunt
3235 1479 3504 1572 fugien-

411 1602 552 1684 tes3
626 1597 865 1687 plures
940 1617 1213 1688 quoque
1283 1601 1602 1688 aegrotos
1659 1600 1727 1669 et
1781 1597 2187 1670 vulneratos
2259 1618 2343 1669 ex
2402 1596 2773 1669 Almannis
2830 1602 2899 1669 et
2954 1597 3307 1689 Anglicis,
3384 1599 3509 1690 qui

411 1716 598 1805 apud
651 1716 944 1787 Tachow
981 1716 1037 1804 ¹)
1093 1715 1547 1804 curabantur,
1606 1716 2106 1789 miserabiliter
2157 1723 2626 1807 peremerunt.
2686 1718 3076 1789 Veniebant
3130 1724 3201 1789 et
3238 1718 3507 1792 Slesiae

408 1834 772 1925 Principes
825 1856 984 1907 cum
1023 1834 1318 1907 notabili
1357 1835 1672 1907 exercitu
1709 1835 2151 1908 Electoribus
2192 1837 2265 1908 in
2304 1836 2729 1925 subsidium,
2786 1837 3184 1910 bombardis
3224 1844 3293 1909 et
3332 1860 3499 1930 qua-

408 1954 662 2046 drigiS,
721 1955 1152 2046 caeterisque
1206 1954 1420 2026 armis
1476 1960 1548 2027 et
1598 1956 2144 2047 propugnaculis
2199 1956 2387 2028 haud
2442 1956 2843 2029 indecenter
2880 1957 3145 2044 fulciti,
3201 1958 3505 2050 dumque

409 2074 667 2147 finibus
723 2075 1097 2148 Bohemiae
1151 2074 1822 2167 appropinquarent,
1881 2075 2190 2147 omnium
2246 2097 2483 2149 eorum
2523 2096 2701 2167 quae
2737 2076 3181 2149 Electoribus
3239 2076 3503 2149 accide-

407 2200 599 2283 rant,
657 2195 886 2287 ignari
916 2194 1000 2283 2).
1061 2194 1352 2287 Cognita
1406 2196 1685 2267 tandem
1725 2195 2273 2281 Catholicorum‚
2332 2197 2838 2267 Almannorum
2879 2194 3213 2269 videlicet
3251 2201 3321 2267 et
3359 2198 3502 2267 An-

406 2313 750 2405 glicorum
805 2314 998 2405 turpi
1051 2316 1249 2406 fuga,
1307 2334 1557 2406 magno
1613 2318 1684 2387 et
1737 2314 1876 2404 ipsi
1933 2314 2253 2406 occupati
2312 2320 2643 2404 tremore,
2702 2315 3021 2388 certatim
3066 2337 3248 2388 unus
3287 2316 3505 2388 alium

407 2432 814 2523 praevenire
869 2434 1324 2521 contendens,
1383 2433 1742 2526 quadrigis
1799 2439 1868 2507 et
1922 2435 2354 2522 bombardiS,
2412 2456 2589 2526 quae
2626 2436 3059 2508 celeritatem
3098 2456 3236 2506 non
3274 2435 3501 2527 capie-

406 2553 609 2642 bant,
669 2574 743 2626 se
799 2553 1135 2646 subsequi
1189 2553 1437 2639 iussis,
1503 2554 1578 2625 in
1633 2558 1864 2626 castra
1917 2558 1988 2626 et
2042 2554 2468 2627 munitiones
2533 2576 2727 2643 suaa,
2798 2554 2935 2627 sibi
2992 2555 3289 2645 quisque
3344 2576 3502 2627 con-

407 2674 682 2760 sulens,
737 2673 1108 2765 praecipiti
1165 2672 1612 2747 festinatione
1659 2674 2082 2745 ferebantur.
2140 2674 2469 2745 Nondum
2516 2674 2867 2746 Henricus
2905 2674 3293 2745 Cardinalis
3331 2674 3502 2745 Vin-

407 2793 750 2866 toniensis
806 2794 878 2865 in
935 2794 1318 2866 exercitum
1373 2794 1878 2865 Almannorum
1915 2793 2327 2880 advenerat,
2386 2794 2660 2883 quando
2700 2794 2865 2885 fuga
2900 2793 3052 2866 fieri
3090 2801 3335 2884 coepta
3370 2799 3500 2866 est.

409 2912 542 2985 Sed
599 2913 686 2984 ad
741 2913 1074 3004 oppidum
1138 2913 1431 2985 Tachow
1461 2911 1524 3003 ³)
1591 2913 2024 3005 fugientibus
2089 2934 2488 3002 occurrenS,
2566 2914 2951 2986 admiratus
3024 2918 3130 2985 tot
3202 2913 3497 3000 Ducum,

405 3038 512 3104 tot
569 3032 853 3104 fortium
909 3034 1217 3105 virorum
1271 3033 1596 3124 pavidam
1653 3033 2062 3124 foedamque
2119 3034 2386 3125 fugam,
2444 3034 2715 3127 magnis
2770 3034 3127 3125 precibuS,
3186 3037 3266 3104 ut
3318 3033 3498 3105 redi-

403 3159 561 3225 rent
616 3152 690 3223 in
742 3153 1014 3225 hostem
1082 3153 1270 3225 omni
1335 3174 1423 3225 ex
1486 3157 1686 3244 parte
1751 3152 2191 3240 debiliorem,
2260 3153 2694 3226 hortabatur.
2765 3154 2961 3245 Quod
3030 3174 3184 3225 cum
3244 3154 3505 3225 frustra

404 3272 778 3360 niteretur,
839 3278 908 3345 et
963 3272 1114 3364 ipse
1169 3294 1326 3345 cum
1365 3273 1514 3345 suis
1553 3272 1877 3365 Anglicis
1915 3272 2146 3363 turpis
2190 3274 2395 3365 fugae
2432 3293 2659 3345 comes
2698 3272 2985 3345 effectus
3023 3277 3152 3344 est.
3212 3271 3504 3345 Bohemi

405 3413 544 3464 non
601 3393 827 3465 solum
883 3393 1134 3465 castris
1191 3397 1262 3465 et
1316 3392 1591 3464 divitiis
1657 3391 2094 3483 ingentibus,
2165 3392 2287 3465 sed
2342 3397 2413 3464 et
2468 3392 2811 3465 machinis
2868 3412 3140 3483 quoque
3195 3392 3497 3480 bellicis,

405 3498 580 3604 quas
636 3512 970 3584 Almanni
1007 3513 1192 3603 apud
1230 3512 1520 3584 Tachow
1549 3514 1612 3601 ⁴)
1669 3511 2113 3597 dimiserant,
2169 3511 2381 3601 potiti
2438 3518 2625 3583 sunt.
2684 3511 2959 3585 Exinde
3006 3511 3343 3581 Missnam
3378 3531 3498 3601 po-

403 3632 666 3723 pulati,
725 3652 882 3703 cum
938 3653 1061 3722 per
1113 3632 1576 3704 Franconiam
1621 3631 1962 3719 redirent,
2022 3652 2107 3703 ne
2146 3631 2835 3723 Brandeburgensem
2875 3651 3150 3721 agrum,
3201 3629 3499 3702 Nurem-

404 3752 950 3844 bergensemque
1006 3756 1397 3839 vastarent,
1453 3751 1750 3842 pecunia
1803 3750 2098 3841 placati,
2158 3750 2451 3823 divitem
2507 3750 2889 3822 exercitum
2943 3750 3305 3822 reduxere.

1497 4102 1756 4175 Bohemi
1802 4106 2078 4175 vastant
2121 4061 2410 4174 alesiam.

607 4349 828 4421 Pulso
881 4369 924 4420 a
977 4348 1234 4421 finibus
1290 4348 1438 4421 suis
1495 4350 1788 4421 Bohemi
1843 4350 2351 4421 Almannorum
2388 4353 2461 4421 et
2498 4348 2955 4441 Anglicorum
2994 4348 3343 4435 exercitu,
3404 4350 3496 4421 fe-

398 4468 674 4541 licitate
730 4488 1180 4541 successuum
1238 4468 1439 4558 elati,
1497 4476 1764 4542 aestate
1821 4469 2056 4541 eadem
2112 4468 2187 4540 in
2243 4467 2514 4541 Slesiae
2553 4468 2954 4559 PrincipeS,
2996 4469 3179 4559 quod
3219 4469 3494 4540 Electo-

396 4589 598 4661 ribus
655 4587 947 4678 Imperii
985 4594 1228 4661 contra
1261 4589 1452 4679 ipsos
1491 4588 1882 4661 subsidium
1923 4588 2099 4660 ferre
2136 4593 2651 4678 processerant,
2710 4590 3172 4679 consurgunt:
3233 4590 3303 4657 et
3341 4586 3495 4658 Sle·

398 4707 578 4781 siam
643 4707 976 4799 ingressi,
1044 4708 1240 4779 nullo
1305 4729 1392 4781 ex
1458 4708 1908 4800 Principibus
1975 4708 2243 4781 Slesiae
2295 4706 2622 4779 resistere
2678 4726 2879 4788 auso,
2948 4705 3173 4796 ipsam
3229 4705 3494 4778 crudeli

397 4828 606 4901 caede
661 4832 733 4899 et
787 4826 1104 4899 incendio
1161 4826 1707 4920 depopulantur,
1775 4828 2153 4919 pluresque
2216 4828 2426 4899 urbes
2490 4825 2797 4898 munitas
2852 4826 3173 4917 capiunt,
3240 4824 3495 4916 oppida

393 4970 560 5021 vero
617 4952 688 5019 et
740 4946 953 5020 villas
1011 4948 1472 5036 succendunt,
1530 4948 1604 5019 in
1637 4947 1697 5037 5)
1753 4948 2091 5039 populum
2145 4945 2516 5038 utriusque
2572 4966 2817 5028 sexus,
2884 4944 3069 5017 nulli
3124 4944 3491 5017 deferendo

393 5065 816 5154 conditioni,
875 5066 1228 5158 ingentem
1285 5073 1589 5160 stragem
1644 5068 1880 5139 edunt.
1939 5068 2132 5139 Tunc
2186 5070 2410 5139 terror
2460 5066 2747 5158 grandis
2804 5064 3073 5137 Slesiae
3126 5062 3493 5154 Principes

613 5333 662 5420 1)
708 5338 964 5399 'Paczow
1013 5333 1167 5401 C'od.
1216 5336 1409 5399 Rozr.
1458 5335 1506 5417 ²)
1561 5340 1755 5415 ignari
1801 5345 1989 5399 erant.
2039 5334 2191 5400 Cod.
2239 5335 2431 5400 Rozr.
2482 5336 2536 5416 ³)
2578 5338 2833 5397 'Paczow
2881 5332 3032 5399 Cod.
3064 5332 3256 5397 Rozr.
3294 5332 3347 5415 ⁴)
3376 5336 3493 5394 'Pa—

393 5461 558 5502 czow
606 5434 758 5501 Cod.
813 5438 1005 5502 Rozr.
1055 5438 1106 5521 ⁵)
1154 5460 1224 5501 ac
1268 5440 1330 5499 in
1379 5434 1529 5502 Cod.
1575 5438 1766 5503 Rozr.

449 5592 496 5635 J.
522 5592 712 5647 Dlugos.
739 5590 912 5632 Elutor.
939 5592 1098 5635 Polon.
1125 5590 1162 5631 Τ
1205 5589 1288 5634 IV.
3076 5570 3147 5631 45
