4342 6384
446 606 580 709 (Α.
621 606 714 683 D.
753 598 982 707 1412.)
1649 624 1876 679 LIBER
1926 622 2384 683 unnncnms.
3368 610 3515 687 129

433 815 787 907 nignitate
851 819 922 888 et
983 814 1310 887 comitate
1375 814 1672 905 excepit.
1745 813 2030 886 Habitis
2095 814 2341 887 deinde
2405 834 2529 904 per
2591 813 2739 887 dies
2805 820 3174 907 sequentes
3230 818 3517 905 mutuis,

440 934 696 1024 quibus
753 939 822 1005 et
874 918 1119 1005 foedus
1174 938 1244 1005 et
1297 932 1606 1005 affinitas
1661 954 1702 1004 a
1754 931 2146 1005 Wladislao
2213 934 2403 1025 Rege
2458 954 2583 1025 per
2632 936 2897 1037 Ducem
2963 935 3342 1007 Arnestum
3396 958 3514 1027 pe-

435 1053 752 1140 tebatur,
809 1052 1262 1140 118818111188,
1317 1052 1756 1124 wladislaus
1811 1052 1968 1125 Rex
2022 1053 2366 1145 virginem
2421 1052 2892 1126 Ozimbarkam
2912 1110 2928 1141 ,
2984 1058 3262 1145 neptem
3324 1076 3522 1127 suam

439 1192 529 1243 ex
585 1191 818 1243 sorore
869 1192 1227 1263 germana,
1295 1156 1635 1243 Semoviti
1689 1153 2040 1243 Masoviae
2112 1171 2329 1243 Ducis
2394 1170 2645 1260 filiam,
2711 1173 2825 1245 1111
2878 1172 3336 1263 desponsans,
3398 1174 3515 1245 do-

435 1296 718 1381 temque
772 1291 1077 1382 amplam
1114 1290 1188 1362 in
1225 1309 1391 1361 auro
1446 1288 1750 1381 largiens
1789 1290 1869 1377 ¹),
1927 1294 1997 1362 et
2043 1291 2284 1363 foedus
2323 1294 2392 1363 et
2430 1291 2841 1363 affinitatem
2881 1313 3151 1381 secum,
3208 1297 3290 1364 ut
3326 1298 3522 1384 opta-

433 1414 665 1497 verat,
722 1412 1176 1482 consummat.
1235 1407 1618 1480 Celebratis
1657 1412 1889 1480 autem
1925 1413 2086 1481 ante
2123 1408 2273 1481 dies
2312 1409 2801 1501 Carnisprivii,
2860 1410 2935 1483 in
2986 1394 3236 1503 magna
3290 1412 3514 1484 solen-

435 1528 696 1616 nitate,
753 1549 876 1620 pro
931 1526 1446 1620 magnificentia
1500 1531 1570 1600 et
1621 1526 1966 1599 tradentis
2021 1531 2090 1600 et
2143 1527 2554 1619 accipientis
2617 1549 2939 1617 uxorem,
3006 1530 3079 1602 in
3132 1530 3303 1603 urbe
3356 1531 3515 1603 Cra-

437 1648 748 1722 coviensi
801 1648 1101 1740 nuptiis,
1157 1648 1511 1739 praefatus
1566 1648 1912 1720 Arnestus
1968 1648 2300 1720 Austriae
2354 1649 2549 1736 Dux,
2607 1650 2992 1740 magnificis
3048 1653 3119 1721 et
3164 1649 3521 1721 dotalibus

437 1772 510 1839 et
563 1765 728 1839 aliis
791 1766 1088 1857 privatis
1153 1765 1460 1857 acceptis
1513 1787 1555 1838 a
1608 1765 2000 1838 Wladislao
2064 1767 2255 1859 Rege
2323 1767 2725 1839 muneribus
2744 1823 2760 1855 ‚
2825 1766 2901 1838 in
2955 1768 3235 1859 propria
3295 1788 3521 1860 regre-

435 1884 784 1958 diebatur.
859 1884 988 1957 Cui
1050 1906 1207 1957 cum
1269 1884 1588 1975 propriae
1652 1884 1960 1957 familiae
2022 1886 2410 1977 paucitate,
2476 1906 2564 1958 ne
2630 1885 3061 1978 Sigismundi
3125 1886 3526 1977 Hungariae

434 2004 658 2097 Regis
712 2003 994 2077 insidiis
1046 2003 1460 2091 violaretur,
1519 2004 1620 2076 ire
1672 2003 2046 2091 metuenti,
2105 2008 2471 2077 sexcentos
2502 2002 2565 2093 2)
2619 2004 2885 2077 milites
2941 2026 3027 2077 ex
3088 2004 3524 2078 curiensibus

437 2123 627 2210 8818,
683 2122 1088 2213 praeficiens
1143 2122 1246 2196 eis
1300 2124 1587 2195 Petrum
1643 2122 2168 2214 Schaffranyecz
2236 2124 2815 2213 succamerarium
2870 2122 3396 2197 cracoviensem
3452 2124 3527 2195 in

441 2242 920 2333 capitaneum,
976 2242 1052 2313 in
1107 2242 1438 2314 solatium
1467 2238 1529 2331 3)
1583 2240 1808 2315 dedit:
1865 2262 1906 2313 a
1960 2242 2215 2333 quibus
2270 2264 2491 2333 usque
2545 2243 2619 2314 in
2665 2242 2936 2315 Novam
2974 2242 3339 2315 civitatem
3376 2244 3524 2314 Au-

441 2362 660 2434 striae
712 2382 852 2432 una
888 2382 1044 2433 cum
1097 2383 1280 2434 nova
1335 2382 1590 2453 sponsa
1643 2360 1900 2432 femina
1952 2360 2359 2434 Ozimbarka
2404 2360 2813 2451 perductuS,
2872 2362 3207 2435 celebrem
3262 2361 3526 2433 curiam

437 2479 784 2553 instituit.
841 2480 992 2571 Qua
1043 2484 1355 2571 peracta,
1413 2478 1950 2553 conductoribus
2007 2479 2157 2552 suis
2193 2480 2684 2569 remuneratis,
2742 2501 2858 2552 eos
2896 2481 2969 2552 in
3006 2480 3369 2552 Poloniam
3406 2501 3528 2570 per

439 2596 786 2672 Viennam
841 2594 912 2671 et
965 2598 1376 2688 Moraviam,
1433 2598 1568 2677 via,
1605 2620 1744 2691 qua
1795 2603 2111 2687 venerat,
2168 2599 2525 2691 perpetuis
2578 2598 2931 2672 beneficiis
2968 2584 3349 2672 Wladislai
3387 2599 3522 2670 Re-

439 2717 556 2810 gis
619 2713 954 2790 Poloniae
1017 2738 1092 2790 se
1155 2718 1539 2810 profitendo
1605 2716 2051 2806 obstrictum,
2124 2718 2419 2791 remisit.
2487 2718 2596 2789 Ex
2659 2718 3061 2791 huiusmodi
3114 2718 3403 2789 Arnesti
3458 2720 3529 2788 et

441 2836 882 2910 Czimbarcae
945 2836 1284 2910 connubio
1367 2836 1636 2910 dierum
1713 2857 2043 2928 processu
2121 2836 2523 2910 Fridericus
2584 2842 2794 2911 natus
2848 2841 2989 2927 est,
3055 2836 3177 2927 qui
3229 2836 3529 2909 Romani

449 2955 744 3046 Imperii
799 2956 1002 3028 annis
1053 2955 1378 3048 plurimis
1433 2956 1662 3029 tenuit
1712 2957 2207 3048 gubernacula.

442 3306 714 3396 negatio
758 3306 950 3378 1111818
990 3306 1400 3378 venetiarum
1431 3306 1514 3378 ad
1540 3306 1777 3396 negem
1819 3306 2149 3392 roloniae,
2193 3324 2277 3385 118
2306 3305 2536 3378 foedus
2566 3322 2707 3377 8818
2738 3306 3142 3396 Sigimundo
3170 3307 3531 3427 Hungariae

1782 3425 1955 3515 nege
1997 3425 2206 3497 ineat.

657 3666 846 3742 Dux‘
874 3666 1326 3743 Venetiarum
1379 3667 1679 3743 Michael
1733 3670 1978 3758 Steno,
2038 3669 2459 3762 specialibus
2514 3654 2741 3742 literis
2796 3673 2866 3742 et
2902 3669 3173 3741 nuntiis
3210 3670 3296 3741 ad
3332 3655 3528 3741 Wla-

445 3790 754 3862 dislaum
808 3784 1140 3861 Poloniae
1194 3779 1456 3881 Regem
1509 3810 1733 3880 usque
1786 3790 2185 3863 Cracoviam
2233 3788 2702 3876 118881818818,
2758 3788 3063 3860 maxima
3097 3808 3299 3879 prece
3334 3772 3531 3859 suam

447 3908 914 3982 Serenitatem
974 3902 1324 3981 hortatur
1361 3912 1430 3979 et
1496 3908 1843 3980 obsecrat:
1915 3896 2001 3980 ne
2063 3908 2330 3981 bellum
2394 3928 2550 3979 cum
2616 3902 3063 3997 Sigismundo
3126 3906 3532 3997 Hungariae

445 4029 644 4119 Rege
697 4029 1018 4117 coeptum
1053 4017 1376 4113 deserat,
1432 4046 1560 4098 nec
1615 4046 1848 4098 secum
1901 4026 2141 4137 foedus
2196 4026 2475 4117 iungat;
2532 4024 2821 4097 offerens
2876 4045 2999 4114 pro
3037 4024 3385 4096 militibus
3421 4009 3527 4096 re·

442 4147 624 4240 gii3‚
682 4145 1099 4237 quingentas
1151 4145 1394 4216 hastas
1433 4144 1916 4235 explentibuS‚
1973 4166 2047 4218 se
2083 4132 2158 4258 in
2196 4166 2364 4217 auro
2420 4130 2781 4217 numerato
2838 4143 3222 4235 stipendia,
3280 4164 3533 4235 guerra

445 4266 780 4352 durante,
837 4263 1281 4355 largiturum.
1337 4264 1698 4354 Agebatur
1751 4263 2096 4355 siquidem
2149 4284 2275 4377 pro
2334 4284 2415 4335 ea
2468 4266 2883 4375 tempestate
2920 4262 3103 4335 inter
3139 4262 3531 4354 Sigismun·

447 4384 619 4456 dum
674 4383 1141 4455 Romanorum
1197 4388 1267 4453 et
1321 4381 1725 4475 Hungariae
1777 4382 2042 4475 Regem
2095 4388 2167 4455 et
2222 4368 2643 4455 Venetorum
2690 4364 3090 4453 Dominium
3126 4401 3251 4472 pro
3290 4381 3531 4473 Regno

449 4501 850 4575 Dalmatiae
913 4496 954 4572 a
1008 4500 1298 4573 Venetis
1353 4512 1717 4591 occupato,
1775 4500 2025 4573 durum
2086 4501 2375 4573 bellum.
2452 4486 2888 4611 Quapropter
2942 4504 3339 4609 satagentes
3396 4499 3527 4571 Ve-

446 4621 606 4693 neti
657 4616 700 4692 a
748 4621 936 4693 bello
990 4618 1381 4691 Dalmatico
1435 4617 1640 4691 illum
1694 4620 2038 4707 avertere,
2095 4607 2418 4711 sumptus
2455 4602 2782 4692 liberales
2820 4623 2891 4691 et
2925 4619 3256 4709 pecunias
3294 4638 3529 4690 neces-

448 4738 711 4827 sarias,
767 4739 970 4811 iuxta
1024 4737 1240 4830 Regis
1298 4737 1834 4826 ordinationem,
1889 4759 2014 4829 pro
2071 4737 2475 4850 quingentis
2530 4736 2795 4809 lanceis
2831 4736 2904 4808 in
2940 4738 3205 4810 bellum
3258 4738 3531 4808 Panno-

447 4858 690 4930 nicum
753 4855 1154 4930 offerebant.
1228 4858 1368 4930 Res
1433 4862 1665 4930 tamen
1721 4858 1918 4945 haec,
1981 4856 2300 4949 quamvis
2354 4856 2536 4948 Regi
2590 4860 2660 4929 et
2714 4856 2955 4947 Regno
3004 4856 3337 4928 Poloniae
3373 4855 3531 4945 plu·

445 4977 710 5050 rimum
761 4976 999 5064 utilis,
1055 4976 1285 5069 Regni
1337 4974 1726 5069 Hungarici
1779 4964 2102 5067 respectu
2157 4979 2441 5066 accepta
2491 4996 2630 5047 non
2686 4979 2817 5047 est.

675 5245 720 5325 ¹)
763 5248 850 5308 illi
892 5248 1156 5324 largiens
1203 5240 1354 5309 0001.
1401 5244 1592 5308 Rozr.
1643 5244 1694 5325 ²)
1741 5247 2120 5323 sexingentos
2168 5234 2321 5307 Ood.
2366 5241 2557 5307 Rozr.
2606 5242 2658 5321 θ)
2703 5244 2985 5304 auxilium
3040 5240 3191 5305 eod.
3236 5240 3428 5307 Rozr.

503 5616 562 5657 J.
595 5612 779 5665 mnam.
805 5615 978 5657 mutor.
1006 5615 1166 5657 Polou.
1193 5614 1246 5659 Τ.
1271 5614 1352 5657 IV.
3127 5594 3194 5649 17
