4342 6384
874 560 1049 646 '168
2079 589 2308 645 LIBER
2358 588 2817 645 Unnncmus.
3446 561 3580 667 (Α.
3622 560 3713 639 D.
3756 561 3986 663 1414.)

895 776 1165 867 stituit,
1223 781 1293 850 et
1347 776 1666 849 omnibus
1725 775 1946 867 copiis
2001 779 2345 849 terrarum
2384 797 2700 863 suarum,
2758 775 3142 848 exercitum
3196 773 3270 846 in
3305 773 3638 847 Wolborz
3694 772 3808 844 die
3844 773 3980 843 Do-

894 896 1146 970 minico
1217 901 1378 987 post
1441 898 1696 969 festum
1759 894 2211 969 Visitatiouis
2286 896 2581 969 Sanctae
2651 896 2912 968 Mariae
2952 895 3006 983 ¹)
3082 894 3453 967 convenire
3521 892 3983 984 praecipienS,

893 1017 1376 1089 Alexandrum
1433 1016 1644 1089 etiam
1698 1016 2174 1089 Withawdum
2229 1016 2557 1109 Magnum
2612 1014 3036 1088 Lithuaniae
3089 1015 3387 1102 Ducem,
3446 1011 3701 1085 solatia
3729 1010 3792 1101 ²)
3850 1011 3986 1083 sibi

888 1157 1044 1208 cum
1097 1136 1434 1228 potentiis
1489 1140 1830 1209 terrarum
1886 1135 2468 1208 Lithuanicarum
2522 1134 2598 1207 in
2636 1134 2708 1206 id
2760 1134 3027 1208 bellum
3082 1135 3425 1221 laturum,
3484 1132 3815 1219 accersit3
3866 1130 3985 1203 sed

889 1260 960 1328 et
1011 1257 1387 1328 nonnullos
1444 1254 1712 1329 Slesiae
1767 1255 1994 1329 Duces
2049 1261 2120 1329 et
2157 1254 2419 1329 milites
2476 1256 2782 1327 forenses
2837 1254 2912 1326 in
2951 1276 3155 1327 suum
3212 1251 3622 1345 suffragium
3671 1251 3983 1325 mercede

891 1379 961 1447 et
1014 1375 1340 1448 donativo
1397 1373 1743 1449 conducit.

884 1736 1074 1808 Petro
1103 1734 1319 1808 Wisoh
1346 1734 1768 1807 Posnanionsi
1801 1734 2100 1824 episcopo
2128 1737 2402 1822 mortuo,
2448 1734 2765 1824 Lyaskari
2797 1734 2876 1805 do
2909 1732 3303 1806 Goslawiozo
3349 1733 3587 1805 absens
3632 1736 3702 1805 ot
3730 1734 3985 1806 invitus

1506 1853 1850 1940 sufficitur,
1905 1852 2053 1926 dum
2096 1852 2488 1926 wladislaus
2531 1855 2673 1926 nox
2720 1854 3023 1926 electioni
3068 1853 3357 1927 adesset.

1091 2092 1201 2164 Ex
1240 2092 1594 2165 Raczansz
1625 2089 1684 2181 3)
1740 2090 2178 2165 wladislaus
2231 2091 2565 2165 Poloniae
2602 2093 2757 2167 Rex
2812 2092 3233 2184 disgressuS,
3290 2112 3415 2183 per
3450 2090 3973 2165 Iuniwladisla-

886 2212 1110 2301 viam,
1167 2212 1515 2303 Zneynam
1546 2212 1633 2300 ⁴),
1691 2209 2073 2299 Gnesnam,
2129 2212 2642 2303 Pobyedziska,
2707 2212 2781 2284 in
2834 2209 3257 2283 Posnaniam
3310 2232 3435 2301 pro
3490 2211 3739 2285 diebus
3796 2212 3979 2285 Pen-

887 2334 1187 2403 tecostes
1240 2330 1582 2423 pervenit.
1641 2329 1787 2420 Quo
1840 2330 1994 2403 illic
2047 2334 2328 2423 agente,
2384 2331 2639 2404 Petrus
2676 2331 2921 2404 Wisch
2968 2330 3052 2403 de
3090 2329 3438 2403 Radolina
3475 2330 3979 2405 Posnaniensis

888 2454 958 2523 et
1014 2449 1180 2522 olim
1235 2449 1714 2522 Cracoviensis
1747 2449 2168 2540 episcopua,
2227 2449 2303 2521 in
2342 2450 2535 2523 curia
2588 2450 2920 2523 ecclesiae
2956 2448 3453 2523 Posnanieusis
3506 2451 3870 2524 Ozanszim
3893 2451 3981 2540 ⁵),

885 2568 1058 2643 feria
1113 2567 1360 2660 quinta
1412 2573 1573 2662 post
1610 2570 1867 2643 festum
1906 2569 2391 2657 PentecosteS,
2451 2591 2628 2661 quae
2666 2570 2803 2642 fuit
2838 2570 3065 2659 Iovis,
3107 2569 3439 2643 vicesima
3476 2574 3679 2644 sexta
3714 2571 3983 2643 mensis

883 2688 1106 2778 Iunii,
1165 2688 1463 2761 moritur
1514 2694 1586 2761 et
1639 2688 1712 2761 in
1767 2686 2231 2761 Posnaniensi
2288 2689 2580 2763 ecclesia
2642 2689 2831 2763 iusto
2884 2690 3144 2761 honore
3197 2690 3610 2761 tumulatur.
3688 2690 3976 2782 Capitu-

879 2809 1029 2880 lum
1084 2812 1317 2881 autem
1369 2808 1877 2895 Posnaniense,
1935 2808 2346 2883 electionem
2382 2809 2467 2881 de
2506 2810 2741 2881 futuro
2795 2813 3073 2901 pastore
3110 2800 3460 2897 acturum,
3499 2808 3979 2882 Wladislaum

882 2928 1146 3020 Regem
1198 2926 1522 3018 precibus
1577 2927 1935 3016 convenit,
1991 2932 2072 2999 ut
2126 2933 2197 3000 et
2250 2950 2579 3019 praesens
2636 2927 2962 3001 electioni
3016 2928 3203 3001 adsit
3257 2934 3327 3000 ct
3380 2928 3801 3021 eligentibus
3844 2929 3975 3003 eli-

881 3046 1091 3139 gendi
1142 3045 1541 3119 libertatem
1610 3067 1750 3117 non
1803 3045 2096 3135 adimat,
2162 3047 2422 3119 iustam
2486 3052 2555 3121 et
2610 3047 3006 3119 canonicam
3064 3047 3470 3121 electionem
3532 3070 3673 3121 non
3726 3070 3976 3121 secun-

883 3165 1048 3237 dum
1103 3186 1378 3238 carnem
1451 3171 1522 3238 et
1585 3164 2029 3257 sanguinem,
2104 3166 2225 3239 sed
2292 3168 2672 3240 secundum
2745 3168 3108 3259 spiritum,
3184 3168 3269 3241 de
3330 3189 3626 3259 persona
3696 3170 3979 3242 meliori

881 3283 1190 3358 visurus,
1267 3284 1414 3375 Quo
1441 3284 1505 3374 θ)
1557 3285 1860 3377 benigna
1922 3285 2261 3389 modestia
2323 3286 2397 3358 iu
2450 3291 2826 3378 utrumque
2890 3292 3269 3374 annuente,
3338 3289 3529 3360 solus
3594 3293 3666 3360 et
3715 3289 3979 3361 unicus

881 3404 954 3476 in
1011 3403 1373 3477 electionis
1428 3404 1540 3476 die
1594 3403 1994 3496 Capitulum
2052 3406 2442 3499 ingressuS,
2510 3408 2882 3480 caesariem
2938 3407 3329 3479 veneranda
3390 3407 3601 3479 mitra
3654 3408 3983 3499 deposita

877 3525 1148 3596 nudans
1182 3524 1278 3613 ΙΙ),
1343 3524 1707 3597 Praelatos
1772 3528 1842 3597 et
1902 3525 2285 3597 Canonicos
2348 3526 2808 3599 Posnanieses
2890 3526 2977 3597 ad
3042 3525 3436 3617 eligendum
3510 3534 3979 3619 congregatos

875 3646 1107 3735 rogat,
1167 3648 1512 3735 quatenus
1565 3664 1777 3715 unam
1833 3664 1919 3716 ex
1975 3648 2277 3736 quatuor
2327 3646 2678 3736 personiS,
2736 3645 3067 3718 videlicet
3122 3640 3245 3716 aut
3283 3645 3762 3717 Alexandrum
3816 3646 3975 3719 Ma-

878 3761 1115 3835 soviae
1168 3764 1465 3851 Ducem,
1521 3766 1842 3854 nepotem
1899 3782 2102 3835 suum
2159 3784 2247 3837 ex
2304 3782 2567 3853 sorore,
2626 3768 2749 3835 aut
2787 3764 3142 3835 dominum
3180 3764 3666 3854 Praepositum
3723 3764 3979 3838 Sanc-ti

875 3882 1195 3954 Floriani
1257 3885 1458 3955 extra
1518 3901 1753 3954 muros
1817 3881 2338 3970 cracovienses,
2406 3883 2636 3973 Regni
2687 3882 3021 3955 Poloniae
3087 3881 3767 3971 vicecancellarium,
3844 3892 3981 3956 aut

876 4000 1334 4091 Lyaskarium
1401 4002 1485 4073 de
1539 4000 1962 4074 Goslawicze
2025 4001 2361 4073 decanum
2428 4000 2982 4087 Cracoviensem‚
3042 4004 3165 4072 aut
3227 4000 3609 4073 Iohannem
3670 4001 3874 4074 Pella
3902 4002 3977 4092 8)

877 4119 961 4190 de
1016 4118 1429 4209 Nyewiesch
1457 4118 1520 4208 ⁹)
1557 4120 2046 4210 Praepositum
2100 4120 2756 4207 Kruszwiciensem,
2812 4141 2937 4211 per
2972 4120 3371 4192 canonicam
3428 4120 3833 4223 electionem
3895 4122 3977 4193 in

877 4224 1277 4327 episcopum
1341 4238 1883 4309 Posnanieusem
1949 4239 2408 4310 substituant.
2494 4239 2804 4311 Praelati
2869 4240 3105 4331 itaque
3178 4243 3247 4312 et
3311 4239 3636 4313 Canonici
3697 4241 3972 4313 Posna-

876 4356 1156 4427 nienses
1213 4356 1675 4428 calculatione
1730 4357 1916 4429 inter
1972 4379 2046 4430 se
2100 4358 2185 4429 de
2237 4340 2557 4449 personis
2613 4379 2653 4429 a
2708 4358 2899 4450 Rege
2953 4357 3331 4431 nominatis
3386 4358 3659 4448 habita,
3724 4362 3970 4433 condi-

875 4457 1221 4563 tionibus,
1279 4473 1664 4548 virtutibus
1729 4481 1802 4547 et
1853 4476 2122 4549 meritis
2180 4498 2415 4549 eorum
2480 4477 2805 4570 diligenti
2858 4478 3179 4550 examine
3242 4477 3425 4549 infra
3476 4479 3690 4552 unius
3752 4480 3973 4553 horae

874 4593 1182 4685 spatium
1237 4594 1532 4686 digestis
1589 4597 1658 4667 et
1709 4595 2111 4684 recensitiS,
2169 4596 2629 4687 Lyaskarium
2684 4597 2768 4669 de
2824 4596 3245 4671 Goslawicze
3308 4598 3663 4669 Decanum
3717 4598 3967 4672 Craco-

871 4713 1217 4801 viensem,
1274 4713 1580 4785 nobilem
1635 4713 1718 4785 de
1757 4713 1956 4786 domo
1995 4715 2392 4789 Godzamba
2428 4716 2542 4805 ¹⁰),
2600 4716 2674 4787 in
2712 4717 3077 4809 Hungaria
3122 4736 3401 4788 causam
3437 4716 3665 4809 Regni
3719 4723 3969 4791 contra

873 4828 1259 4906 cruciferos
1330 4836 1748 4907 tractantem
1776 4890 1793 4923 ,
1867 4836 2058 4927 Rege
2122 4835 2517 4908 Wladislao
2591 4835 2775 4909 inter
2846 4856 2963 4909 eos
3033 4841 3427 4929 praesente,
3502 4838 3963 4927 concorditer,

1086 5138 1132 5217 ¹)
1189 5140 1415 5199 Mariae
1472 5139 1738 5216 Virginis
1810 5135 1961 5201 Cod.
2022 5137 2215 5201 Rozr.
2289 5139 2344 5221 ⁹)
2405 5142 2627 5201 auxilia
2696 5136 2846 5203 Cod.
2891 5141 3083 5206 Rozr.
3154 5142 3201 5224 ³)
3261 5144 3512 5223 Raczias
3582 5138 3734 5205 Cod.
3780 5142 3965 5207 Kost.

875 5236 928 5318 ⁴)
975 5238 1196 5299 Zneino
1245 5236 1395 5302 Cod.
1443 5239 1618 5302 Kost.
1683 5242 1943 5302 chnam
1985 5238 2112 5304 Ed.
2157 5240 2339 5324 Lips.
2410 5240 2459 5323 ⁵)
2510 5242 2785 5321 Oziazina
2832 5240 2983 5307 Cod.
3029 5242 3219 5307 Rozr.
3280 5244 3335 5325 ⁶)
3384 5246 3527 5307 Cum
3579 5242 3731 5308 cod.
3782 5242 3965 5311 Calv.

877 5338 1284 5504 ἓοέθῃῖἰῖἶίε
1343 5340 1468 5404 Ed.
1517 5340 1695 5424 Lips.
1767 5342 1822 5423 ⁸)
1869 5344 2057 5403 Pelka
2119 5338 2270 5405 Cod.
2316 5342 2509 5405 Rozr.
2579 5342 2630 5425 ⁰)
2678 5344 3011 5424 Nyemyerz
3068 5342 3220 5408 Cod.
3270 5342 3445 5409 Calv.
3524 5346 3601 5420 ¹⁰)
3652 5348 3971 5429 Godziqba
