4342 6384
446 631 581 734 (Α.
618 633 709 709 D.
750 629 1001 732 1424.)
1617 657 1843 710 mmm
1894 657 2352 712 unnncnms.
3375 635 3526 712 323

444 840 807 931 pitaneum
861 843 1235 934 praefecto,
1294 842 1457 914 illas
1514 841 1586 914 in
1632 843 2061 916 Holomnncz
2102 844 2155 931 ι)
2213 843 2301 915 ad
2339 843 2523 917 diem
2568 843 3069 933 constitutam,
3127 845 3398 918 festum
3421 845 3525 918 vi·

449 959 702 1036 delicet
756 963 1202 1034 Pentecostes
1258 961 1673 1050 affuturum,
1730 962 2178 1035 transmittit.

519 1314 783 1403 Legati!
824 1313 1235 1386 Behomorun
1278 1315 1667 1388 wladislaus
1708 1315 1847 1386 Rex
1892 1316 2139 1389 auxilia
2183 1318 2428 1402 renuit,
2474 1316 3005 1406 sacerdotemque
3061 1317 3460 1394 Bohomicum

534 1433 955 1520 haereticum,
989 1451 1075 1504 ox
1103 1436 1419 1524 suggestu
1446 1433 1517 1506 in
1546 1436 1724 1506 curia
1752 1435 1946 1525 Regis
1974 1435 2454 1525 praedicantem
2482 1435 2832 1521 deiectum,
2865 1436 3185 1524 captivari
3212 1437 3434 1508 iussit.

661 1679 771 1752 Ex
828 1678 1157 1751 Cracovia
1229 1679 1663 1752 Wladislaus
1730 1681 2062 1754 Poloniae
2128 1681 2285 1754 Rex
2348 1701 2704 1774 egressuS,
2761 1703 2884 1773 pro
2938 1679 3062 1780 {die
3126 1681 3525 1754 Annuntia-

456 1798 667 1870 tionis
724 1799 1021 1870 Sanctae
1074 1799 1332 1872 Mariae
1388 1799 1751 1873 Visliciam
1810 1800 2025 1873 venit.
2084 1799 2227 1874 Ubi
2281 1801 2745 1874 Bohemorum
2797 1801 3068 1874 nuntiis
3125 1801 3524 1893 supplican-

454 1917 677 2007 tibus,
736 1923 1079 2008 qnatenus
1134 1919 1283 1992 illis
1338 1920 1595 1994 Ducem
1652 1919 2180 2011 Sigismundnm
2241 1921 2598 1994 Koribnth
2661 1920 2977 2013 gentium
3037 1921 3280 1993 robore
3335 1920 3530 1992 adiu-

457 2040 637 2124 tum,
677 2058 800 2129 per
836 2059 953 2110 eos
990 2036 1063 2110 in
1100 2040 1361 2131 Regem
1398 2039 1919 2128 assumendum,
1960 2041 2503 2129 transmitteret,
2539 2040 2933 2132 respondit:
2990 2040 3234 2131 Neque
3269 2041 3534 2112 Ducem

456 2156 981 2249 sigismundum
1035 2158 1388 2230 Koributh
1443 2157 1851 2246 missurum,
1910 2179 2131 2250 neque
2189 2159 2522 2252 suffragia
2576 2147 2814 2251 aliqua
2869 2181 2943 2233 se
2996 2159 3146 2231 illis
3201 2160 3534 2244 laturum,

455 2277 669 2349 donec
722 2276 991 2350 relictis
1044 2276 1397 2368 pestiferis
1454 2277 1833 2365 erroribuS,
1891 2283 1961 2350 et
2014 2279 2220 2351 fidem
2273 2280 2690 2352 catholicam
2746 2283 2817 2352 et
2851 2278 3136 2351 unicum
3175 2279 3536 2350 Summum

456 2395 865 2470 Pontificem
915 2399 1375 2487 profiteantur
1428 2401 1497 2468 et
1550 2402 2076 2488 recognoscant3
2132 2398 2518 2470 abnuentes
2573 2398 2677 2486 id,
2744 2419 2882 2470 non
2938 2405 3137 2471 secus
3195 2417 3403 2488 quam
3456 2398 3535 2468 fi-

458 2514 571 2586 dei
624 2518 695 2588 et
746 2515 1108 2606 religionis
1173 2515 1595 2588 christianae
1656 2518 1896 2589 hostes
1958 2521 2490 2608 persecuturum
2545 2523 2616 2590 et
2670 2517 2926 2590 solatia
2951 2516 3016 2606 ²)
3073 2517 3150 2588 in
3205 2515 3534 2608 gentibus

460 2633 907 2726 Sigismnndo
962 2636 1430 2706 Romanorum
1484 2634 1663 2726 Regi
1716 2657 1841 2726 pro
1893 2635 2177 2707 illorum
2234 2636 2648 2709 exterminio
2704 2637 3039 2708 laturum.
3097 2636 3292 2707 Tunc
3344 2635 3536 2706 insu-

455 2775 581 2846 per
633 2755 976 2845 quendam
1029 2754 1493 2826 Bohemornm
1548 2754 2005 2842 sacerdotem,
2072 2759 2334 2828 sectam
2395 2755 2842 2829 Bohemicam
2910 2755 2985 2826 in
3051 2754 3246 2827 curia
3310 2754 3533 2845 regali

458 2872 865 2946 Visliciensi
918 2873 1431 2965 praedicantem
1494 2877 1565 2946 et
1619 2875 2103 2964 extollentem,
2170 2875 2259 2946 ad
2312 2874 2692 2948 instantem
2757 2873 3313 2948 exhortationem
3379 2873 3536 2947 Sbi-

459 2992 620 3085 gnei
684 2991 1162 3065 Oracoviensis
1233 2991 1543 3084 episcopi
1614 2995 1875 3066 sectam
1938 2993 2275 3066 nefariam
2339 2998 2741 3069 constanter
2803 2993 3320 3086 persequentis,
3379 3015 3538 3066 sua-

458 3111 826 3204 dentisque
879 3112 1091 3204 Regi,
1146 3131 1233 3183 ne
1285 3112 1361 3183 in
1414 3111 1607 3184 curia
1660 3133 1819 3199 sua,
1877 3111 1999 3203 qui
2050 3114 2208 3186 Rex
2263 3113 2648 3185 catholicus
2703 3117 2772 3185 et
2826 3114 3118 3186 devotus
3183 3112 3541 3186 Ecclesiae

460 3233 814 3306 Romanae
868 3236 1047 3319 erat,
1102 3232 1423 3304 haereses
1476 3230 1755 3321 publice
1808 3251 2064 3318 serere,
2140 3233 2410 3304 foedam
2482 3231 2733 3305 exinde
2789 3232 3017 3305 labem
3073 3231 3187 3304 sni
3239 3232 3542 3304 nominis

462 3353 905 3439 incursuruS,
959 3350 1427 3443 permitteret,
1452 3353 1463 3364 “
1486 3349 1692 3422 deiici
1747 3369 1834 3420 ex
1887 3350 2072 3438 loco,
2139 3351 2212 3422 in
2267 3372 2402 3442 quo
2456 3350 2854 3442 praedicare
2909 3351 3242 3439 audebat,
3303 3357 3374 3423 et
3427 3372 3538 3424 ca·

462 3471 725 3562 ptivari
778 3469 1021 3558 iussit,
1080 3470 1201 3541 sed
1256 3475 1325 3542 et
1376 3468 1527 3560 ipse
1580 3469 1927 3562 Sbigneus
1982 3469 2463 3543 cracoviensis
2525 3470 2892 3561 episcopus
2956 3469 3152 3542 illico
3206 3469 3294 3542 ob
3345 3490 3542 3560 prae·

462 3591 759 3664 sentiam
804 3591 1266 3663 Bohemorum
1321 3587 1869 3662 ecclesiasticum
1925 3589 2188 3662 servari
2235 3588 2686 3664 interdictum
2733 3579 3092 3661 mandavit
3122 3587 3208 3677 3).
3267 3589 3378 3660 Ex
3414 3588 3538 3660 Vi-

464 3711 668 3784 slicia
734 3708 1169 3782 Wladislaus
1233 3709 1387 3780 Rex
1444 3709 1519 3779 in
1570 3714 1805 3798 partes
1868 3708 2153 3780 Maioris
2217 3708 2551 3781 Poloniae
2611 3729 2733 3799 per
2787 3709 3267 3798 Zarnowyecz,
3325 3708 3542 3782 Krze-

464 3829 690 3921 picze,
750 3829 1053 3919 Wyeluu
1107 3826 1479 3919 processit,
1538 3831 1606 3899 et
1660 3828 1933 3899 Pascha
1997 3827 2277 3899 Domini
2341 3828 2526 3918 apud
2588 3826 2884 3899 Kalisch
2939 3827 3315 3914 celebrat0,
3377 3828 3548 3900 feria

462 3949 675 4020 tertia
728 3949 801 4019 in
856 3947 969 4020 die
1024 3946 1264 4020 Sancti
1317 3946 1585 4033 Iacobi,
1643 3947 1715 4019 in
1772 3948 2075 4034 Kosten,
2132 3968 2256 4037 pro
2314 3948 2490 4020 festo
2545 3967 2707 4020 vero
2762 3945 3004 4042 Sancti
3062 3946 3429 4019 Laurentii
3468 3946 3545 4020 in

464 4065 865 4139 Lanciciam
919 4066 1230 4139 divertit.

522 4418 741 4490 Nuntii
784 4418 1025 4506 Regum
1069 4415 1339 4506 petituri
1380 4415 1711 4504 nodvigim
1754 4417 1951 4486 filiam
1994 4415 2328 4488 'ladislai
2371 4416 2565 4505 Regis
2607 4413 2905 4488 Poloniae
2949 4417 3017 4488 in
3049 4435 3312 4490 uxore·
3355 4417 3505 4488 nuci

788 4536 1143 4625 stolponsi,
1192 4535 1273 4606 ad
1317 4534 1749 4606 Vtthawdm
1790 4535 2023 4606 Bucam
2065 4536 2360 4624 'agnum
2404 4536 2789 4607 Lithuauiao
2834 4537 3241 4625 perveniunt.

675 4782 881 4856 Feria
934 4785 1182 4870 quarta
1236 4783 1397 4852 ante
1452 4780 1706 4852 festum
1761 4779 2103 4866 Paschae,
2161 4781 2657 4852 ambasiatores
2687 4780 2750 4866 4)
2808 4778 3245 4870 Sigismundi
3294 4779 3546 4850 Roma·

453 4923 715 4974 norum
781 4905 850 4974 et
898 4897 1315 4990 Hungariae
1380 4897 1631 4989 Regis,
1696 4898 2029 4972 videlicet
2092 4899 2438 4970 Iohannes
2501 4897 2986 4970 Corbaviensis
3017 4897 3080 4987 5)
3157 4897 3547 4989 episcopus,

454 5015 934 5096 Theodericus
971 5018 1056 5090 de
1096 5017 1565 5090 Brzozowicze
1617 5017 1821 5090 miles
1874 5022 1946 5091 et
2001 5018 2427 5090 Bartholdus
2484 5018 2740 5090 Doctor
2783 5017 3084 5109 Legnm3
3143 5017 3312 5090 item
3359 5015 3549 5088 Erici

691 5292 731 5371 ¹)
778 5292 1177 5370 Olomnnyecz
1203 5289 1346 5352 Ed.
1392 5288 1573 5372 Lips.
1624 5287 1675 5368 ²)
1722 5290 1945 5349 auxilia
1992 5284 2141 5350 cod.
2189 5286 2382 5350 Rozr.
2430 5287 2482 5368 ³)
2527 5290 2867 5350 mandatum
2913 5293 2971 5348 et
3015 5287 3387 5348 interdictum
3435 5307 3552 5348 scr-

450 5397 603 5457 vari
646 5396 835 5456 iussit.
880 5392 1008 5457 Ed.
1052 5391 1233 5475 Lips.
1282 5390 1333 5473 ⁴)
1386 5395 1567 5472 legati
1618 5387 1767 5453 Cod.
1814 5388 2004 5452 Rozr.
2056 5389 2107 5471 ⁵)
2156 5392 2562 5452 Corbariensis
2607 5387 2735 5451 Ed.
2782 5387 2963 5472 Lips.
