4342 6384
350 518 488 619 (Α.
530 512 621 594 Β.
660 514 916 616 1434.)
1520 532 1747 591 mnan
1798 531 2259 590 nunnonms.
3297 510 3446 585 549

355 726 683 800 astrictos
738 730 810 798 et
862 724 1235 818 obligatos.
1293 721 1644 797 Ferebant
1695 722 1935 814 itaque
1990 721 2200 796 multi
2255 723 2578 809 moleste,
2635 714 2822 813 quod
2875 719 2988 792 his
3027 715 3442 792 conditioni-

353 847 484 919 bus
538 868 679 919 non
734 844 1111 938 appositiS‚
1169 842 1377 916 terris
1433 842 1811 935 praedictis
1864 841 2166 916 Russiae
2231 847 2373 913 tam
2430 842 2665 932 ampla
2717 840 2882 911 data
2937 838 3074 910 fuit
3126 838 3444 927 libertas,

352 988 557 1058 quam
612 965 739 1038 alii
790 964 1184 1058 regnicolae
1238 963 1571 1037 Poloniae
1625 984 1749 1055 per
1804 964 2027 1035 multa
2080 982 2420 1034 annorum
2491 965 2812 1047 centena,
2898 956 3115 1033 variis
3171 962 3242 1031 et
3297 961 3446 1030 stu-

352 1086 571 1159 diosis
627 1084 986 1177 obsequiis
1042 1090 1113 1158 et
1165 1082 1549 1179 praeclaris
1602 1082 1825 1179 gestis
1880 1082 1954 1155 in
2010 1081 2220 1158 bellis
2275 1079 2518 1173 editis,
2575 1078 2700 1151 vix
2755 1081 3082 1175 poterant
3119 1076 3454 1173 consequi

355 1212 425 1284 et
480 1205 793 1282 emereri.

427 1564 741 1636 Auctore:
786 1564 1262 1654 persecutionis
1305 1562 1375 1635 in
1422 1563 1661 1635 clerum
1707 1563 1778 1634 ot
1821 1562 1990 1633 bona
2038 1561 2486 1646 ecclesiarum,
2533 1575 2741 1649 peona
2785 1557 3016 1631 norti-
3060 1555 3382 1631 alriniunt

1527 1684 1841 1773 pomino
1882 1682 2281 1773 pion-ntur.

562 1931 946 2023 Coeperant
999 1937 1069 2004 et
1121 1932 1253 2003 hoc
1306 1954 1485 2003 anno
1549 1930 1874 2005 nonnulli
1936 1931 2361 2005 insolescere
2413 1935 2659 2003 contra
2712 1930 3104 2004 Ecclesiam
3158 1930 3455 2003 barones

356 2057 427 2125 et
482 2052 788 2139 nobiles,
846 2050 959 2123 illi
1013 2052 1461 2141 praesertim,
1518 2052 1641 2143 qui
1692 2051 1909 2145 Regis
1988 2051 2367 2124 wladislai
2431 2051 2944 2124 coronationem
3009 2051 3302 2124 moleste
3359 2052 3456 2125 fe·

356 2172 636 2259 rebant3
692 2172 1269 2263 concitaruntque
1324 2174 1614 2265 vulgum
1670 2178 1741 2245 et
1794 2173 2364 2245 communitatem
2420 2170 2763 2245 nobilium
2829 2176 3072 2245 contra
3125 2170 3456 2245 ccclesia·

358 2293 573 2365 sticas
627 2310 991 2383 personas,
1047 2291 1351 2383 plurima
1405 2294 1823 2386 allegantes,
1882 2295 2294 2385 praesertim
2331 2292 2516 2365 circa
2553 2291 2987 2365 exactionem
3022 2291 3450 2365 decimarum

356 2418 429 2486 et
486 2412 1010 2486 fulminationes
1048 2432 1531 2500 censurarum,
1587 2412 2016 2506 gravamina.
2078 2413 2280 2486 Unde
2328 2413 2567 2486 eodem
2624 2430 2806 2485 anno
2867 2412 3174 2505 primum
3217 2412 3294 2484 in
3331 2428 3454 2504 op·

356 2532 520 2625 pido
575 2533 906 2620 Wartha,
970 2553 1095 2623 pro
1148 2530 1264 2604 die
1323 2533 1567 2606 Sancti
1621 2533 1901 2606 Nicolai
1958 2533 2420 2620 Confessoris‚
2479 2533 2728 2607 deinde
2782 2533 2986 2605 annis
3025 2532 3456 2624 subsequen—

356 2653 551 2726 tibus
614 2654 854 2744 plures
917 2653 1277 2745 generales
1355 2658 1425 2725 et
1498 2653 1961 2745 particulares
2027 2654 2308 2726 habitae
2373 2660 2540 2725 sunt
2603 2652 2675 2725 in
2739 2650 3109 2745 Pyotrkow
3165 2656 3237 2725 ct
3293 2652 3456 2725 aliis

310 2773 535 2846 'locis
607 2774 792 2847 inter
855 2774 1119 2846 clerum
1191 2779 1261 2845 et
1327 2773 1623 2846 barones
1688 2774 2218 2846 conventiones:
2292 2772 2363 2844 in
2429 2772 2685 2865 quibus
2733 2773 3050 2865 'primum
3115 2770 3456 2845 Albertus

361 2892 915 2985 Iastrzambyecz
978 2894 1547 2985 archiepiscopus
1612 2893 2076 2982 Gnesnensis,
2140 2894 2390 2967 deinde
2457 2912 2696 2966 omnes
2761 2894 2888 2965 alii
2945 2892 3456 2967 conveniebant

360 3014 760 3105 pontifices,
816 3034 943 3087 nec
996 3013 1289 3085 barones
1344 3015 1735 3087 saeculares
1790 3013 2029 3087 venire
2080 3012 2554 3107 negligebant.
2614 3013 2800 3085 Dum
2854 3017 3090 3085 autem
3145 3010 3456 3085 saecula·

360 3136 499 3206 res'
530 3133 823 3206 barones
874 3132 1287 3225 gravamina
1341 3133 1712 3224 quaedam,
1770 3134 2131 3206 molestias
2170 3138 2242 3206 et
2276 3133 2574 3221 abusae,
2635 3132 2892 3223 quibus
2939 3130 3082 3224 ipsi
3117 3136 3187 3205 et
3222 3148 3460 3205 eorum

362 3254 774 3325 kmethones
812 3252 867 3341 ¹)
921 3258 1413 3344 gravarentur,
1484 3258 1976 3343 proponerent,
2044 3254 2412 3344 pontifices
2477 3257 2549 3325 et
2601 3254 2833 3326 clerus
2896 3274 3021 3344 per
3085 3250 3462 3345 privilegia

360 3377 430 3445 et
492 3372 647 3444 iura
710 3372 983 3463 Regum
1046 3376 1117 3443 et
1178 3372 1586 3465 Principum
1648 3372 2024 3458 Poloniae,
2100 3373 2418 3446 ecclesiis
2491 3390 2614 3464 pro
2677 3392 2915 3445 eorum
2988 3372 3320 3445 libertate
3392 3374 3463 3444 et

356 3491 779 3565 excellentia
830 3512 1192 3579 concessa,
1249 3493 1848 3579 demonstrarunt,
1906 3492 2139 3565 omnia
2192 3492 2519 3580 licenter,
2589 3491 2821 3565 omnia
2883 3492 3040 3585 lege
3093 3491 3338 3566 divina
3389 3496 3463 3564 et

362 3613 669 3685 humana
724 3632 925 3703 agere
955 3600 1043 3699 ²),
1101 3617 1173 3683 et
1226 3611 1411 3684 nihil
1466 3612 1605 3685 sibi
1658 3613 1744 3685 de
1798 3612 1949 3685 iure
2004 3632 2240 3685 eorum
2303 3611 2712 3685 vendicasse
2745 3610 2842 3699 1’);
2908 3611 3168 3684 abusus
3226 3614 3464 3683 autem

362 3730 860 3823 particulares,
918 3730 982 3803 si
1037 3731 1161 3821 qui
1214 3750 1338 3821 per
1393 3730 1786 3824 singulares
1816 3732 1881 3821 ⁴)
1936 3752 2268 3824 personas
2307 3733 2584 3803 fuerant
2620 3730 3036 3819 introducti,
3078 3728 3462 3813 offerebant

365 3850 711 3943 corrigere
742 3849 828 3939 ⁵).
887 3849 1274 3923 Concilium
1338 3850 1628 3943 insuper
1687 3852 2042 3945 generale,
2111 3851 2296 3942 quod
2361 3854 2528 3923 tunc
2589 3850 2666 3923 in
2717 3850 3008 3924 civitate
3069 3849 3460 3924 Basiliensi
3525 3940 3538 3953 ⁹

362 3970 678 4063 vigebat,
735 3975 971 4060 partes
1028 3990 1193 4041 suas
1255 3991 1379 4060 pro
1435 3971 1907 4064 extinguendo
1960 3968 2366 4044 huiusmodi
2418 3969 2748 4059 dissidio,
2805 3968 3224 4043 solicitando
3290 3970 3452 4044 lite·

360 4090 465 4163 ris
519 4090 887 4162 universos
952 4090 1039 4160 ad
1102 4108 1375 4181 pacem,
1440 4090 1950 4182 interponebat.
2018 4090 2302 4165 Placari
2365 4095 2598 4163 tamen
2661 4089 2879 4162 animi
2944 4090 3328 4163 multorum
3389 4093 3464 4163 et

364 4209 599 4282 sanari
654 4227 1091 4300 quacumque
1152 4209 1423 4283 ratione
1476 4230 1615 4283 non
1669 4214 2025 4302 poterant,
2092 4210 2214 4303 qui
2271 4209 2610 4302 optimum
2667 4214 2942 4301 tempus
2971 4209 3036 4297 ιἱ)
3089 4209 3266 4296 rati,
3329 4208 3460 4282 Ec-

362 4328 649 4401 clesiam
704 4328 1109 4401 Polonicam
1148 4329 1221 4401 in
1260 4330 1408 4401 suis
1464 4330 1945 4418 libertatibus,
2004 4350 2141 4422 quo
2197 4328 2638 4402 wladislaus
2693 4329 2852 4403 Rex
2889 4328 3198 4420 pueriles
3235 4343 3458 4402 annos

362 4447 671 4519 nondum
726 4448 1251 4521 transcenderet
1281 4448 1366 4538 ⁷),
1422 4448 1767 4523 offendere
1822 4454 1893 4523 et
1926 4450 2154 4522 multa
2191 4449 2302 4521 illi
2339 4449 2777 4538 abstrahere,
2835 4452 3047 4541 atque
3085 4448 3234 4521 suis
3269 4464 3453 4520 com-

364 4568 591 4640 modis
638 4571 718 4640 et
770 4567 1018 4640 usibus
1070 4568 1428 4660 applicare
1482 4569 1948 4642 maturabant.
2006 4568 2470 4641 Permittente
2503 4572 2739 4640 tamen
2773 4567 2965 4639 iusto
3003 4566 3134 4640 Dei
3171 4564 3460 4654 iudicio,

364 4688 705 4779 primores
772 4707 1007 4771 omnes
1024 4744 1041 4776 ‚
1095 4692 1171 4760 et
1224 4688 1349 4780 qui
1400 4689 1909 4781 persecutionis
1962 4688 2483 4761 ecclesiasticae
2538 4687 2960 4760 videbantur
3012 4686 3340 4779 magistri
3388 4689 3466 4759 et

363 4811 701 4894 rectores,
758 4812 980 4880 morte
1035 4808 1376 4881 subtracti
1416 4812 1603 4881 sunt.
1659 4807 2042 4881 Accidebat
2080 4813 2313 4880 autem
2349 4806 2706 4900 plerisqne
2743 4827 2882 4879 non
2916 4806 3264 4879 naturalis
3302 4804 3456 4897 qui-

367 4926 557 5014 dem,
613 4947 741 4999 nec
794 4930 1073 4999 matura
1114 4948 1335 5016 mors,
1393 4926 1516 4999 sed
1560 4926 1807 5000 acerba
1841 4932 1911 5000 et
1949 4928 2260 5014 funesta,
2321 4946 2499 5019 quae
2544 4932 2852 5001 caeteros
2899 4948 2940 4999 a
2973 4924 3461 5019 persecutione

582 5215 630 5295 ¹)
676 5217 869 5278 coloni
924 5212 1076 5279 Ood.
1123 5212 1317 5278 Rozr.
1366 5214 1419 5294 ⁸)
1458 5234 1533 5278 se
1575 5230 1755 5295 agere
1800 5209 1955 5278 cod.
2002 5211 2196 5278 Rom.
2260 5210 2312 5296 ³)
2355 5211 2675 5277 vendicare
2719 5206 2858 5278 Coa
2900 5212 3094 5278 Rozr.
3158 5210 3215 5297 ⁴)
3263 5226 3464 5277 saecu-

364 5320 526 5381 lares
567 5316 695 5382 Ed.
742 5314 925 5403 Εὗρε.
970 5316 1026 5399 ⁶)
1073 5334 1143 5381 se
1187 5324 1571 5380 correcturos.
1624 5312 1775 5381 Cod.
1820 5314 2015 5381 Rozr.
2054 5312 2116 5397 ⁸)
2161 5318 2226 5379 id
2269 5324 2502 5396 tempus
2545 5318 2830 5395 optimum
2863 5312 3016 5380 0001.
3048 5312 3241 5380 Rozr.
3277 5310 3332 5397 Ψ)
3361 5334 3470 5377 m-

366 5440 481 5483 nos
524 5424 852 5499 pubertatis
894 5421 1156 5483 nondum
1200 5420 1513 5484 excederet
1559 5416 1713 5484 cod.
1759 5418 1953 5483 Rozr.
2590 5407 2598 5415 ’
