4342 6384
383 531 518 636 (Α.
557 531 649 609 D.
689 532 953 635 mas.)
1536 560 1760 613 mum
1811 560 2324 616 Duonncmus.
3338 540 3481 615 581

387 741 614 831 tinus,
694 743 1040 818 Martinus
1101 745 1188 817 de
1254 745 1568 821 Slawsko
1607 746 1662 837 ¹)
1727 747 2086 839 palatinus
2151 746 2603 822 Calissiensis
2674 746 2765 819 ad
2826 747 3091 821 Ducem
3154 747 3489 840 Magnum

388 863 922 957 Sigismundum
977 865 1444 955 destinantur,
1503 887 1660 941 cum
1713 867 1829 940 his
1880 866 2485 960 propositionibus
2540 872 2613 941 et
2665 866 3049 941 mandatis:
3126 871 3235 940 utf
3262 866 3485 957 omni-

387 984 520 1057 bus
577 985 1110 1079 quibuscunque
1172 987 1515 1079 poterint,
1581 988 1756 1077 viis,
1823 988 2048 1063 modis
2111 994 2183 1063 et
2244 987 2551 1081 ingeniis
2604 987 2869 1061 Ducem
2924 986 3283 1081 Switrigal
3348 987 3488 1062 sibi

385 1104 874 1195 reconcilient,
942 1112 1014 1179 et
1075 1107 1162 1179 ad
1217 1107 1825 1197 consentiendum,
1892 1112 2239 1200 quatenus
2292 1109 2615 1201 Regnum
2670 1107 2883 1180 faciat
2946 1107 3088 1181 sibi
3138 1106 3485 1202 provisio-

389 1246 546 1299 nem
562 1284 580 1312 ,
647 1226 1006 1299 inducant.
1089 1226 1410 1301 Occurrit
1471 1228 1710 1321 itaque
1782 1229 2119 1322 praefatis
2183 1228 2535 1302 Praelatis
2606 1232 2679 1301 et
2738 1228 3119 1301 baronibus
3184 1228 3273 1300 ad
3327 1249 3486 1301 eum

385 1346 664 1419 nomine
718 1347 936 1439 Regis
999 1352 1071 1421 et
1122 1348 1352 1441 Regni
1405 1348 1854 1423 venientibus
1917 1350 2080 1422 Dux
2135 1350 2432 1443 Magnus
2489 1347 2983 1440 Sigismundus
3048 1348 3124 1420 in
3178 1347 3481 1437 Grodno,

387 1470 458 1537 et
496 1486 612 1539 eos
668 1467 856 1539 omni
915 1469 1176 1541 honore
1239 1469 1510 1561 excipit
1579 1474 1649 1543 et
1712 1474 1996 1543 tractat.
2079 1468 2371 1543 Auditis
2436 1474 2671 1543 autem
2736 1468 2953 1561 regiis
3006 1469 3481 1562 legationibus

387 1590 460 1659 et
511 1586 891 1676 mandatis,
958 1588 1203 1661 habita
1264 1609 1421 1662 cum
1487 1589 1638 1663 suis
1701 1588 2205 1663 deliberatione
2222 1646 2239 1675 ,
2314 1590 2722 1663 nullatenus
2784 1588 3191 1682 persuaderi
3254 1588 3490 1681 potuit

387 1706 652 1781 Ducem
707 1708 1066 1802 Switrigal
1120 1708 1259 1783 sibi
1309 1708 1782 1799 reconciliari,
1839 1716 1963 1783 aut
1997 1709 2471 1801 provisionem
2524 1709 2599 1782 in
2637 1709 2880 1803 Regno
2936 1708 3077 1783 sibi
3128 1708 3315 1797 fieri,
3364 1709 3489 1783 sed

389 1846 547 1899 cum
609 1828 922 1903 lacrimis
994 1835 1180 1916 orat,
1253 1834 1336 1902 ut
1397 1830 1536 1904 sibi
1609 1835 1890 1905 servent
1961 1831 2237 1905 foedera
2308 1834 2382 1903 et
2432 1830 2809 1922 promissa,
2888 1834 2961 1903 et
3022 1829 3251 1903 hostis
3316 1850 3489 1903 suus

388 1946 552 2019 Dux
607 1948 966 2043 Switrigal
1019 1950 1242 2024 nullis
1281 1950 1650 2033 ,relevetur
1703 1950 2064 2024 subsidiis.
2121 1952 2306 2023 Dum
2360 1950 2601 2042 itaque
2652 1948 2890 2023 nuntii
2943 1948 3124 2043 regii
3176 1948 3489 2023 animum

390 2088 596 2141 suum
625 2066 690 2159 ²)
751 2069 1030 2144 mollire
1094 2093 1233 2143 non
1295 2076 1614 2163 possent,
1682 2071 1884 2145 novis
1947 2069 2531 2163 inscriptionibus
2591 2069 2829 2164 priora
2891 2074 3099 2163 pacta
3168 2069 3488 2143 corrobo-

388 2192 581 2277 rant,
638 2194 709 2263 et
762 2190 1038 2283 aliquas
1105 2190 1540 2265 conditiones
1600 2212 1726 2282 pro
1783 2190 2267 2264 stabilimento
2330 2190 2525 2281 pacis
2592 2194 2663 2263 et
2717 2188 3015 2263 foederis
3070 2189 3488 2283 adiungunt,

393 2309 650 2401 quibus
705 2310 1188 2385 efficacissime
1241 2314 1552 2400 cavetur,
1611 2315 1692 2383 ut
1745 2311 2058 2384 Ducatus
2095 2311 2392 2403 Magnus
2447 2308 2873 2385 Lithuaniae
2926 2309 3001 2383 in
3057 2309 3490 2385 subiectione

390 2432 462 2502 et
511 2429 994 2505 uniformitate
1049 2432 1278 2524 Regni
1332 2432 1670 2505 Poloniae
1723 2432 2146 2520 consistens,
2208 2435 2432 2503 morte
2486 2430 2924 2523 Sigismundi
2977 2430 3215 2525 Magni
3270 2430 3487 2505 Ducis

391 2554 656 2639 secuta,
714 2553 802 2623 ad
838 2552 1368 2643 dispositionem
1408 2553 1625 2645 Regis
1662 2557 1732 2627 et
1767 2552 1996 2645 Regni
2033 2551 2368 2625 Poloniae
2404 2554 2797 2624 revertatur
2816 2550 2904 2642 3),
2960 2573 3101 2624 non
3138 2551 3485 2639 obstante,

391 2670 576 2761 quod
630 2671 794 2743 Dux
849 2671 1343 2765 Sigismundus
1409 2672 1636 2745 filium
1699 2671 2110 2745 Michaelem
2176 2671 2463 2761 habeat,
2529 2670 2848 2763 portione
2915 2669 3326 2765 patrimonii
3379 2670 3493 2745 sui

389 2792 872 2865 tantummodo
924 2797 1088 2886 post
1144 2797 1436 2867 mortem
1491 2814 1691 2866 suam
1747 2791 2316 2867 contentandum.

1055 3180 1288 3253 Petrus
1329 3180 1399 3253 in
1445 3180 1814 3271 episcopum
1858 3180 2336 3255 Lubuozonnom
2380 3179 2829 3254 oonstltmtur.

602 3417 927 3490 Iulianus
983 3417 1180 3490 tituli
1237 3418 1534 3492 Sanctae
1591 3395 1889 3493 §abinae
1942 3419 2323 3511 Presbyter
2357 3418 2782 3508 cardinalis,
2838 3419 2915 3492 in
2952 3419 3327 3494 Germania
3360 3420 3493 3495 Le-

390 3541 634 3630 gatus,
690 3538 764 3610 in
819 3537 1126 3611 coneilio
1165 3537 1549 3611 Basiliensi
1601 3539 2038 3629 praesidem,
2094 3539 2385 3612 Petrum
2440 3540 2740 3612 electum
2776 3540 3303 3613 Lubuczensem
3354 3538 3491 3613 Ba-

395 3656 615 3731 sileae
676 3679 860 3730 nona
922 3659 1237 3732 Ianuarii
1293 3659 1380 3731 ad
1434 3658 1800 3732 ecclesiam
1852 3658 2409 3747 Lubuczensem‚
2470 3679 2557 3732 ex
2612 3662 2834 3733 morte
2888 3658 3115 3752 ipsius
3186 3658 3499 3751 episcopi

395 3776 637 3848 ultimi
700 3782 1101 3867 vacantem,
1159 3778 1629 3867 confirmavit,
1687 3800 1892 3871 quem
1948 3779 2347 3871 Stephanus
2420 3778 2789 3872 episcopus
2843 3778 3498 3871 Brandeburgensis

393 3918 577 3969 anno
633 3897 871 3971 eodem
923 3897 1000 3972 in
1052 3900 1528 3974 Furstenwalt
1559 3899 1624 3989 ⁴)
1679 3898 2144 3973 confirmavit.

1293 4258 1720 4373 ANNUS
1793 4258 2255 4372 DOMINI
2325 4224 2659 4372 1438(

393 4502 672 4592 spithko
701 4502 784 4574 do
811 4501 1114 4574 lolsthin
1143 4501 1515 4574 invadendo
1545 4501 1914 4573 districtum
1945 4500 2403 4573 Unohvonnom
2436 4502 2721 4592 episcopi
2752 4502 3225 4590 Graoovionsin,
3270 4502 3500 4576 turbu

1397 4624 1636 4709 movet,
1682 4638 1850 4737 qnae
1893 4622 2126 4695 statim
2170 4622 2509 4695 nodantur.

609 4861 890 4934 Natalis
944 4862 1157 4935 huius
1221 4863 1386 4935 anni
1449 4862 1732 4936 Domini
1791 4862 2021 4935 nostri
2082 4864 2251 4936 Iesu
2314 4862 2581 4935 Christi
2643 4863 2793 4936 dies
2846 4862 3287 4937 Wladislaus
3340 4864 3497 4937 Rex

395 5006 564 5059 cum
615 4982 964 5055 Praelatis
1029 4987 1100 5055 et
1163 4984 1589 5057 consiliariis
1653 4984 1804 5056 suis
1867 4984 2108 5078 exegit
2170 4982 2578 5073 cracoviae,
2646 5005 2784 5077 quo
2847 4984 3129 5076 quidem
3191 4987 3502 5075 tempore

393 5103 691 5178 vesania
743 5104 1080 5194 quaedam
1135 5108 1206 5177 et
1258 5104 1634 5179 insolentia
1670 5103 2064 5193 hominum,
2121 5102 2494 5196 praecipue
2545 5103 2619 5176 in
2656 5104 2899 5198 Regno
2935 5102 3273 5178 Poloniae
3316 5123 3499 5177 com-

621 5378 668 5459 ¹)
714 5380 985 5441 Stawsko
1029 5375 1156 5441 Ed.
1205 5376 1385 5462 Lipe.
1434 5376 1492 5463 ²)
1538 5381 1666 5441 eius
1711 5375 1836 5443 Ea.
1871 5376 2052 5461 Lipe.
2101 5377 2156 5457 ⁸)
2202 5384 2595 5441 reverteretur
2623 5374 2749 5441 Ed.
2783 5375 2965 5461 Lipc.
3014 5374 3067 5455 ⁴)
3112 5378 3502 5441 Frustemnd

401 5480 564 5550 cod.
607 5478 828 5549 Paos.
871 5482 1266 5547 Fustenhalth
1308 5478 1436 5548 Ea.
1481 5479 1666 5567 Lips-
