4342 6384
869 589 1019 666 144
2052 615 2279 672 menn
2330 615 2791 674 unnncnms.
3416 594 3549 698 (Α.
3588 593 3681 673 D.
3725 593 3943 696 1412.)

863 800 1122 893 iurgat.
1179 801 1340 874 Non
1395 802 1753 892 convenit,
1811 802 2046 895 inquit
2080 805 2159 894 ¹),
2220 805 2435 878 frater
2489 805 2929 878 charissime!
2999 804 3143 878 tuis
3211 804 3551 877 insultare
3605 804 3950 891 hostibus,

863 923 934 993 et
987 941 1222 994 eorum
1275 921 1737 1013 ignominiose
1791 927 2162 996 attrectare
2218 925 2448 1017 signa,
2508 925 2626 998 sed
2682 946 2913 998 coram
2968 926 3109 998 Deo
3169 925 3643 997 humilitatem
3684 924 3955 997 actione

863 1044 935 1113 et
990 1040 1278 1132 spiritu,
1335 1041 1835 1134 gratitudinem
1891 1043 2278 1133 referende,
2336 1049 2747 1119 monstrare.
2804 1045 2950 1136 Ego
2991 1045 3337 1136 siquidem
3372 1043 3790 1118 documento
3834 1043 3956 1116 tibi

862 1181 1016 1233 esse
1067 1180 1386 1251 possum,
1455 1161 1578 1252 qui
1642 1161 1920 1234 infestis
1984 1163 2309 1235 hostibus
2377 1163 2551 1238 meis
2614 1164 2821 1237 caede
2875 1185 3125 1256 magna
3178 1165 3363 1257 apud
3416 1164 3785 1236 Prussiam
3840 1164 3951 1237 de·

861 1279 1107 1367 victis,
1167 1301 1434 1353 omnem
1486 1280 1992 1373 benignitatem
2045 1282 2403 1373 praestiti;
2460 1282 2799 1375 signaque
2854 1305 3091 1356 eorum
3148 1284 3222 1356 in
3277 1283 3522 1358 urbem
3574 1283 3842 1376 regiam
3887 1289 3954 1356 et

862 1399 1093 1492 Regni
1146 1420 1226 1471 ac
1277 1400 1523 1492 populi
1579 1400 1716 1473 mei
1771 1401 2209 1493 metropolim
2264 1401 2821 1492 cracoviensem,
2878 1404 3175 1494 pedibus
3229 1403 3367 1476 iter
3403 1424 3562 1477 cum
3600 1403 3949 1476 militibus

863 1518 1036 1592 meis
1090 1519 1543 1609 conficiendo,
1600 1521 1937 1608 inferens,
1994 1521 2082 1593 ad
2135 1542 2369 1594 sacras
2424 1523 2659 1612 aedes,
2715 1544 2840 1614 pro
2895 1523 3153 1596 honore
3206 1521 3478 1611 divino,
3538 1521 3743 1596 cuius
3797 1523 3946 1596 bra-

862 1639 1018 1709 chio
1073 1638 1339 1728 cepisse
1394 1660 1502 1711 me
1556 1639 1683 1711 illa
1736 1642 2096 1730 profiteor,
2151 1641 2453 1733 pendere
2509 1642 2861 1730 ordinavi,
2928 1662 3201 1715 omnem
3253 1641 3551 1734 gloriam
3602 1642 3817 1716 relati
3868 1655 3951 1714 ex

863 1754 1234 1828 cruciferis
1289 1757 1629 1849 triumphi
1685 1757 1819 1831 soli
1873 1760 2018 1832 Deo
2073 1761 2465 1834 attribuens
2521 1765 2593 1834 et
2646 1761 2733 1834 ab
2788 1761 2978 1834 omni
3033 1781 3142 1835 me
3197 1760 3563 1834 continens
3630 1761 3953 1853 superbia

863 1880 1074 1966 atque
1127 1877 1340 1950 fastu.

951 2229 1344 2301 vladislaus
1386 2230 1525 2302 Rex
1570 2248 1655 2302 ex
1697 2231 1914 2303 morbo
1957 2233 2399 2318 revalescens,
2446 2247 2522 2304 ae
2564 2233 2843 2306 reditum
2887 2249 3128 2322 parans
3168 2232 3238 2304 in
3282 2233 3607 2305 Polonian
3620 2289 3637 2320 ,
3686 2235 3857 2306 dona

1447 2350 1687 2439 accipit
1731 2348 1801 2423 et
1844 2351 2130 2422 vicissim
2174 2352 2295 2423 dat
2339 2350 2743 2441 Sigimundo
2786 2350 3149 2441 Hungariae
3193 2351 3371 2442 Regi.

1070 2593 1281 2666 Feria
1335 2581 1614 2686 quarta,
1671 2594 1746 2666 in
1800 2594 2050 2686 vigilia
2104 2595 2347 2668 Sancti
2401 2597 2737 2693 Iohannis
2793 2598 3195 2688 Baptistae,
3255 2596 3695 2672 Wladislaus
3752 2599 3948 2672 Polo·

860 2713 1020 2786 niae
1082 2715 1237 2786 Rex
1301 2715 1386 2786 de
1450 2715 1652 2787 Buda
1715 2735 2067 2806 egressus,
2135 2715 2211 2788 iu
2278 2715 2530 2788 Albam
2584 2717 2921 2809 Regalem
2984 2717 3337 2808 pervenit,
3404 2720 3474 2790 et
3536 2717 3651 2791 die
3716 2717 3953 2790 Sancti

862 2832 1199 2906 Iohannis
1255 2832 1622 2925 Baptistae
1677 2855 1832 2906 cum
1888 2832 2160 2926 aliquot
2216 2835 2670 2926 sequentibus
2727 2835 2879 2908 illic
2933 2835 3236 2924 exactiS,
3294 2835 3368 2908 in
3425 2837 3683 2924 Thata,
3742 2841 3815 2911 et
3846 2837 3953 2909 die

865 2953 1086 3025 altero
1139 2953 1214 3024 in
1268 2952 1674 3045 Langdorff,
1732 2953 2102 3046 villagium
2157 2954 2245 3025 ad
2298 2954 2559 3026 fluenta
2622 2954 2931 3027 Danubii
2986 2955 3234 3043 situm,
3302 2955 3753 3047 perveniens,
3810 2977 3949 3029 cra·

864 3070 1187 3163 pulosius
1241 3071 1464 3143 caseis
1520 3092 1606 3144 ex
1662 3073 1846 3144 lacte
1898 3072 2156 3144 bubalo
2210 3077 2526 3158 recenter
2562 3073 2951 3166 coagulatis
2991 3095 3066 3146 se
3103 3075 3418 3165 replens,
3476 3080 3547 3149 et
3600 3075 3949 3169 indigesto

863 3190 1049 3279 cibo,
1103 3189 1371 3278 balnei,
1427 3194 1776 3283 postremo
1831 3211 1992 3264 vero
2048 3192 2393 3265 undarum
2431 3193 2736 3266 Danubii
2777 3194 3135 3281 fomentis,
3190 3194 3386 3266 horis
3424 3215 3643 3286 prope
3678 3196 3953 3268 duabus

863 3331 938 3381 se
990 3309 1339 3398 reficiens,
1397 3309 1646 3381 febrim
1701 3313 1974 3383 acutam
2009 3311 2402 3384 ·tertianam
2464 3313 2848 3402 contraxit,
2916 3318 2987 3386 et
3042 3313 3503 3386 nihilominus
3561 3314 3676 3386 die
3732 3314 3951 3386 altero

825 3437 842 3458 ·
863 3427 938 3500 in
991 3429 1302 3517 Moroth,
1361 3429 1592 3500 locum
1648 3430 2096 3502 venationum
2152 3430 2657 3522 Strigoniensis
2720 3432 3262 3524 archiepiscopi,
3333 3432 3507 3505 duos
3570 3433 3729 3504 illic
3780 3434 3950 3524 phy-

865 3547 1046 3620 sicos
1101 3569 1144 3620 a
1197 3547 1390 3640 Rege
1445 3547 1893 3640 Sigismundo
1937 3570 2062 3640 pro
2101 3551 2402 3621 curando
2458 3571 2660 3642 aegro
2692 3550 2755 3641 ²)
2810 3572 3093 3643 corpore
3130 3552 3383 3626 missos
3420 3552 3811 3640 offenden8‚
3870 3573 3949 3625 ex

863 3667 1139 3739 Moroth
1193 3666 1628 3759 Strigonium
1682 3669 1900 3742 venit.
1960 3668 2106 3759 Quo
2139 3666 2201 3757 3)
2258 3689 2414 3740 cum
2454 3669 2699 3742 diebus
2738 3668 3080 3762 quinque,
3137 3673 3449 3744 Iohanne
3486 3671 3954 3764 Strigoniensi

864 3785 1384 3878 archiepiscopo
1441 3785 1644 3858 illum
1701 3787 2022 3858 omnibus
2077 3788 2491 3861 necessariis
2556 3788 2920 3880 splendide
2987 3793 3363 3878 tractante,
3431 3790 3737 3864 lenimen
3794 3811 3953 3863 suae

865 3903 1328 3994 aegritudiuis
1385 3907 1825 3996 sumpturuS,
1885 3905 2230 3994 stetisset,
2299 3912 2501 3980 sext-a
2554 3908 2831 3979 demum
2886 3909 2998 3981 die
3054 3909 3293 3981 navali
3328 3909 3581 3982 itinere
3610 3910 3951 3998 ,Wische-

864 4023 1159 4113 gradum
1213 4021 1565 4110 introivit;
1619 4029 2120 4116 grassanteque
2174 4026 2443 4116 morbo,
2502 4033 2769 4119 septem
2806 4027 3053 4100 diebus
3090 4028 3243 4101 illic
3280 4028 3637 4102 immorari
3674 4033 3952 4102 coactus

867 4145 996 4212 est.
1055 4141 1202 4212 Sub
1257 4141 1512 4232 quibus
1560 4141 2053 4234 Sigismundus
2091 4146 2560 4217 Romanorum
2598 4153 2670 4218 et
2705 4147 3111 4240 Hungariae
3154 4149 3311 4220 Rex
3349 4148 3951 4240 Wischegradum,

865 4256 1204 4330 visitandi
1265 4258 1480 4351 Regis
1543 4261 1920 4333 Wladislai
1985 4267 2056 4335 et
2121 4263 2395 4335 solandi
2459 4285 2661 4336 suum
2724 4267 3132 4358 languorem
3184 4267 3446 4359 gratia,
3514 4266 3949 4358 pervenienS,

860 4399 1095 4450 omnes
1151 4399 1316 4450 suos
1370 4399 1457 4451 ex
1510 4383 1738 4451 castro
1792 4380 2143 4454 discedere
2194 4381 2460 4470 iusso8,
2518 4381 3098 4476 Wischegradum
3152 4385 3227 4457 in
3281 4386 3497 4478 Regis
3537 4390 3605 4459 et
3658 4407 3945 4458 suorum

865 4496 1174 4569 militum
1225 4500 1644 4588 potestatem
1699 4498 2070 4572 commisit.
2127 4501 2402 4575 Abinde
2456 4521 2578 4600 per
2635 4503 2897 4596 Regem
2953 4508 3327 4596 utrumque
3382 4525 3507 4596 per
3560 4505 3953 4578 Maruszam

866 4614 940 4687 in
995 4615 1318 4708 Varprim
1383 4616 1830 4690 venationum
1893 4620 2124 4692 locum
2188 4620 2367 4692 itum
2433 4625 2572 4708 est,
2642 4627 2713 4694 et
2766 4623 3037 4714 aliquot
3100 4623 3253 4696 illic
3306 4623 3488 4712 dieS,
3556 4623 3955 4696 resumendi

866 4733 1122 4807 virium
1174 4739 1528 4826 respectu,
1585 4735 1962 4828 absumpti.
2019 4738 2443 4830 Intelligens
2508 4745 2741 4812 autem
2808 4741 3301 4833 Sigismundus
3357 4743 3835 4815 Romanorum
3888 4745 3955 4814 et

865 4853 1270 4944 Hungariae
1325 4855 1480 4925 Rex
1535 4854 1842 4926 animum
1889 4855 2265 4928 Wladislai
2311 4856 2649 4930 Poloniae
2685 4860 2901 4952 Regis
2938 4861 3267 4933 anhelare
3305 4860 3381 4933 in
3418 4861 3725 4933 reditum
3782 4862 3954 4953 (iam

867 4971 1210 5062 siquidem
1257 4971 1372 5043 illi
1410 4971 1750 5063 pristinae
1805 4973 2134 5046 sanitatis
2186 4975 2461 5048 refusus
2518 4983 2666 5049 erat
2720 4978 2971 5069 vigor),
3032 4979 3169 5053 sibi
3221 5000 3347 5070 per
3399 4979 3759 5052 Andream
3818 4981 3951 5052 Ro—

867 5109 1027 5161 szen
1081 5090 1166 5162 de
1219 5090 1560 5162 Rosznow
1614 5091 1911 5164 militem
1967 5115 2171 5165 suum
2226 5098 2394 5166 tunc
2450 5094 2861 5168 familiarem
2914 5097 3000 5170 de
3053 5098 3257 5170 domo
3296 5097 3787 5188 Gryphonum‚
3845 5118 3952 5170 co-

865 5226 1104 5277 ronam
1159 5208 1590 5280 materialem
1645 5229 1923 5283 auream
1978 5212 2205 5304 Regni
2258 5213 2625 5302 Poloniae,
2682 5236 2821 5306 qua
2856 5215 3066 5307 primi
3102 5215 3321 5308 Regis
3358 5216 3783 5289 Polonorum
3823 5219 3953 5288 Bo-

1086 5455 1134 5542 1)
1179 5459 1452 5534 inquiens
1499 5457 1650 5524 Cod.
1698 5461 1890 5527 Rozr.
1939 5462 1990 5544 ²)
2036 5470 2281 5541 aegroto
2330 5459 2481 5528 God.
2527 5463 2719 5530 Rozr.
2778 5465 2833 5547 ³)
2877 5469 2994 5528 Ubi
3041 5463 3194 5531 God.
3240 5465 3433 5531 Rozr.
