4342 6384
377 568 510 669 (Α.
550 568 641 643 D.
684 568 915 669 1410.)
1576 594 1804 645 LIBER
1857 546 2321 645 nuntiemus.
3379 570 3476 642 33

377 796 690 865 versum,
745 777 984 869 gravis
1039 777 1391 850 contentio
1447 778 1641 851 illico
1701 779 2088 851 suboritur:
2158 799 2335 870 quae
2391 777 2558 851 adeo
2614 776 2969 867 efferbuit,
3026 781 3108 848 ut
3163 776 3479 848 Polonici

377 895 674 985 militeS,
733 897 1084 989 superatis
1147 896 1471 971 hostibus
1537 903 1608 971 et
1671 898 1744 970 in
1799 900 2131 992 oppidum
2195 901 2435 991 fugere
2499 898 2916 989 compulsiS,
2986 898 3070 969 ad
3127 896 3477 987 conquisi-

378 1016 643 1090 tionem
699 1015 939 1109 oppidi
1002 1017 1076 1089 in
1131 1038 1380 1110 magna
1443 1018 1904 1091 multitudine
1966 1019 2371 1112 glomerati,
2441 1018 2717 1090 iniussu
2776 1016 2994 1108 Regis
3048 1016 3481 1108 prosilirent.

380 1137 553 1210 Erat
607 1137 939 1229 oppidum
993 1158 1132 1209 non
1188 1139 1416 1211 solum
1481 1139 1700 1211 muris
1765 1139 1935 1211 altis
2001 1144 2072 1211 et
2127 1138 2413 1231 spissiS‚
2482 1142 2712 1211 turres
2771 1158 3045 1230 quoque
3101 1142 3171 1209 et
3223 1158 3481 1228 propu-

378 1258 679 1349 gnacula
741 1258 815 1329 in
879 1258 1180 1331 circuitu
1243 1258 1701 1347 habentibus,
1772 1259 1892 1332 sed
1958 1259 2169 1331 etiam
2238 1258 2384 1331 situ
2448 1258 2829 1331 munitum:
2906 1263 3232 1350 stagnum
3298 1256 3483 1329 enim

381 1398 422 1449 a
474 1382 673 1469 parte
727 1376 974 1451 maiori
1028 1378 1212 1450 illud
1266 1379 1518 1468 ambit,
1578 1382 1648 1451 et
1685 1379 1893 1451 undis
1948 1378 2022 1451 in
2060 1379 2361 1452 circuitu
2416 1380 2796 1467 vallatum,
2855 1378 3189 1470 exiguum
3248 1383 3317 1451 et
3362 1400 3481 1449 an-

379 1503 666 1591 gustum
723 1503 1121 1573 terrestrem
1175 1499 1447 1572 aditum
1501 1499 1748 1588 habet,
1815 1499 2183 1591 profundis
2249 1499 2457 1571 fossis
2511 1500 2978 1591 praeclusum.
3055 1498 3176 1569 Fit
3240 1498 3315 1570 in
3371 1519 3482 1570 ca—

382 1618 551 1692 stris
605 1617 820 1711 regiis
873 1638 1111 1691 rumor
1163 1640 1492 1712 magnus:
1551 1640 1687 1711 quo
1743 1618 2184 1691 Wladislaus
2231 1620 2387 1691 Rex
2444 1616 2715 1711 agnito,
2774 1618 2970 1691 iubet
3024 1618 3483 1709 conquisitio·

380 1760 541 1811 nem
597 1738 836 1830 oppidi
891 1760 1058 1811 voce
1111 1739 1474 1830 praeconis
1527 1739 1862 1829 inhiberi,
1920 1740 2191 1812 veritus
2246 1739 2319 1811 in
2356 1738 2869 1831 conquisitione
2923 1738 3161 1829 oppidi
3216 1738 3483 1811 milites

384 1881 550 1931 suos
625 1858 880 1931 offendi
963 1862 1032 1932 et
1095 1859 1387 1931 inutiles
1463 1859 1644 1932 effici
1719 1860 1792 1932 in
1858 1861 2175 1932 fiiturum
2248 1863 2620 1931 certamen.
2693 1858 3177 1930 Prohibitione
3250 1861 3484 1931 tamen

382 1980 576 2072 regia
647 1978 1150 2070 necquicquam
1217 1980 1652 2071 apprehensa
1689 1980 1767 2068 ¹),
1834 2000 2177 2052 concursu
2249 1978 2520 2072 ingenti
2583 1977 2668 2049 ad
2724 1977 3307 2070 conquisitionem
3364 2000 3483 2069 op-

382 2099 565 2191 pidi,
625 2100 790 2173 fatis
846 2099 984 2172 iam
1040 2098 1220 2171 illud
1276 2100 1802 2192 appetentibus,
1860 2100 2270 2173 festinatum
2325 2104 2455 2173 est.
2530 2098 2776 2189 Neque
2831 2098 3116 2190 opidani
3180 2098 3487 2191 segniter

383 2220 759 2307 resistunt,
819 2220 941 2291 sed
995 2219 1396 2291 bombardis
1451 2225 1522 2293 et
1577 2220 1771 2293 saxis
1827 2220 1916 2291 ad
1970 2242 2244 2291 murum
2300 2220 2677 2292 subeuntes
2709 2216 2795 2307 2),
2855 2218 3291 2290 submovent.
3352 2218 3485 2291 Ve-

383 2362 540 2414 rum
605 2340 1004 2412 abundante
1073 2338 1562 2429 multitudine,
1637 2340 1904 2412 milites
1979 2339 2298 2411 Polonici
2369 2339 2601 2411 lacum
2672 2337 3032 2427 insiliunt,
3110 2342 3180 2410 et
3250 2360 3485 2410 muros

386 2458 628 2553 oppidi
682 2458 1060 2532 debilitant
1115 2463 1184 2531 et
1239 2460 1578 2533 suffodere
1633 2465 2004 2548 conantur;
2062 2460 2322 2533 caeteri
2379 2460 2589 2532 scalis
2646 2458 3024 2551 appositis,
3092 2459 3259 2531 illos
3324 2479 3481 2531 con-

387 2582 762 2669 scendunt,
837 2584 906 2653 et
969 2578 1042 2651 in
1106 2579 1553 2652 breviusculo
1627 2584 1936 2671 tempore
2009 2580 2341 2671 oppidum
2412 2583 2711 2671 utroque
2786 2600 2961 2652 sexu
3034 2580 3485 2671 populosum,

384 2704 734 2794 rebusque
787 2697 1111 2772 omnibus
1167 2704 1238 2772 et
1289 2699 1598 2788 divitiis,
1656 2700 1866 2792 longa
1918 2720 2086 2791 pace
2143 2698 2517 2791 quaesitiS,
2575 2698 2649 2771 in
2706 2699 2889 2791 quod
2946 2699 3157 2773 etiam
3214 2720 3299 2771 ex
3356 2698 3485 2771 ali-

393 2826 566 2914 quot
621 2820 1064 2893 districtibus
1127 2818 1745 2914 propinquioribus
1811 2820 2081 2893 nobiles
2147 2824 2219 2892 et
2279 2820 2652 2911 populares
2684 2840 2872 2892 *cum
2929 2820 3137 2892 rebus
3202 2822 3271 2892 et
3326 2820 3486 2891 sub-

389 2942 676 3016 stantiis
715 2940 864 3015 suis
920 2942 1407 3031 confugerant,
1470 2941 1878 3033 opulentum
1915 2940 2372 3032 conquirunt,
2431 2940 2891 3031 omnibusque
2930 2940 3231 3012 fortunis
3268 2937 3487 3011 victo-

387 3084 500 3136 res
555 3061 946 3154 potiuntur.
1023 3062 1126 3133 De
1189 3060 1440 3151 spoliis
1504 3065 1738 3133 autem
1804 3060 2042 3151 oppidi
2105 3060 2449 3152 praedicti
2504 3060 2645 3133 fere
2708 3059 3083 3132 universus
3139 3060 3491 3132 exercitus

387 3182 628 3275 regius
681 3182 986 3270 ditatus,
1045 3181 1257 3253 etiam
1313 3180 1690 3272 quadrigas
1746 3201 1910 3253 suas
1967 3180 2382 3253 victualium
2440 3180 2617 3253 mira
2672 3178 3100 3252 abundantia
3154 3178 3488 3271 impleve-

387 3308 531 3377 rat:
589 3300 1000 3375 incredibile
1053 3301 1240 3373 enim
1295 3300 1492 3373 dictu
1545 3304 1682 3388 est,
1743 3301 2027 3391 quantis
2083 3301 2335 3393 opibus
2390 3304 2461 3373 et
2508 3300 2937 3373 victualibus
2993 3300 3324 3391 oppidum
3380 3321 3487 3373 re-

389 3426 647 3496 fertum
701 3421 937 3495 fuerit.
1014 3420 1276 3513 Spoliis
1331 3420 1636 3492 nondum
1701 3420 1787 3491 ad
1839 3422 2124 3512 plenum
2182 3422 2473 3514 egestiS,
2543 3420 2875 3513 oppidum
2940 3422 3301 3493 incensum
3358 3425 3489 3510 est,

391 3550 462 3617 et
515 3545 754 3635 plures
809 3541 1244 3629 mortalium,
1302 3540 1425 3632 qui
1479 3541 1567 3613 ad
1605 3540 1973 3613 ecclesiam
2028 3541 2505 3633 confugerant,
2565 3540 2725 3634 igne
2782 3542 3207 3615 exuberante
3262 3542 3489 3615 extin-

389 3668 727 3757 guuntur.
785 3662 1012 3735 Multa
1066 3666 1299 3734 autem
1355 3660 1582 3733 millia
1637 3661 2072 3753 captivorum
2129 3662 2501 3753 utriusque
2556 3682 2768 3736 sexus
2824 3662 2977 3733 illic
3032 3666 3236 3753 capta
3290 3666 3359 3733 et
3406 3660 3494 3732 ad

389 3784 586 3877 regia
639 3786 868 3857 eastra
922 3782 1250 3870 deducta,
1307 3779 1704 3854 Wladislao
1759 3781 1939 3873 Regi
1985 3782 2320 3855 Poloniae
2373 3804 2497 3873 per
2550 3781 2815 3854 milites
2871 3782 3106 3854 dedita
3162 3786 3348 3854 sunt.
3406 3781 3493 3852 In

392 3906 656 3977 multos
711 3904 1002 3994 insuper
1055 3902 1382 3975 caedibus
1447 3902 1793 3975 saevitum
1853 3908 1991 3991 est,
2067 3924 2194 3976 nec
2248 3903 2522 3975 caedem
2578 3902 2951 3993 quisquam
3017 3906 3141 3973 aut
3194 3901 3491 3992 captivi·

393 4029 614 4097 tatem
671 4023 949 4114 effugit,
1007 4027 1284 4114 praeter
1317 4042 1608 4114 paucOS,
1669 4022 1791 4114 qui
1844 4022 2180 4095 lintribus
2213 4021 2274 4112 ³)
2330 4026 2401 4095 et
2438 4023 2659 4096 alveis
2688 4022 2751 4113 ⁴)
2791 4043 3073 4095 evasere
3128 4022 3200 4093 in
3238 4022 3491 4094 lacum.

392 4144 618 4217 Nulla
671 4140 825 4216 illic
879 4142 1133 4215 aetatis
1188 4142 1720 4236 contempla-tio,
1778 4143 1977 4215 nulla
2031 4143 2286 4215 aetatis
2342 4142 2849 4217 misericordia:
2919 4143 3103 4234 quod
3158 4164 3295 4214 non
3349 4147 3493 4214 tam

393 4265 546 4337 iure
599 4262 803 4350 belli,
863 4283 1072 4354 quam
1128 4263 1623 4336 Dobrzinensis
1676 4268 1935 4351 terrae,
1993 4285 2170 4354 quae
2226 4264 2311 4336 ab
2365 4263 2691 4336 hostibus
2746 4268 3000 4337 exusta
3057 4265 3314 4351 fuerat,
3374 4263 3492 4333 do-

393 4387 577 4473 lore,
636 4388 706 4456 et
759 4382 1004 4455 effusis
1060 4382 1130 4453 in
1170 4383 1558 4455 Cruciferos
1614 4384 1828 4473 odiis,
1885 4384 2138 4456 Poloni
2188 4385 2735 4475 exequebantur.
2792 4384 3131 4476 Magister
3164 4382 3497 4455 Prussiae

395 4505 728 4591 UlricuS,
804 4524 961 4576 cum
1033 4502 1506 4576 Wladislaum
1578 4504 1914 4577 Poloniae
1984 4506 2247 4597 Regem
2274 4561 2290 4591 ,
2364 4504 2828 4578 referentibus
2904 4502 3492 4595 exploratoribus,

396 4625 716 4697 audisset
769 4622 1226 4696 Dambrowno
1281 4644 1723 4716 expugnasse
1777 4629 1988 4715 atque
2041 4624 2468 4714 incendisse,
2528 4628 2597 4697 et
2652 4645 2898 4696 versus
2954 4624 3402 4715 Marienburg
3432 4622 3493 4711 ⁵)

398 4744 787 4819 exercitum
844 4764 1048 4816 suum
1104 4744 1352 4817 ducere
1417 4744 1786 4832 statuisse,
1853 4766 2104 4836 magna
2167 4745 2480 4835 percitus
2544 4745 2681 4833 ira,
2746 4765 2884 4815 uon
2939 4746 3129 4815 ultra
3190 4764 3491 4835 pugnam

395 4866 850 4939 differendam
914 4869 1145 4953 ratuS,
1221 4884 1378 4937 eum
1442 4869 1591 4937 toto
1654 4864 1936 4957 penitus
2001 4885 2127 4936 suo
2192 4866 2435 4937 robore
2508 4864 2837 4937 dimicare
2910 4884 3118 4954 quam
3190 4862 3493 4954 primum

396 4986 806 5074 constituit,
865 4991 935 5059 et
989 4986 1073 5057 ad
1114 4985 1580 5058 invadendum
1619 4987 1880 5078 Regem
1937 4984 2256 5057 celeriori
2312 5006 2446 5077 quo
2494 4989 2769 5076 poterat
2820 5005 3069 5077 gressu
3130 4984 3493 5075 processit.

395 5106 550 5181 Nec
603 5105 788 5179 alius
843 5106 916 5178 in
952 5106 1353 5197 pectoribus
1391 5106 2040 5180 Commendatorum
2094 5110 2164 5179 et
2204 5106 2709 5180 Cruciferorum
2749 5126 3029 5178 suorum
3088 5110 3237 5178 erat
3282 5105 3496 5192 furor,

619 5382 670 5459 ¹)
714 5386 941 5442 attenta
989 5375 1139 5443 Cocl.
1187 5378 1377 5442 ΕΟΖ-ν.
1441 5378 1494 5459 ²)
1540 5384 1779 5440 ruentes
1839 5378 1963 5441 Ed.
2009 5378 2190 5463 Lips.
2261 5378 2317 5459 ³)
2363 5381 2422 5439 in
2466 5380 2740 5439 lintribus
2799 5375 2924 5439 Ed.
2972 5374 3151 5461 Lips.
3224 5374 3279 5460 ⁴)
3302 5376 3500 5436 «loliis

405 5480 560 5547 Cod.
607 5482 782 5545 Kost.
835 5482 889 5563 ⁵)
933 5484 1334 5559 Margenburg
1380 5476 1531 5543 Cocl.
1581 5477 1756 5543 Calv.

457 5637 503 5677 J.
531 5636 721 5684 magon.
751 5636 872 5675 Hm.
900 5636 1059 5675 Polou.
1090 5634 1142 5673 Τ.
1169 5634 1251 5673 IV.
3155 5615 3191 5667 5
