4342 6384
357 588 487 690 (Α.
531 591 624 664 D.
667 589 898 688 1419.)
1540 616 1766 666 menn
1819 617 2277 670 nuntiemus.
3312 599 3461 670 235

362 800 642 872 ferenda
697 800 880 873 inter
933 802 1196 892 Regem
1254 804 1322 872 et
1375 800 1764 874 cruciferos
1819 801 2009 873 iusta
2063 802 2447 891 sententia,
2506 807 2647 874 tam
2704 803 2987 875 assidua
3042 807 3112 876 et
3148 805 3313 876 forti
3352 825 3460 876 so-

360 921 762 1009 licitudine,
821 926 902 994 ut
957 922 1168 994 etiam
1225 921 1430 993 illum
1485 922 1558 994 in
1615 924 1874 994 Turcos
1923 923 2440 1014 expeditionem
2478 928 2794 1015 agentem
2834 929 3273 1015 sequeretur:
3334 947 3463 998 nec

363 1065 510 1116 eam
551 1043 606 1132 ¹)
663 1041 1182 1115 solicitudinem
1237 1042 1541 1130 remisit,
1603 1043 1816 1116 donec
1872 1043 2373 1117 Wratislaviae
2430 1046 2778 1118 sententia
2824 1046 2980 1138 ipsa
3016 1048 3291 1138 prolata
3326 1051 3457 1120 est.

357 1399 895 1489 Violephistarum
939 1399 1008 1470 in
1051 1399 1514 1470 monasterinm
1558 1399 1755 1470 Aulae
1785 1399 2004 1488 regiae
2037 1403 2107 1471 et
2136 1418 2369 1490 corpus
2400 1400 2705 1473 exanime
2734 1402 3095 1474 wenceslai
3125 1401 3463 1474 nehemiae

1603 1519 1798 1610 Regis
1842 1520 2217 1592 crudelitas.

569 1767 1042 1862 Angustiatus
1097 1768 1554 1840 Weuceslaus
1611 1767 1986 1840 Bohemiae
2041 1768 2195 1841 Rex
2252 1768 2733 1860 frequentibus
2790 1767 3031 1856 maliS,
3101 1789 3282 1860 quae
3338 1790 3461 1861 per

357 1889 700 1964 desidiam
759 1909 954 1962 suam
1011 1889 1086 1959 in
1141 1888 1478 1960 Bohemia
1531 1888 1920 1960 invaluisse
1977 1888 2271 1975 sincrat,
2330 1888 2642 1979 paralysi
2698 1893 3057 1980 correptus
3095 1895 3456 1982 aegrotare

357 2011 626 2102 coepit,
695 2015 904 2100 atque
968 2008 1150 2080 infra
1215 2011 1368 2079 octo
1432 2013 1501 2079 ct
1557 2009 1788 2079 decem
1854 2007 2038 2094 dieS,
2107 2007 2407 2100 signatis
2461 2008 2971 2081 haereticorum
3028 2009 3451 2097 nominibuS,

357 2152 536 2222 quos
575 2130 730 2204 neci
767 2129 1278 2215 destinaverat,
1340 2127 1866 2219 Sigismundum
1906 2128 2378 2200 Romanorum
2418 2133 2488 2200 et
2524 2129 2929 2220 Hungariae
2968 2130 3266 2222 Regem,
3326 2132 3459 2202 fra-

355 2257 571 2338 trem,
643 2251 926 2322 assidue
989 2249 1338 2335 vocitanS,
1407 2252 1477 2320 et
1529 2248 1910 2320 amicorum
1976 2248 2247 2320 auxilia
2312 2249 2567 2322 anxius
2624 2256 3040 2342 expectanS,
3096 2257 3259 2324 ante
3314 2251 3463 2324 vita

359 2371 704 2457 excessit,
775 2391 980 2462 quam
1035 2369 1266 2440 vocati
1321 2369 1687 2460 Principes
1743 2369 2105 2456 adessent,
2171 2369 2283 2440 die
2340 2369 2673 2442 videlicet
2726 2371 3053 2443 Mercurii
3110 2371 3465 2444 sedecima

357 2493 624 2566 mensis
679 2489 1022 2583 Augusti;
1081 2511 1236 2562 cum
1291 2495 1658 2581 regnasset
1713 2489 1916 2561 annis
1973 2489 2283 2580 quinque
2338 2494 2409 2563 et
2462 2490 3007 2584 quinquaginta,
3067 2496 3137 2564 et
3190 2492 3461 2564 duobus

356 2612 842 2686 tantummodo
905 2610 1210 2702 amplius
1276 2610 1599 2684 vixisset.
1669 2610 1977 2684 Cadaver
2039 2633 2246 2682 suum
2298 2610 2602 2702 primum
2656 2613 2743 2683 ad
2798 2612 3163 2686 ecclesiam
3220 2611 3462 2685 Sancti

356 2734 512 2806 Viti
566 2732 639 2805 in
694 2751 880 2818 arce,
940 2731 1184 2804 deinde
1239 2731 1326 2803 ad
1381 2731 1638 2802 Aulam
1709 2731 2005 2824 regiam,
2083 2731 2305 2804 solius
2378 2730 2654 2804 abbatis
2718 2732 2947 2804 Aulae
3000 2731 3233 2824 regiae
3289 2732 3450 2804 dili-

352 2854 623 2946 gentia,
680 2855 964 2944 propter
1021 2851 1616 2944 Viclephistarum
1671 2857 1934 2924 metum
1979 2856 2048 2926 et
2085 2851 2381 2940 rabiem,
2439 2852 2667 2925 noctis
2712 2855 3023 2943 tempore
3077 2853 3448 2924 humatum

225 2979 234 2990 '
362 2977 504 3061 est,
564 2973 752 3045 omni
791 2973 1076 3046 funerea
1111 2993 1394 3063 pompa,
1437 2971 1700 3062 Sophia
1737 2971 2008 3064 Regina
2046 2971 2320 3063 ingredi
2356 2971 2716 3046 civitatem
2754 2994 2892 3044 non
2930 2994 3135 3060 ausa,
3176 2973 3459 3046 omissa.

362 3095 534 3166 Cum
591 3115 754 3165 vero
791 3099 1034 3184 postea
1089 3091 1587 3164 monasterium
1643 3091 2076 3183 praedictum
2117 3093 2205 3164 ab
2243 3092 2617 3166 haereticis
2658 3092 3077 3184 diriperetur
3115 3098 3185 3165 et
3222 3094 3455 3185 sepul-

363 3216 530 3287 chra
565 3214 840 3306 Regum
879 3212 1439 3305 effringerentur‚
1489 3213 1959 3303 cadaveraque
1997 3213 2499 3301 abiicerentur,
2556 3215 2867 3305 piscator
2918 3214 3157 3308 regius
3215 3215 3465 3286 Muska

363 3334 674 3421 nomine,
733 3335 982 3426 Regi8‚
1042 3355 1245 3424 quem
1285 3337 1672 3422 amaverat,
1730 3353 1980 3424 corpus
2018 3335 2199 3406 clam
2239 3335 2524 3435 collegit
2562 3339 2633 3407 et
2668 3335 2741 3406 in
2778 3335 3011 3408 loculo
3050 3332 3239 3406 domi
3275 3335 3461 3426 apud

365 3475 437 3528 se
493 3454 826 3527 condidit.
885 3453 1262 3528 Interiecto
1319 3453 1567 3526 deinde
1621 3458 1962 3544 tempore,
2018 3454 2226 3527 rebus
2282 3455 2369 3526 ad
2406 3453 2762 3526 meliorem
2804 3457 3091 3526 formam
3131 3455 3459 3542 redactiS,

365 3596 520 3647 cum
575 3575 976 3647 Wenceslai
1031 3595 1282 3666 corpus
1335 3574 1838 3665 requireretur,
1897 3573 2154 3665 viginti
2211 3573 2441 3646 aureis
2498 3574 2836 3665 acceptiS,
2895 3574 3077 3646 illud
3130 3575 3459 3647 reddidit.
3594 3608 3600 3616 ·

366 3695 490 3768 Cui
547 3694 828 3768 tandem
883 3695 1184 3785 primum
1239 3694 1472 3768 iustus
1527 3696 1744 3766 honos
1801 3695 2076 3765 solutus
2133 3699 2263 3766 est.

363 4050 755 4122 wladislaus
802 4048 942 4122 Rex
983 4050 1053 4120 in
1099 4050 1506 4122 uthuaniam
1551 4049 1872 4138 procedit,
1932 4048 2260 4121 Elisabeth
2304 4049 2549 4138 Regina
2592 4049 2661 4119 in
2706 4048 2927 4139 Regno
2974 4066 3168 4138 aegre
3214 4050 3465 4122 relicta.

573 4301 684 4371 Ex
741 4298 1047 4370 Sandecz
1107 4297 1540 4368 Wladislaus
1597 4297 1753 4369 Rex
1810 4317 1934 4388 per
1981 4296 2535 4387 Czyeszkowicze
2566 4293 2651 4384 2),
2710 4295 2993 4382 PilznO,
3051 4296 3459 4386 Ropczicze,

366 4419 732 4493 Lanczuth
785 4418 860 4488 in
913 4417 1214 4489 Russiae
1271 4422 1490 4489 terras
1547 4417 1920 4507 processit,
1973 4421 2042 4488 et
2079 4416 2264 4488 circa
2302 4417 2557 4488 festum
2596 4415 2839 4488 Sancti
2886 4415 3250 4488 Michaelis
3288 4418 3460 4490 Leo-

364 4542 580 4632 polim
638 4561 796 4610 cum
849 4537 1218 4609 Elisabeth
1253 4537 1524 4629 Regina
1563 4539 1777 4610 venit.
1839 4537 1986 4627 Quo
2025 4557 2112 4609 ex
2151 4537 2439 4627 Leopoli
2488 4556 2734 4608 versus
2784 4536 3120 4628 Glinyani
3160 4558 3460 4627 egresse,

367 4660 736 4732 Elisabeth
789 4657 1060 4748 Regina
1116 4657 1312 4748 sequi
1369 4659 1607 4745 illum,
1666 4658 1998 4748 languore
2038 4677 2399 4748 oppressa,
2459 4656 2737 4729 destitit
2774 4663 2845 4728 et
2882 4656 2954 4728 in
2994 4657 3267 4730 Grodek
3303 4679 3461 4748 pro·
3514 4649 3525 4662 ⁶

369 4781 602 4853 cessit.
673 4779 781 4850 Ex
847 4777 1180 4868 Glinyani
1245 4777 1318 4848 in
1376 4778 1666 4850 Sambor
1699 4776 1784 4866 3),
1855 4777 2104 4849 abinde
2167 4777 2587 4849 visitaturus
2652 4797 2931 4867 aegram
2994 4777 3335 4869 Reginam
3388 4778 3465 4849 in

371 4901 673 4987 Grodek‚
748 4905 907 4990 post
971 4919 1132 4970 vero
1199 4898 1471 4988 Regina
1535 4897 1904 4969 Elisabeth
1968 4897 2040 4969 in
2103 4898 2469 4969 Lanczuth
2532 4890 2950 4981 divertente,
3018 4917 3141 4987 per
3206 4897 3459 4986 Smer,

369 5020 780 5112 Ropczicze,
847 5018 1106 5110 Byecz,
1177 5019 1537 5108 Bochnya,
1607 5017 1984 5089 transitum
2043 5016 2335 5104 faciem,
2403 5037 2525 5107 pro
2584 5017 2695 5088 die
2752 5015 2992 5088 Sancti
3046 5016 3333 5089 Martini
3388 5018 3463 5090 in

370 5138 902 5232 Nyepolomicze
939 5137 1156 5209 venit.
1217 5139 1324 5208 Ex
1365 5138 1902 5229 Nyepolomicze
1939 5139 2012 5209 in
2050 5136 2502 5208 Lithuaniam
2552 5156 3038 5227 proceSSUmS,
3096 5137 3464 5210 Elisabeth

371 5261 706 5353 Reginam
763 5259 923 5350 plus
981 5256 1190 5329 solito
1247 5278 1520 5350 aegram
1581 5257 1764 5348 apud
1806 5257 2215 5348 oppidulum
2259 5257 2601 5328 Brzeszek
2642 5255 2997 5345 visitavit,
3057 5261 3127 5329 et
3182 5258 3460 5330 tandem

581 5518 628 5599 ¹)
675 5519 852 5578 etiam
901 5513 1051 5580 Cod.
1098 5514 1289 5578 Rozr.
1341 5516 1395 5597 ⁸²)
1443 5517 1860 5593 Oieskowycze
1906 5513 2030 5576 Ed.
2089 5512 2269 5596 Lips.
2318 5513 2372 5593 ³)
2422 5514 2743 5575 Schambor
2798 5509 2950 5576 cod.
3000 5511 3191 5574 Rozr.
