4342 6384
363 558 499 658 (Α.
539 559 630 634 D.
672 546 925 656 1440.)
1490 583 1717 637 unna
1768 584 2282 637 nuonscnms.
3308 560 3452 637 661

360 786 597 841 omnes
652 764 1007 840 curienses
1061 786 1227 839 suos
1280 766 1655 861 Hungaros
1710 771 1781 842 et
1834 769 2137 841 Polonos
2211 766 2565 862 adiungit,
2638 767 2744 841 ita
2805 772 2888 841 ιιι
2940 764 3293 843 exercitus
3343 788 3454 842 re-

152 888 159 935 ¹
352 884 515 978 gius
576 884 897 959 Ladislai
958 885 1139 959 Bani
1202 885 1519 961 exercitu
1584 890 1771 961 esset
1824 908 1963 959 non
2016 886 2327 961 inferior.
2394 886 2736 961 Convenit
2798 887 3038 981 itaque
3102 888 3454 963 exercitus

153 1010 155 1017 '
357 1010 655 1097 uterque
709 1005 893 1080 circa
948 1005 1280 1098 oppidum
1317 1007 1563 1095 Batta‚
1620 1010 1691 1080 et
1728 1007 1897 1081 facit
1932 1028 2415 1101 congressum
2472 1010 2682 1081 durat
2715 1009 3040 1101 pluribus
3077 1008 3268 1081 horis
3307 1029 3453 1082 cer-

358 1131 628 1214 tamen,
667 1128 739 1199 et
776 1125 1125 1198 communi
1162 1125 1217 1215 ι)
1274 1131 1631 1219 pugnatur
1665 1148 1791 1219 per
1825 1130 2204 1220 utrumque
2241 1127 2628 1203 exercitum
2664 1128 2908 1202 Marte.
2964 1128 3270 1203 Tandem
3307 1129 3458 1201 Deo

355 1245 568 1333 bono,
626 1244 767 1337 =qui
829 1244 1137 1319 omnium
1199 1244 1617 1319 iniuriarum
1682 1267 1967 1321 severus
2022 1252 2131 1321 est
2185 1249 2408 1338 ultor,
2473 1248 2848 1341 largiente,
2913 1246 3264 1341 frangitur
3316 1247 3450 1319 La-

356 1364 567 1438 dislai
622 1363 1005 1453 exercitus,
1074 1365 1431 1440 Bathosch
1461 1364 1523 1455 2)
1578 1367 1900 1439 Andreas
1964 1388 2123 1440 cum
2187 1368 2435 1443 multis
2497 1368 2930 1442 notabilibus
2961 1364 3023 1458 ³)
3087 1365 3450 1455 occiditur,

356 1484 891 1577 Woydeemrich
944 1489 1015 1557 et
1068 1485 1356 1573 caeteri,
1423 1486 1681 1577 quibus
1735 1488 2015 1559 fortuna
2066 1487 2244 1561 belli
2297 1487 2645 1579 pepercit,
2709 1487 3108 1580 capiuntur.
3175 1484 3452 1559 Exinde

354 1605 705 1677 Iohannes
758 1603 844 1677 de
896 1602 1184 1675 Huniad
1246 1604 1370 1677 vix
1433 1610 1639 1679 antea
1700 1606 2056 1699 cognitae,
2120 1628 2370 1681 nomen
2435 1607 2820 1699 quaesivit,
2885 1608 3090 1679 homo
3158 1606 3452 1679 obscuro

355 1726 506 1797 loco
562 1728 805 1812 natus,
872 1723 994 1796 sed
1047 1723 1363 1797 celsioris
1428 1724 1645 1798 animi
1700 1729 1770 1799 et
1823 1744 2232 1819 magnarum
2295 1748 2525 1801 rerum
2589 1726 2919 1819 cupiduS,
2989 1746 3197 1818 quem
3251 1724 3450 1798 Wla-

358 1842 627 1915 dislaus
681 1842 1017 1915 Poloniae
1053 1846 1124 1915 et
1160 1841 1565 1935 Hungariae
1601 1844 1756 1917 Rex
1797 1863 1884 1917 ex
1922 1845 2215 1917 obscuro
2269 1850 2340 1917 et
2373 1845 2436 1935 ⁴¹)
2489 1845 2684 1937 inopi
2729 1845 2996 1918 clarum
3032 1848 3244 1936 atque
3279 1865 3450 1935 opu-

354 1963 622 2035 lentum
676 1961 929 2036 effecit.
986 1964 1150 2035 Dux
1204 1960 1357 2053 ipse
1410 1963 1585 2036 belli
1640 1968 1710 2036 et
1761 1968 1967 2037 autor
2018 1968 2376 2037 tantorum
2433 1965 2753 2039 funerum
2789 1964 3166 2039 Ladislaus
3205 1964 3446 2036 Banus

358 2083 525 2173 fuga
578 2082 895 2153 salvatus
950 2084 1090 2169 est,
1146 2081 1575 2155 immeritum
1630 2082 1695 2155 ei
1750 2105 2005 2157 munus
2059 2087 2460 2176 praestante
2498 2086 2811 2173 fortuna,
2867 2084 2958 2157 ad
2993 2083 3337 2176 Reginam
3373 2082 3450 2154 in

358 2200 793 2294 Strigonium
846 2201 1141 2274 anhelus
1194 2201 1421 2291 venit,
1480 2224 1721 2276 casum
1776 2225 1983 2275 suum
2020 2209 2092 2277 et
2128 2223 2415 2277 suorum
2453 2202 2828 2297 significat.
2886 2202 3160 2297 Regina
3197 2222 3285 2275 ex
3325 2222 3452 2293 spe

356 2341 607 2413 magna
660 2319 1017 2408 decidens,
1074 2320 1327 2393 iterum
1382 2320 1621 2411 illum,
1678 2327 1785 2395 ιιι·
1813 2323 2076 2396 bellum
2128 2328 2475 2413 resumat,
2532 2328 2657 2396 aut
2711 2321 2847 2396 sibi
2902 2326 3183 2396 centum
3221 2320 3450 2393 millia

356 2440 768 2513 florenorum
821 2462 945 2532 pro
1001 2440 1455 2514 instaurando
1510 2462 1634 2533 per
1686 2441 1864 2516 alios
1918 2443 2104 2516 bello
2158 2447 2468 2532 mutuet,
2525 2442 2836 2517 lacrimis
2873 2446 2944 2515 et
2977 2440 3302 2535 precibus
3337 2462 3448 2513 ro-

354 2564 507 2652 gat,
565 2559 689 2632 sed
742 2563 1071 2632 neutrum
1124 2560 1487 2651 impetrat:
1544 2581 1772 2652 neque
1825 2562 2010 2635 enim
2063 2562 2237 2635 belli
2273 2564 2624 2635 fortunam
2661 2561 2966 2654 amplius
3006 2564 3278 2634 tentare
3311 2560 3446 2632 La-

356 2676 625 2751 dislaus
680 2678 953 2766 BanuS,
1010 2699 1138 2751 nec
1190 2682 1465 2752 tautum
1520 2700 1766 2753 aurum
1821 2680 2105 2754 incaute
2160 2680 2514 2755 effundere
2565 2680 2746 2755 utile
2806 2683 3037 2773 putat.
3101 2680 3214 2753 Ex
3269 2677 3447 2753 Stri-

358 2796 564 2890 gonio
582 2853 599 2886 ,
656 2796 1103 2871 dissimulato
1138 2797 1447 2871 transitu
1493 2798 1807 2892 Reginae
1838 2798 1925 2888 5),
1981 2800 2057 2873 in
2092 2799 2458 2873 Iavrinum
2509 2798 2919 2887 revertitur,
2984 2798 3110 2891 qui
3163 2797 3226 2871 si
3287 2818 3446 2875 eva-

357 2916 569 2989 sisset
632 2916 979 3009 superior,
1064 2938 1391 3011 magnum
1460 2922 1795 2993 terrorem
1861 2923 1931 2992 et
1998 2918 2180 3013 Regi
2244 2924 2316 2992 et
2379 2918 2838 3012 optimatibus
2911 2916 3328 3013 ingessisset
3357 2917 3447 3005 ⁶),

356 3041 688 3127 tanquam
724 3036 813 3109 ad
851 3058 1053 3111 omne
1087 3037 1419 3112 audaciae
1458 3038 1727 3112 facinus
1762 3044 2255 3131 prorupturus.
2300 3040 2690 3113 Wladislao
2727 3038 2909 3133 Regi
2945 3036 3212 3131 captivi
3247 3058 3446 3129 prae·

358 3160 757 3246 sentantur,
815 3176 990 3249 quos
1044 3155 1403 3248 aliquibus
1462 3157 1709 3232 diebus
1747 3158 2023 3233 vinctos
2062 3162 2341 3249 tenens,
2396 3158 2826 3233 liberalitate
2865 3162 2936 3231 et
2970 3157 3284 3232 bonitate
3323 3179 3453 3229 sua

354 3276 661 3365 relaxat,
718 3280 789 3349 et
842 3280 1038 3348 tanto
1092 3275 1427 3351 beneficio
1482 3298 1599 3351 eos
1657 3277 1795 3352 sibi
1848 3278 2018 3351 adeo
2074 3278 2438 3368 conciliat,
2495 3284 2578 3351 ut
2630 3278 2878 3352 maiori
2929 3278 3137 3351 illum
3174 3276 3258 3350 de
3295 3298 3446 3349 cae·

356 3397 505 3466 tero
559 3414 791 3468 amore
842 3400 914 3467 et
966 3395 1337 3469 devotione
1390 3397 1733 3486 colerent,
1790 3418 1999 3489 quam
2054 3397 2304 3471 hostili
2357 3397 2588 3470 animo
2625 3402 2788 3470 ante
2823 3396 3132 3471 oderant.
3189 3394 3436 3467 Ladis-

355 3514 511 3587 laus
567 3514 807 3587 Banus
862 3515 1211 3589 fluctuans
1265 3514 1459 3588 vario
1514 3518 1713 3589 aestu
1769 3515 2027 3590 mentis
2083 3515 2552 3591 conscientiae
2606 3536 2774 3589 suae
2810 3519 2880 3589 et
2916 3513 3446 3607 ingratitudinis

353 3632 699 3727 affligitur
751 3634 1053 3723 facibus,
1108 3655 1249 3706 non
1304 3635 1531 3707 solum
1589 3634 2061 3709 Wladislaum
2116 3637 2412 3729 Regem,
2469 3634 2674 3708 cuius
2720 3632 3160 3708 clementiam
3201 3653 3444 3724 exper-

352 3756 473 3825 tus
527 3756 709 3841 erat,
783 3754 907 3827 sed
960 3774 1110 3842 eos,
1159 3773 1334 3845 quos
1396 3754 1485 3826 ad
1532 3756 1985 3847 pugnandum
2058 3754 2463 3843 induxerat,
2536 3758 2884 3842 metuenS,
2961 3752 3165 3845 quasi
3219 3773 3444 3845 vagus

353 3873 582 3945 factus
638 3893 847 3964 super
899 3878 1151 3947 terram
1205 3872 1371 3946 hinc
1423 3872 1585 3946 inde
1637 3874 1953 3967 gyrabat.
2011 3875 2195 3946 Dum
2247 3873 2470 3967 igitur
2522 3872 2678 3947 vice
2732 3874 3033 3965 quadam
3089 3893 3246 3946 cum
3293 3869 3442 3943 Eli-

352 3991 603 4063 sabeth
654 3991 926 4084 Regina
979 3993 1066 4064 ad
1119 3990 1551 4065 Fridericum
1607 3994 2079 4067 Romanorum
2132 3994 2394 4085 Regem
2447 3993 2522 4065 in
2575 3992 2849 4065 Novam
2903 3991 3276 4065 Civitatem
3324 4012 3442 4065 ve-

352 4109 567 4197 niret,
624 4131 750 4202 per
802 4110 1035 4202 ipsum
1089 4109 1523 4185 Fridericum
1578 4112 1838 4205 Regem
1871 4112 1932 4201 7)
1996 4112 2274 4203 capitur
2335 4116 2407 4185 et
2458 4113 2666 4205 longo
2739 4116 3050 4203 tempore
3101 4110 3175 4183 in
3229 4111 3443 4183 mole-

352 4227 515 4301 stiis
568 4228 1009 4321 captivitatis
1063 4230 1418 4304 detinetur
1442 4230 1533 4319 8).
1597 4231 1691 4302 Ει
1747 4230 2068 4323 quamvis
2133 4230 2572 4304 Wladislaus
2634 4232 2790 4305 Rex
2845 4234 3169 4323 acceptae
3222 4230 3310 4303 ab
3365 4250 3444 4303 eo

350 4347 653 4421 iniuriae
708 4348 1003 4439 oblitus,
1059 4369 1183 4441 pro
1239 4370 1367 4421 sua
1420 4348 1836 4431 liberatione
1889 4351 2153 4423 multos
2217 4355 2507 4425 conatus
2561 4356 2634 4425 et
2686 4351 2922 4423 studia
2982 4347 3441 4440 interposuis-

350 4471 494 4555 set,
552 4466 714 4540 dare
767 4473 1001 4541 tamen
1053 4467 1195 4560 ipsi
1256 4467 1614 4541 Friderico
1671 4469 1849 4562 Regi
1904 4489 2030 4560 pro
2082 4469 2496 4543 liberatione
2551 4490 2677 4543 sua
2740 4468 3191 4562 septuaginta
3243 4467 3442 4540 flore-

349 4607 599 4659 norum
650 4585 883 4658 millia
934 4590 1216 4660 coactus
1272 4592 1379 4660 est
1408 4587 1495 4677 ⁹),
1552 4586 1917 4679 indignum
1974 4592 2087 4678 (ut
2120 4591 2308 4677 reor)
2363 4588 2814 4662 existimante
2852 4590 3162 4675 fortuna,
3219 4590 3300 4661 ut
3336 4585 3440 4659 vi-

364 4704 471 4777 tia
505 4705 599 4795 ¹⁰)
653 4707 971 4797 patratae
1024 4705 1555 4799 ingratitudinis
1610 4726 1747 4779 non
1799 4705 2285 4799 perpendisset
2320 4708 2435 4796 ¹¹).

569 5026 614 5106 ¹)
661 5034 721 5088 et
764 5028 921 5089 omni
968 5023 1120 5090 Cod.
1166 5023 1342 5090 Kost.
1392 5026 1442 5106 ²)
1487 5030 1736 5090 Bartosz
1784 5024 1937 5094 cod.
1982 5026 2202 5092 Prsez.
2252 5028 2304 5109 ⁸)
2349 5030 2647 5091 nobilibus
2697 5024 2850 5093 Cod.
2900 5028 3118 5093 Przez.
3163 5030 3447 5093 militibus

354 5126 510 5192 Cod.
558 5126 692 5192 Lis.
742 5127 797 5207 ⁴)
840 5136 1019 5207 atque
1064 5126 1193 5191 Ed.
1240 5126 1421 5213 Lipe.
1470 5126 1527 5213 ο)
1572 5131 1805 5208 Regina
1851 5126 2003 5193 (lod.
2050 5129 2271 5194 Przez.
2320 5131 2377 5211 ⁸)
2421 5132 2772 5194 incussisset
2818 5127 2972 5195 God.
3017 5131 3195 5196 Kost.
3247 5131 3300 5213 ⁷)
3331 5136 3446 5195 Ro-

348 5226 655 5292 manorum
696 5234 922 5309 Regem
969 5228 1121 5295 cod.
1168 5230 1345 5294 Kost.
1396 5230 1448 5310 Θ)
1493 5238 1742 5295 tenetur.
1774 5230 1903 5294 Ed.
1939 5229 2119 5315 Lips.
2167 5232 2221 5313 ')
2267 5235 2512 5313 oblitus,
2557 5253 2665 5311 pro
2695 5252 2807 5295 sua
2834 5235 3182 5297 liberatione
3212 5242 3444 5313 septua-

348 5334 519 5409 ginta
560 5334 747 5395 millia
786 5336 1139 5395 florenorum
1182 5352 1465 5395 summam
1508 5336 1769 5412 pendere
1812 5336 2123 5413 voluisset,
2187 5336 2316 5413 ipse
2367 5340 2564 5397 tamen
2623 5338 2948 5399 carcerales
2991 5339 3268 5399 tenebras
3311 5356 3442 5415 per-

346 5436 505 5497 ferre
548 5440 787 5497 coaetus
832 5441 925 5497 est
965 5432 1095 5498 Ed.
1141 5432 1322 5519 Lipe.
1378 5434 1457 5516 ¹⁰)
1502 5436 1554 5498 si
1596 5454 1821 5514 poenas
1870 5432 2023 5501 Cod.
2069 5434 2204 5501 Lis.
2258 5435 2336 5517 ¹¹)
2383 5438 2782 5515 pependisset.
2830 5433 2983 5502 God.
3029 5434 3206 5502 Koet.
