4342 6384
359 547 502 646 (Α.
540 545 633 622 D.
674 543 927 645 1439.)
1524 569 1751 624 menn
1802 567 2313 622 nnonncnms.
3313 548 3458 623 607

358 754 895 827 conventionem
949 758 1316 842 venerant,
1373 754 1767 847 ingressae,
1825 753 2007 828 illud
2061 753 2526 846 depraedatus
2581 758 2712 826 est.
2777 753 3042 828 Deinde
3094 753 3170 827 in
3225 775 3459 828 mona-

360 873 659 946 sterium
683 929 700 962 ,
757 874 1035 964 aliaque
1074 875 1227 946 loca
1279 875 1691 966 procedens,
1746 874 1821 947 in
1859 874 2115 964 quibus
2168 873 2555 946 Iohannem
2607 874 2693 945 de
2730 873 3268 966 Konyeczpolye
3301 893 3461 947 can—

358 993 727 1066 cellarium
782 998 852 1066 et
907 993 1290 1067 Iohannem
1347 993 1666 1067 Glowacz
1720 993 1805 1066 de
1834 991 2290 1066 Oleschnicza
2342 993 2574 1086 Regni
2627 992 2962 1065 Poloniae
3015 995 3460 1083 marsalcum,

360 1134 539 1203 quos
594 1114 833 1186 hostes
891 1133 1055 1185 suos
1122 1114 1515 1200 astruebat,
1583 1112 2076 1204 suspicabatur
2137 1133 2292 1185 esse
2333 1114 2410 1202 ¹),
2481 1111 2712 1184 omnia
2765 1131 3002 1186 eorum
3056 1112 3238 1186 bona
3291 1111 3459 1187 diri-

360 1233 555 1323 puit:
632 1251 709 1304 eo
766 1233 949 1306 enim
1014 1232 1245 1304 animo
1310 1211 1721 1321 advenerat,
1787 1237 1870 1306 ut
1921 1235 2274 1324 praefatos
2338 1232 2832 1306 cancellarium
2885 1235 2958 1304 et
3012 1231 3459 1322 marsalcum,

364 1372 542 1442 quos
597 1352 821 1444 magis
886 1352 1171 1424 videbat
1234 1352 1511 1426 obstare
1576 1353 1725 1424 suis
1791 1352 2190 1441 conatibus,
2260 1352 2631 1426 occidisset
2660 1350 2756 1440 2);
2831 1350 2971 1443 ipsi
3035 1354 3267 1424 autem
3339 1371 3464 1444 per

367 1472 681 1545 eiusdem
736 1471 1150 1562 Spithkonis
1206 1471 1645 1545 consiliarios
1702 1470 2031 1546 certiores
2092 1473 2178 1544 de
2235 1472 2382 1544 suis
2437 1469 3076 1544 machinationibus
3130 1470 3332 1560 facti,
3390 1471 3464 1544 in

365 1597 677 1663 castrum
732 1611 806 1664 se
860 1593 1324 1664 contulerant.
1403 1593 1587 1664 Dum
1641 1591 1863 1684 igitur
1918 1592 2166 1683 spoliis
2231 1596 2302 1663 et
2356 1591 2870 1682 direptionibus
2923 1590 3132 1684 plura
3183 1590 3339 1663 loca
3391 1593 3462 1662 et

362 1710 677 1801 hospitia
729 1714 1114 1798 vastasset,
1172 1731 1259 1782 ex
1296 1712 1553 1803 oppido
1608 1733 1765 1784 cum
1804 1711 1953 1783 suis
2008 1713 2083 1782 in
2124 1731 2442 1802 campum
2481 1709 2843 1784 descendit
2894 1715 2966 1783 et
3001 1709 3186 1783 circa
3229 1709 3461 1782 locum

360 1829 668 1920 patibuli
724 1834 954 1903 castra
993 1851 1120 1903 sua
1173 1831 1433 1922 posuit.
1490 1831 1930 1904 Wladislaus
1986 1836 2220 1903 autem
2259 1830 2416 1903 Rex
2471 1830 2556 1903 de
2593 1829 2889 1902 consilio
2911 1829 3262 1903 baronum
3302 1850 3460 1902 suo-

360 1971 519 2021 rum
572 1955 861 2040 repente
898 1955 1139 2023 contra
1174 1951 1412 2040 illum,
1444 1954 1714 2023 tantam
1750 1955 2019 2042 pestem
2072 1951 2174 2024 rei
2211 1949 2536 2042 publicae
2571 1949 3040 2038 extincturuS,
3079 1948 3458 2041 processit:

362 2069 489 2160 qui
544 2069 787 2142 videns
853 2090 929 2142 se
994 2074 1343 2144 certamen
1408 2069 1708 2162 effugere
1771 2091 1909 2142 non
1971 2089 2210 2161 posse,
2290 2068 2594 2141 statione
2655 2068 2882 2159 prima
2945 2068 3150 2159 quasi
3219 2067 3462 2160 iniquo

361 2189 517 2261 loco
573 2189 939 2278 derelicta,
1000 2189 1085 2261 ad
1140 2191 1347 2263 finem
1400 2191 1617 2262 villae
1674 2189 2083 2278 Grothniki,
2140 2187 2264 2262 ubi
2319 2188 2580 2261 fluvius
2634 2187 2822 2261 Nida
2875 2187 3330 2276 circumfluit,
3390 2205 3466 2260 se

362 2309 657 2399 recepit,
716 2329 795 2380 eo
848 2310 1229 2401 proposito,
1286 2315 1367 2382 ut
1420 2310 1666 2382 alveus
1702 2309 1931 2383 Nidae
1984 2331 2025 2381 a
2061 2315 2260 2401 parte
2316 2329 2456 2380 una
2499 2307 2706 2381 illum
2743 2311 3119 2397 tutaretur,
3175 2305 3461 2380 castris-

365 2451 502 2520 que
556 2429 709 2501 illic
763 2428 1161 2517 collocatis,
1218 2430 1523 2520 primum
1578 2449 1660 2504 ea
1712 2430 2069 2518 curribus,
2126 2429 2375 2502 deinde
2432 2428 2623 2501 vallo
2689 2433 2759 2501 et
2813 2427 3001 2500 fossa
3053 2427 3460 2529 communit.

363 2550 521 2624 Rex
562 2555 795 2622 autem
834 2549 1319 2622 maturandam
1374 2549 1511 2623 sibi
1538 2571 1867 2642 pugnam,
1910 2554 2284 2641 antequam
2322 2549 2546 2621 fossas
2601 2547 2676 2621 in
2713 2548 2939 2619 altum
2994 2543 3460 2636 0011001013),

362 2669 675 2759 putavit:
732 2673 1015 2760 propter
1068 2670 1249 2760 quod
1308 2669 1495 2741 omni
1548 2669 1906 2744 celeritate
1960 2669 2165 2741 illum
2221 2666 2648 2762 aggreditur.
2705 2665 2854 2740 Nec
2906 2666 3194 2741 deerant
3247 2663 3459 2766 pleri·

366 2809 503 2880 que
558 2809 646 2862 ex
701 2789 1115 2877 baronibus,
1176 2789 1297 2879 (101
1352 2789 1517 2862 dum
1572 2789 1711 2863 iam
1766 2790 1840 2863 in
1895 2793 2270 2881 conspectu
2327 2792 2477 2860 erat
2514 2786 2838 2879 Spithko‚
2896 2807 2984 2861 ne
3035 2803 3271 2880 pugna
3306 2805 3462 2859 cum

368 2929 447 2980 eo
502 2908 837 2997 iniretur,
904 2908 1436 2997 dissuadebant,
1504 2909 1879 2982 astruendo
1944 2929 2266 3002 magnam
2319 2912 2819 3000 proventuram
2871 2905 3213 2980 iacturam
3243 2906 3363 2995 ⁴),·
3400 2905 3465 2979 si

368 3027 668 3100 inermes
744 3048 901 3100 cum
972 3029 1263 3100 armatis
1327 3029 1819 3122 pugnaverint.
1902 3029 2174 3102 Hincza
2236 3029 2322 3100 de
2385 3027 2644 3120 Rogow
2713 3047 2966 3120 genere
3027 3023 3465 3118 Dzyaloscha

370 3151 441 3220 et
493 3148 883 3221 Dobeslaus
921 3149 1005 3220 de
1045 3148 1506 3240 Sczekocziny
1559 3169 1809 3241 genere
1847 3147 2344 3237 Odrowansch,
2391 3148 2722 3220 ducatum
2759 3145 2984 3239 pediti
3018 3145 3460 3238 praestando,

370 3271 601 3340 castra
665 3267 1078 3360 Spithkonis
1152 3269 1593 3359 dirumpunt,
1671 3289 1713 3339 a
1777 3267 2032 3360 quibus
2107 3267 2329 3342 maior
2390 3287 2553 3359 pars
2618 3265 2974 3359 copiarum
3047 3264 3463 3358 Spithkonis

371 3385 633 3459 obtrita
686 3391 825 3476 est,
885 3391 956 3460 et
988 3388 1369 3479 disruptis,
1424 3388 1884 3480 disiectisque
1919 3387 2264 3476 curribus,
2323 3385 2595 3478 equites
2651 3390 2722 3460 et
2755 3385 3028 3478 pedites
3085 3383 3198 3460 sui
3251 3403 3464 3458 saeva

371 3505 788 3580 crudelitate
842 3506 1305 3580 trucidantur.
1362 3507 1529 3599 Ipse
1582 3528 1745 3580 vero
1800 3507 1877 3579 in
1914 3505 2177 3578 multos
2235 3505 2572 3598 impetum
2625 3505 2831 3595 facit,
2891 3505 3012 3580 sed
3064 3523 3190 3596 per
3224 3503 3464 3596 plures

371 3627 650 3700 lanceas
706 3632 777 3698 et
814 3627 1113 3719 sagittas
1150 3626 1567 3701 balistarum
1605 3629 2068 3716 transfossus,
2116 3647 2296 3719 equo
2333 3626 2740 3718 prolapsus,
2782 3625 3111 3719 spiritum
3151 3625 3462 3699 exhalat.

372 3746 657 3819 Mandat
710 3745 903 3819 illico
959 3747 1149 3836 Rex,
1206 3750 1289 3818 ut
1340 3747 1657 3839 peditum
1709 3751 2038 3838 parcatur
2091 3745 2569 3834 multitudini,
2628 3746 2850 3818 coacti
2905 3745 3090 3819 enim
3142 3763 3304 3818 rure
3355 3733 3463 3820 re-

370 3866 575 3955 licto,
632 3887 823 3938 arma
878 3873 1353 3958 sumpserant:
1410 3873 1861 3942 reservantur
1920 3867 2161 3959 itaque
2213 3865 2427 3938 multi
2489 3865 2709 3954 vitae,
2767 3875 2943 3957 quos
3005 3865 3122 3938 vel
3183 3861 3464 3958 gladius

372 3986 487 4058 vel
541 3986 801 4058 fluvius
858 3986 1072 4074 Nida,
1131 3987 1206 4058 in
1262 4009 1397 4079 quo
1450 3987 1848 4083 glomerati,
1878 3985 2422 4074 suffocabantur,
2477 4005 2617 4059 non
2672 3985 3156 4077 absumpserat
3183 3983 3272 4074 ⁵).
3328 3979 3461 4058 De-

372 4105 535 4177 inde
587 4107 815 4177 locato
866 4111 1111 4178 contra
1164 4106 1368 4179 illum
1424 4107 1714 4196 iudicio,
1792 4107 2076 4199 querela
2146 4107 2232 4180 de
2289 4104 2438 4179 suis
2511 4106 2868 4179 forefactis
2923 4125 3049 4198 per
3103 4103 3462 4178 Warsium

374 4225 457 4295 de
512 4224 782 4296 Ostrow
836 4225 1296 4297 castellanum
1348 4225 1847 4300 Lublinensem
1900 4226 2337 4318 proponitur,
2393 4225 2582 4298 trina
2617 4225 2980 4298 vocatione
3033 4223 3261 4298 adhuc
3311 4220 3462 4316 pal-

374 4343 609 4434 pitans
664 4344 946 4432 citatur,
1015 4344 1264 4417 deinde
1320 4346 1669 4418 sententia
1730 4347 2101 4434 baronum,
2170 4345 2292 4418 sed
2349 4349 2418 4418 et
2445 4345 2510 4434 θ)
2567 4347 2680 4418 301
2737 4345 2958 4419 soceri
3013 4341 3464 4435 Dobrogostii

375 4464 459 4536 de
498 4463 933 4535 Schamotuli
971 4465 1339 4537 castellani
1375 4465 1899 4554 Posnaniensis‚
1954 4466 2157 4538 001113
2197 4465 2415 4538 filiam
2453 4465 2756 4538 habebat
2790 4465 2866 4538 111
2900 4483 3226 4552 uxorem,
3267 4463 3466 4534 velut

376 4583 601 4656 hostis
654 4583 923 4674 patriae
978 4585 1496 4657 condemnatur.
1572 4586 1818 4657 Funus
1884 4584 2083 4658 illius
2148 4585 2384 4657 triduo
2452 4585 2771 4658 omnibus
2829 4583 3208 4676 spoliatum
3263 4587 3463 4675 tegu—

379 4703 666 4790 mentis,
724 4702 797 4774 in
850 4723 929 4775 eo
986 4704 1169 4790 1000,
1228 4703 1303 4775 10
1340 4725 1479 4796 quo
1532 4704 1805 4778 0001303
1843 4710 1983 4794 031,
2040 4705 2344 4792 iacebat,
2403 4704 2618 4778 donec
2672 4701 2998 4776 mandato
3036 4701 3252 4796 Regis
3297 4721 3459 4774 con-

380 4822 550 4894 sorti
607 4843 770 4894 suae
828 4823 1168 4910 Beatrici,
1226 4823 1408 4894 illud
1463 4824 1747 4896 fletibus
1802 4824 1966 4898 dare
2006 4825 2144 4898 sibi
2197 4824 2632 4917 deprecanti,
2688 4823 3040 4896 redditum
3079 4829 3222 4910 est,
3280 4821 3466 4913 quod

378 4943 450 5013 111
504 4940 891 5033 parochiali
946 4941 1240 5016 ecclesia
1313 4944 1387 5016 in
1440 4945 1713 5036 Pyasek
1780 4946 2147 5036 sepulchro
2225 4944 2558 5018 condidit.
2641 4944 2854 5017 Iussu
2909 4943 3197 5036 insuper
3248 4940 3466 5034 Regis

381 5063 600 5134 altera
654 5062 769 5134 die
822 5075 1085 5152 castra,
1142 5084 1319 5157 quae
1357 5068 1554 5138 erant
1592 5064 1665 5136 in
1704 5063 1855 5138 eius
1892 5069 2167 5152 tenuta,
2225 5062 2560 5138 Melsthin
2611 5071 2685 5136 et
2721 5063 3108 5156 Rapsthin,
3166 5061 3461 5136 circum-

593 5337 639 5417 ¹)
680 5337 867 5399 fuisse
914 5333 1065 5400 Cod.
1098 5335 1274 5400 Kost.
1325 5333 1375 5420 ²)
1423 5337 1717 5400 occideret
1770 5335 1921 5404 cod.
1955 5335 2129 5401 Kost.
2179 5335 2234 5418 ⁸)
2279 5337 2532 5416 erigeret
2574 5333 2731 5402 cod.
2763 5331 2940 5402 Kost.
2987 5335 3042 5419 5)
3085 5338 3469 5418 sequutunm

383 5441 605 5507 cladem
652 5437 805 5507 Cod.
850 5438 1028 5503 Kost.
1078 5439 1129 5524 ⁶)
1178 5460 1295 5503 non
1339 5442 1685 5520 absumpsit.
1734 5435 1886 5505 Cod.
1933 5437 2108 5504 Kost.
2157 5438 2211 5522 ⁸)
2259 5442 2436 5503 etiam
2485 5437 2636 5506 Cod.
2683 5439 2862 5506 Kost.
