4342 6384
330 558 467 659 (A.
507 558 597 635 D.
638 558 891 659 1434.)
1502 583 1729 641 nuum
1780 581 2241 636 nnn-scmus.
3281 562 3427 639 553

332 786 607 859 quoque
662 786 872 837 causa
927 770 997 838 et
1046 772 1407 857 respectus
1462 766 1851 839 cruciferos
1906 767 1991 839 de
2044 766 2339 840 Prussia
2385 765 2754 838 convenire
2791 787 2946 837 cum
3001 765 3428 839 consiliariis

331 886 669 964 Poloniae
727 886 1173 978 prohibebat:
1240 892 1393 964 tum
1458 886 1643 978 qnod
1707 886 1878 963 belli
1941 886 2129 977 gesti
2195 886 2268 967 iu
2333 886 2754 977 Samagittia
2816 887 3430 977 praestolabantur

332 1010 690 1094 eventum,
730 1012 880 1078 tum
911 1006 1094 1097 quod
1131 1007 1543 1096 reprehendi
1572 1027 1646 1079 se
1676 1010 1746 1079 et
1774 1006 1966 1096 carpi
1997 1007 2051 1093 ι)
2089 1006 2174 1078 de
2213 1007 2432 1078 fracta
2467 1005 2802 1079 rebantur
2837 1007 2996 1078 fide.
3039 1005 3424 1097 Siquando

332 1148 495 1199 vero
549 1125 824 1199 nuntiis
880 1146 1116 1203 eorum
1170 1125 1341 1203 haec
1396 1125 1856 1199 obiiciebatur
1909 1126 2153 1198 dolosa
2208 1124 2567 1213 vafricieS,
2623 1125 3167 1216 respondebant,
3207 1147 3284 1197 se
3320 1125 3427 1197 in-

332 1245 533 1319 iussu
588 1267 713 1320 sno
769 1245 1033 1319 bellum
1081 1244 1450 1321 Livonitas
1487 1245 1979 1337 assumpsisse.
2036 1244 2298 1318 Verum
2337 1245 2640 1318 clemens
2671 1243 2734 1333 2)
2791 1248 2860 1317 et
2895 1246 3247 1337 propitius
3289 1246 3426 1317 Do-

332 1365 596 1453 minuS,
653 1371 1017 1457 ruptorum
1074 1365 1422 1439 foederum
1479 1365 1671 1437 ultor
1698 1362 1784 1454 3),
1840 1364 2131 1456 gloriari
2185 1363 2552 1437 Livonitas
2609 1364 2682 1437 in
2739 1385 2869 1439 sua
2920 1365 3237 1455 potentia
3289 1386 3428 1437 non

333 1485 675 1579 permisit.
731 1486 914 1559 Dum
970 1484 1348 1577 siquidem,
1406 1484 1651 1557 multis
1688 1484 1863 1557 locis
1902 1483 2362 1574 Samagittiae
2400 1484 2860 1574 pervastatis,
2917 1484 3265 1575 quandam
3303 1484 3427 1555 sil-

336 1626 527 1693 vam,
586 1605 963 1679 securitate
995 1605 1057 1695 ⁴)
1114 1605 1307 1692 freti,
1367 1604 1667 1697 ingressi
1724 1604 2055 1691 fuissent,
2109 1604 2544 1696 Samagittae
2581 1604 2736 1695 (qui
2774 1607 2964 1681 metu
3001 1624 3270 1692 eorum,
3328 1605 3428 1677 la·

334 1726 529 1801 ribus
583 1725 888 1813 relictiS,
945 1726 1020 1797 in
1076 1725 1415 1813 saltibus,
1472 1725 1859 1816 lustrisque
1898 1745 1973 1796 se
2010 1722 2454 1813 abdiderant)
2519 1723 2860 1815 optimum
2927 1728 3203 1815 tempus
3267 1724 3430 1811 rati,

336 1866 469 1941 qno
524 1843 847 1917 hostibus
904 1844 1303 1937 superiores
1360 1849 1627 1932 essent,
1686 1844 1915 1918 cincto
1970 1844 2286 1919 exercitu
2323 1843 2570 1940 hostili
2609 1852 2890 1932 corona,
2945 1844 3194 1919 robora
3230 1843 3426 1915 arbo-

334 1985 521 2050 rum,
580 1969 843 2057 quanta
896 1965 1270 2037 velocitate
1322 1969 1652 2056 possunt,
1720 1964 2071 2051 incidunt,
2140 1968 2211 2039 et
2265 1962 2632 2035 Livonitas
2697 1963 3042 2051 inclusoS,
3113 1964 3432 2055 despera-

338 2084 525 2161 tione
590 2089 903 2162 extrema
955 2089 1027 2159 et
1078 2084 1473 2158 missilibus
1539 2084 2025 2177 frequentibus
2052 2083 2139 2172 5),
2197 2082 2338 2155 tuti
2400 2081 2540 2174 ipsi
2595 2104 2638 2158 a
2691 2082 3008 2175 quolibet
3070 2084 3250 2170 ictu,
3323 2102 3430 2156 sa·

336 2204 609 2295 pientes
663 2205 1007 2293 lacerant,
1065 2205 1422 2293 occidunt,
1481 2208 1551 2277 et
1604 2205 1692 2277 ad
1748 2203 2171 2277 deditionem
2229 2202 2744 2295 compellendo,
2801 2202 2933 2275 sub
2989 2202 3230 2295 iugum
3269 2201 3427 2273 mit-

336 2328 519 2397 tunt.
578 2325 807 2398 Multa
858 2325 1089 2401 millia
1141 2324 1501 2398 hominnm
1556 2323 1710 2397 illic
1765 2325 1879 2397 vel
1933 2323 2195 2411 occisa,
2253 2323 2368 2395 vel
2405 2326 2612 2414 capta
2648 2326 2837 2395 sunt.
2896 2322 3164 2395 Praeda
3205 2321 3431 2395 omnis

340 2444 752 2537 Samagittis
788 2445 1029 2533 cessit,
1072 2444 1305 2537 signa,
1353 2443 1821 2535 banderiaque
1857 2440 2169 2519 hostium
2208 2446 2474 2534 septem
2512 2446 2716 2533 capta
2755 2446 2825 2515 et
2862 2441 2936 2515 in
2973 2440 3336 2515 ecclesiam
3367 2441 3430 2529 θ)

339 2564 581 2638 Sancti
636 2564 977 2637 Stanislai
1030 2563 1312 2637 Vilnam
1365 2564 1591 2641 relata
1620 2565 1703 2652 ⁷).
1779 2564 2025 2636 Clades
2090 2564 2260 2635 haec
2313 2562 2700 2635 cruciferos
2754 2560 2840 2635 de
2893 2560 3185 2635 Prussia
3237 2580 3429 2635 man-

339 2684 681 2759 suetiores
736 2683 924 2757 fecit.
983 2683 1419 2776 Quapropter
1468 2684 1683 2757 misso
1730 2704 1954 2775 usque
1991 2683 2064 2755 in
2102 2683 2438 2755 Brzescze
2475 2680 2821 2754 Wolffone
2857 2681 2944 2755 de
2981 2680 3338 2753 Sanschen
3367 2678 3432 2765 ⁸)

338 2804 907 2877 Commendatore
961 2803 1453 2889 Osterodense,
1512 2808 1891 2876 tractatum
1944 2822 2069 2893 pro
2124 2800 2572 2875 conclusione
2617 2800 2812 2891 pacis
2848 2806 3255 2891 perpetuae,
3311 2818 3430 2871 cu-

338 2923 449 2996 ius
504 2944 750 3014 parum
805 2927 1011 2995 antea
1066 2922 1383 2995 fastidire
1438 2942 1513 2995 se
1542 2922 1604 3011 ⁹)
1661 2920 2238 2995 demonstrabant
2304 2920 2758 3006 mentionem,
2825 2919 2898 2991 in
2953 2918 3134 2994 diem
3192 2917 3433 2989 Sancti

340 3042 655 3117 Floriani
710 3042 877 3115 anni
934 3040 1189 3129 futuri,
1244 3041 1317 3115 in
1372 3042 1627 3135 oppido
1684 3043 2018 3115 Brzescze
2072 3039 2406 3131 protelari
2463 3040 2649 3131 apud
2705 3038 3038 3111 Poloniae
3101 3036 3430 3109 consilia-

334 3163 513 3251 rios,
570 3162 691 3255 qui
729 3162 867 3235 iam
906 3167 975 3234 et
1021 3167 1171 3235 tum
1209 3161 1469 3235 dudum
1508 3164 1597 3251 ¹⁰)
1652 3161 1740 3235 ad
1776 3181 2017 3254 pacem
2054 3159 2326 3233 animos
2365 3140 2912 3245 inclinaverant,
2953 3156 3431 3231 obtinuerunt.

650 3515 1041 3592 vladislaus
1084 3515 1166 3587 do
1212 3516 1477 3605 θρα-ον
1519 3515 1588 3587 in
1632 3514 2232 3587 wladislaviensem
2278 3513 2644 3606 episcopum
2687 3512 3127 3586 consecratur.

549 3761 977 3836 Gnesnensis
1032 3760 1598 3853 archiepiscopus
1654 3760 1990 3837 Alhertus
2045 3756 2600 3849 Iastrzambyecz
2657 3777 2746 3829 ex
2801 3757 3135 3828 Brzescze
3182 3752 3312 3825 sub
3361 3752 3434 3825 id

338 3886 619 3977 tempus
674 3880 1075 3956 Lanciciam
1128 3881 1585 3967 descendens,
1652 3878 2123 3952 Wladislaum
2194 3879 2280 3950 de
2343 3876 2632 3969 Oporow
2689 3876 2762 3950 in
2816 3873 3237 3949 monasterio
3295 3874 3430 3945 fra-

339 4006 527 4075 trum
580 4000 1181 4088 Praedicatorum‚
1236 3998 1737 4073 assistentibus
1788 3998 1935 4088 illi,
1994 3997 2294 4091 Sbigneo
2351 3994 2822 4082 cracoviensi,
2881 3994 3192 4069 Iohanne
3232 3993 3431 4065 chel-

339 4120 597 4208 mensi,
654 4120 1031 4213 episcopie,
1089 4120 1162 4193 in
1217 4120 1881 4194 wladislaviensem
1920 4120 2324 4212 episcopum
2361 4120 2720 4190 consecrat
2765 4115 2878 4187 die
2925 4115 3116 4187 Solis
3169 4112 3438 4187 decima

340 4261 527 4313 nona
564 4241 653 4329 ¹¹)
710 4240 971 4314 mensis
1027 4239 1481 4331 Septembris·

559 4567 604 4645 ¹)
646 4564 1165 4643 reprehendendos
1210 4568 1269 4625 et
1313 4562 1643 4639 carpendos
1686 4578 1751 4621 se
1796 4578 1930 4621 esse
1987 4556 2114 4623 Ed.
2161 4556 2343 4641 Lips.
2408 4556 2460 4636 ⁹)
2507 4558 2650 4633 quia
2707 4557 2966 4619 clemens
3033 4551 3188 4616 cod.
3246 4550 3437 4615 Rozr.

339 4668 402 4745 ⁸)
444 4670 749 4729 consuevit
792 4686 926 4729 esse
969 4668 1151 4745 ulter,
1196 4666 1331 4726 ideo
1381 4660 1534 4727 cod.
1576 4660 1770 4725 Rozr.
1835 4660 1887 4742 ⁴)
1948 4663 2023 4723 de
2082 4662 2402 4723 securitate
2463 4655 2615 4721 0001.
2677 4655 2869 4720 Roaer.
2933 4655 2987 4736 ⁵)
3031 4656 3437 4732 frequentibus

336 4771 625 4849 sepiendo
680 4768 835 4832 eod.
882 4766 1077 4831 Rozr.
1126 4765 1178 4847 Β)
1225 4770 1285 4827 in
1331 4767 1727 4828 cathedralem
1772 4765 2081 4825 ecclesiam
2125 4764 2470 4824 Vilnensem
2503 4756 2657 4824 cod.
2704 4756 2896 4823 Roma
2945 4758 2998 4839 ¹¹)
3029 4758 3247 4819 delata.
3283 4752 3436 4819 cod.

342 4872 538 4937 Rozr.
604 4873 657 4953 ⁸)
704 4874 779 4934 de
822 4872 1200 4933 Schauschen
1266 4866 1421 4931 Cod.
1480 4867 1673 4931 Rozr.
1734 4866 1835 4945 (de
1879 4866 2234 4945 Sansheim).
2297 4864 2351 4944 ⁹)
2397 4866 2666 4926 fastidire
2709 4881 2776 4924 se
2819 4864 2996 4923 etiam
3045 4858 3197 4925 Cod.
3245 4858 3438 4922 Rozr.

350 4975 435 5055 ¹⁰)
478 4982 539 5036 et
579 4982 701 5037 tum
746 4981 808 5037 et
850 4975 1069 5036 dudum
1114 4978 1251 5035 ante
1300 4969 1451 5036 Cod.
1497 4969 1689 5034 Rozr.
1748 4970 1766 5006 ¹
1780 4968 1825 5049 ¹)
1870 4970 2099 5030 decima
2143 4974 2354 5029 octava
2401 4962 2552 5030 cod.
2597 4963 2790 5027 Rozr.

396 5610 444 5655 J.
472 5608 658 5663 munos.
684 5610 859 5653 mator.
887 5610 1046 5651 Polou.
1072 5608 1123 5649 '1'-
1152 5605 1232 5655 IV.
1750 5618 1755 5621 ·
3028 5577 3098 5643 70
