4342 6384
1210 483 1361 558 438
2385 505 2613 560 mann
2664 505 3124 560 mmscmus.
3765 478 3910 577 (Α.
3958 477 4059 550 D.
4104 470 4342 571 1431.)

1212 711 1486 785 quoque
1542 691 1819 765 novitas
1875 713 2036 763 mox
2093 696 2163 765 et
2218 693 2540 765 celeriter
2592 694 2841 781 allata,
2899 691 3279 783 Sbigneum
3335 689 3736 783 episcopum
3776 682 4335 759 cracoviensem

1212 811 1404 884 illico
1460 811 1832 884 commovit
1888 816 1959 885 et
2013 813 2159 883 zelo
2216 812 2567 900 accendit,
2624 834 2711 885 ne
2763 817 2907 884 tam
2962 810 3402 883 manifest-am
3456 807 3788 883 iniuriam
3848 811 3922 878 et
3987 803 4332 876 offensam

1209 931 1339 1004 Dei
1395 931 1654 1030 sineret
1721 952 1874 1003 esse
1936 931 2261 1004 inultam.
2343 933 2596 1023 Itaque
2660 933 2896 1005 eadem
2961 931 3072 1003 die
3138 937 3208 1004 et
3260 935 3491 1017 nocte,
3562 950 3697 1023 qua
3753 929 3934 998 haec
4009 923 4163 996 sibi
4218 923 4331 993 de·

1205 1051 1530 1123 nuntiata
1585 1054 1783 1138 sunt,
1841 1056 1991 1123 tum
2051 1072 2138 1123 ex
2178 1052 2513 1124 fratribus
2570 1057 2639 1125 et
2693 1051 2971 1140 amiciS,
3028 1056 3176 1123 tum
3234 1071 3321 1123 ex
3361 1048 3865 1135 familiaribuS,
3926 1044 4332 1116 notabilem

1204 1170 1491 1263 collegit
1548 1170 1966 1258 exercitum,
2025 1192 2233 1262 quem
2290 1171 2502 1245 etiam
2558 1171 2810 1244 civitas
2866 1170 3341 1245 cracoviensis
3397 1191 3521 1261 per
3557 1189 3719 1241 suas
3767 1171 4037 1260 gentes
4095 1162 4327 1235 anxit.

1205 1288 1541 1381 Sequenti
1596 1290 1707 1363 die
1764 1293 1942 1363 facto
1997 1291 2323 1382 prandi0,
2382 1292 2712 1365 cracovia
2766 1312 3123 1384 egressus,
3190 1313 3345 1362 cum
3402 1288 3710 1363 exercitu
3768 1288 3955 1359 bene
4019 1282 4332 1355 notabili

1204 1414 1275 1482 et
1328 1410 1633 1501 potenti,
1690 1415 2133 1502 praestantes
2171 1412 2466 1483 barones
2505 1416 2575 1484 et
2611 1412 2878 1484 milites
2914 1411 3247 1483 Poloniae
3285 1410 3714 1495 continente,
3774 1407 3853 1478 in
3896 1405 4330 1496 Lipowyeez

1202 1529 1565 1620 pervenit,
1640 1531 1884 1602 volens
1948 1531 2282 1622 praefatis
2359 1532 2685 1624 gentibus
2758 1531 2974 1603 Ducis
3044 1529 3517 1622 Sigismundi,
3592 1527 3820 1620 spolia
3898 1523 4333 1597 monasterii

1200 1649 1544 1721 Lechnicz
1585 1650 1637 1740 ¹)
1677 1650 2094 1739 ferentibuS,
2157 1671 2549 1738 occurrere,
2608 1656 2677 1724 et
2716 1656 2856 1723 tam
2898 1650 3124 1742 spolia
3162 1653 3374 1736 faeta,
3415 1669 3621 1740 quam
3659 1647 3991 1719 Priorem
4037 1651 4332 1736 captum

1203 1768 1522 1842 liberare.
1602 1770 1737 1843 Sed
1801 1771 1995 1843 illico
2059 1772 2145 1844 ab
2212 1771 2773 1863 exploratoribus
2836 1769 3228 1863 cognoscit,
3304 1769 3686 1861 praedones
3753 1764 4202 1837 huiusmodi
4263 1772 4330 1835 et

1202 1888 1439 1960 divino
1496 1893 1567 1961 et
1621 1891 1926 1962 humano
1991 1891 2401 1982 perterritos
2464 1897 2759 1978 terrore,
2827 1891 3064 1963 eadem
3129 1890 3240 1961 die
3303 1889 3387 1961 de
3440 1908 3654 1980 prope
3717 1892 4055 1959 castrum
4114 1884 4331 1974 Lipo·

1203 2028 1426 2099 wyecz
1483 2009 1673 2081 visos
1731 2014 1800 2082 et
1853 2016 2406 2102 praetergressos
2462 2031 2646 2098 esse,
2704 2015 2774 2083 et
2829 2010 2902 2082 in
2958 2008 3381 2101 fugientium
3445 2029 3700 2082 morem
3756 2007 3969 2078 nullo
4036 2006 4120 2077 in
4181 2005 4332 2076 loco

1202 2127 1585 2202 consistere
1641 2150 1879 2216 aUSOS,
1936 2129 2011 2201 in
2068 2129 2398 2202 Gliwicze
2453 2128 2678 2202 veloci
2732 2149 2941 2201 cursu
2996 2149 3384 2220 properare.
3464 2128 3611 2219 Quo
3666 2126 3993 2219 cognito,
4062 2122 4330 2216 aliqui·

1199 2246 1334 2319 bus
1391 2268 1658 2335 eorum,
1726 2248 1847 2340 qui
1912 2248 2246 2341 consequi
2308 2270 2551 2340 agmen
2630 2248 3048 2339 fugientium
3119 2269 3259 2319 non
3321 2252 3672 2338 poterant,
3748 2244 4326 2336 comprehensiS,

1200 2366 1430 2439 tristis
1486 2368 1887 2441 cracoviam
1941 2368 2182 2457 rediit,
2249 2369 2491 2441 dolens
2558 2389 2632 2441 se
2694 2368 2905 2439 unius
2968 2367 3245 2459 prandii
3311 2366 3539 2459 spatio
3603 2372 3876 2437 tantam
3946 2365 4326 2437 victimam

1198 2508 1234 2559 e
1288 2487 1610 2560 manibus
1668 2488 2058 2577 dimisisse,
2119 2493 2189 2559 et
2244 2488 2573 2560 iniuriam
2630 2488 2760 2561 Dei
2814 2489 3039 2560 ultam
3093 2509 3230 2559 non
3286 2509 3461 2561 esse.
3529 2485 3639 2558 Ab
3695 2507 3772 2558 eo
3830 2490 4088 2557 autem
4149 2491 4325 2556 tem·

1195 2628 1361 2698 pore
1414 2608 1577 2679 Dux
1618 2608 2114 2702 sigismundus
2153 2607 2511 2680 Koributh
2564 2607 2899 2680 hostilem
2954 2608 3263 2679 animum
3319 2613 3557 2679 contra
3596 2605 3992 2696 Sbigneum
4046 2605 4321 2695 episco-

1195 2747 1365 2817 pum
1420 2728 1852 2819 concipienS,
1911 2748 2159 2821 magno
2214 2732 2415 2799 aestu
2469 2726 2908 2800 desiderabat
2963 2726 3100 2799 sibi
3132 2725 3196 2815 2)
3262 2733 3332 2799 et
3386 2727 3631 2800 mortis
3696 2730 3765 2798 et
3820 2724 4320 2815 quorumlibet

1197 2846 1482 2920 tendere
1511 2844 1572 2935 ²³)
1647 2847 1943 2920 insidias
2004 2847 2498 2938 periculorum.
2582 2847 2675 2919 Et
2747 2846 2917 2918 licet
2987 2846 3369 2937 praedones
3438 2845 3737 2937 praefati
3808 2844 4165 2934 praedam
4249 2844 4316 2914 in

1198 2965 1619 3037 monasterio
1675 2966 2031 3057 praedicto
2071 2971 2381 3058 captam,
2421 2967 2495 3039 in
2533 2967 2861 3040 Gliwicze
2907 2966 3360 3040 detulissent:
3418 2965 3729 3037 vindicta
3764 2969 4011 3036 tamen
4072 2963 4319 3035 divina

1200 3083 1365 3156 illos
1420 3088 1490 3157 et
1542 3085 1820 3176 publice
1876 3090 1947 3159 et
1983 3086 2314 3176 privatim
2372 3092 2613 3159 secuta
2648 3091 2788 3175 est,
2848 3106 2974 3159 nec
3011 3086 3270 3178 aliquis
3326 3086 3609 3159 illorum
3666 3084 3941 3157 foedam
4003 3089 4084 3156 et
4124 3083 4311 3155 subi·

1197 3206 1474 3275 taneam
1531 3209 1817 3277 mortem
1877 3206 2126 3278 evasit.

1195 3563 1504 3636 Doctores
1548 3566 2015 3639 universitatis
2061 3568 2506 3640 cracoviensis
2550 3585 2763 3640 coram
2804 3569 2978 3657 nego
3025 3571 3095 3639 et
3125 3569 3369 3640 Senatu
3415 3567 3760 3656 disputant
3805 3583 3953 3637 cum
3986 3567 4305 3651 nononis,

2169 3688 2280 3778 qui
2325 3687 2557 3760 deinde
2603 3690 2907 3760 cracovia
2956 3689 3319 3760 eiiciantur.

1405 3924 1514 3994 Ex
1579 3924 1784 3996 Nova
1847 3924 2149 3998 civitate
2214 3926 2518 3998 Korczin
2590 3927 3024 3998 Wladislaus
3099 3927 3252 3999 Rex
3284 3928 3345 4013 4)
3419 3946 3543 4016 pro
3609 3924 3983 3997 Dominica
4059 3925 4305 3997 Indica

1198 4040 1628 4130 cracoviam,
1686 4044 2007 4134 pluribus
2062 4045 2410 4117 Praelatis
2468 4050 2539 4117 et
2573 4045 2951 4118 baronibus
3005 4045 3637 4118 concomitantibus
3684 4045 3928 4131 illum,
3990 4045 4303 4126 advenit,

1196 4164 1268 4233 et
1322 4181 1458 4252 quo
1516 4161 1652 4231 iam
1711 4163 1839 4233 sub
1894 4163 2086 4254 regio
2142 4165 2489 4237 conductu
2545 4167 2706 4236 Dux
2757 4164 3251 4256 sigismundus
3307 4165 3663 4237 Koributh
3718 4169 3789 4236 et
3828 4164 4305 4236 Bohemorum

1194 4278 1702 4352 haereticorum
1733 4279 1795 4367 ⁵)
1849 4282 2414 4373 principalioreS,
2478 4284 2813 4356 videlicet
2870 4284 3255 4374 Procopius
3329 4289 3650 4375 apostata
3724 4283 3999 4355 ordinis
4081 4284 4302 4355 Mino-

1193 4419 1383 4485 rum‚
1442 4399 1697 4470 Petrus
1753 4399 2132 4490 Anglicus,
2200 4402 2640 4494 Byedrzych,
2700 4403 3125 4474 Wilhelmus
3191 4404 3470 4475 Kostka
3531 4408 3602 4474 et
3656 4403 3900 4493 plures
3958 4403 4091 4475 alii
4148 4426 4305 4476 con·

1197 4523 1556 4591 venerant.
1633 4517 1721 4589 In
1774 4521 2172 4608 praesentia
2236 4527 2467 4593 autem
2525 4521 2902 4593 Wladislai
2965 4522 3214 4613 RegiS‚
3281 4523 3767 4593 Praelatorum
3835 4528 3911 4595 et
3965 4524 4304 4595 baronum

1194 4637 1562 4726 Poloniae‚
1620 4637 2006 4727 disputatio
2072 4640 2144 4710 in
2200 4644 2426 4711 castro
2483 4639 2953 4727 Cracoviensi,
3020 4642 3091 4712 in
3150 4640 3358 4713 stuba
3421 4662 3672 4733 magna
3728 4649 4018 4714 murata
4047 4645 4140 4732 ⁶),
4206 4665 4303 4716 re·

1197 4756 1537 4847 spiciente
1599 4756 1927 4827 fenestris
1991 4755 2230 4829 domos
2294 4757 2821 4842 canonicorum,
2895 4781 3019 4850 per
3082 4762 3417 4834 Doctores
3474 4761 4000 4834 Universitatis
4069 4764 4304 4836 Cracc-

1192 4875 1460 4948 viensis
1532 4895 1690 4947 cum
1756 4875 2087 4947 Bohemis
2159 4876 2563 4965 haereticiS‚
2642 4879 2813 4950 feria
2885 4879 3188 4951 secunda
3263 4880 3336 4951 in
3408 4880 3715 4952 crastino
3793 4882 4303 4971 Dominicae⁷)

1409 5159 1455 5237 ι)
1499 5162 1836 5222 Lechnicza
1882 5157 2034 5223 Cod.
2082 5159 2274 5223 Rozr.
2345 5162 2393 5240 2)
2441 5164 2494 5223 ei
2545 5159 2696 5224 Cod.
2730 5162 2919 5227 Rozr.
2989 5164 3047 5245 ³)
3090 5168 3398 5227 intendere
3446 5163 3599 5228 Cod.
3652 5164 3856 5230 Rozr.
3928 5168 3987 5249 ⁴)
4036 5175 4307 5234 Poloniae

1192 5263 1320 5321 Rex
1367 5257 1519 5323 0οᾶ.
1569 5260 1758 5323 Rozr.
1820 5260 1870 5342 ⁵>
1918 5282 1989 5322 ac
2031 5263 2457 5323 haereticorum
2506 5259 2656 5326 Cod.
2716 5263 2906 5328 Rozr.
2971 5265 3023 5346 ⁶)
3070 5270 3129 5327 in
3174 5269 3543 5345 hypocausto
3589 5288 3813 5349 magno
3866 5283 4120 5339 murato
4170 5272 4306 5338 Cod.

1195 5359 1388 5425 Rozr.
1439 5361 1490 5442 ⁷)
1536 5364 1883 5425 Dominicac
1927 5362 2097 5428 deest
2139 5364 2214 5425 in
2262 5360 2411 5429 Cod.
2455 5363 2631 5428 Galv.
