<?xml version="1.0" encoding="UTF-8"?>
<!DOCTYPE html PUBLIC "-//W3C//DTD XHTML 1.0 Transitional//EN"
    "http://www.w3.org/TR/xhtml1/DTD/xhtml1-transitional.dtd">
<html xmlns="http://www.w3.org/1999/xhtml" xml:lang="en" lang="en">
 <head>
  <title>
</title>
<meta http-equiv="Content-Type" content="text/html;charset=utf-8" />
  <meta name='ocr-system' content='tesseract 3.04.00' />
  <meta name='ocr-capabilities' content='ocr_page ocr_carea ocr_par ocr_line ocrx_word'/>
</head>
<body>
  <div class='ocr_page' id='page_1' title='image "./dzieawszystkie00unkngoog_0043.png"; bbox 0 0 4342 6384; ppageno 0'>
   <div class='ocr_carea' id='block_1_1' title="bbox 83 4390 98 4451">
    <p class='ocr_par' dir='ltr' id='par_1_1' title="bbox 83 4390 98 4451">
     <span class='ocr_line' id='line_1_1' title="bbox 83 4390 98 4451; baseline 0 0"><span class='ocrx_word' id='word_1_1' title='bbox 83 4390 98 4451; x_wconf 74' lang='lat' dir='ltr'><strong>i.</strong></span> 
     </span>
    </p>
   </div>
   <div class='ocr_carea' id='block_1_2' title="bbox 0 5740 262 6342">
    <p class='ocr_par' dir='ltr' id='par_1_2' title="bbox 0 5740 262 6342">
     <span class='ocr_line' id='line_1_2' title="bbox 0 5740 262 6342; baseline 0 42"><span class='ocrx_word' id='word_1_2' title='bbox 0 5740 262 6342; x_wconf 95' lang='lat' dir='ltr'><strong> </strong></span> 
     </span>
    </p>
   </div>
   <div class='ocr_carea' id='block_1_3' title="bbox 893 537 4017 643">
    <p class='ocr_par' dir='ltr' id='par_1_3' title="bbox 893 537 4017 643">
     <span class='ocr_line' id='line_1_3' title="bbox 893 537 4017 643; baseline 0.001 -30"><span class='ocrx_word' id='word_1_3' title='bbox 893 542 994 613; x_wconf 82' lang='lat'><strong>32</strong></span> <span class='ocrx_word' id='word_1_4' title='bbox 2071 566 2299 619; x_wconf 71' lang='lat' dir='ltr'><strong>mnu</strong></span> <span class='ocrx_word' id='word_1_5' title='bbox 2350 568 2809 621; x_wconf 70' lang='lat' dir='ltr'><strong>trxntcnoes.</strong></span> <span class='ocrx_word' id='word_1_6' title='bbox 3446 543 3585 643; x_wconf 84' lang='grc' dir='ltr'><strong>(Α.</strong></span> <span class='ocrx_word' id='word_1_7' title='bbox 3620 542 3715 617; x_wconf 80' lang='grc' dir='ltr'><strong>Ι).</strong></span> <span class='ocrx_word' id='word_1_8' title='bbox 3752 537 4017 637; x_wconf 90' lang='grc'><strong>1410.)</strong></span> 
     </span>
    </p>
   </div>
   <div class='ocr_carea' id='block_1_4' title="bbox 885 746 4012 3225">
    <p class='ocr_par' dir='ltr' id='par_1_4' title="bbox 885 746 4012 3225">
     <span class='ocr_line' id='line_1_4' title="bbox 889 746 4012 844; baseline 0.001 -25"><span class='ocrx_word' id='word_1_9' title='bbox 889 764 960 819; x_wconf 85' lang='lat' dir='ltr'><strong>et</strong></span> <span class='ocrx_word' id='word_1_10' title='bbox 1017 748 1504 838; x_wconf 70' lang='lat' dir='ltr'><strong>frementibus</strong></span> <span class='ocrx_word' id='word_1_11' title='bbox 1565 748 1800 820; x_wconf 86' lang='lat' dir='ltr'><strong>literis</strong></span> <span class='ocrx_word' id='word_1_12' title='bbox 1867 764 2080 841; x_wconf 87' lang='lat' dir='ltr'><strong>atque</strong></span> <span class='ocrx_word' id='word_1_13' title='bbox 2141 752 2449 839; x_wconf 86' lang='lat' dir='ltr'><strong>nuntiis</strong></span> <span class='ocrx_word' id='word_1_14' title='bbox 2520 763 2871 844; x_wconf 86' lang='lat' dir='ltr'><strong>quatenus</strong></span> <span class='ocrx_word' id='word_1_15' title='bbox 2932 752 3233 825; x_wconf 80' lang='lat' dir='ltr'><strong>celerius</strong></span> <span class='ocrx_word' id='word_1_16' title='bbox 3302 750 3545 823; x_wconf 68' lang='lat' dir='ltr'><strong>venire</strong></span> <span class='ocrx_word' id='word_1_17' title='bbox 3612 763 3687 821; x_wconf 89' lang='lat' dir='ltr'><strong>et</strong></span> <span class='ocrx_word' id='word_1_18' title='bbox 3756 746 4012 840; x_wconf 80' lang='lat' dir='ltr'>Regni</span> 
     </span>
     <span class='ocr_line' id='line_1_5' title="bbox 889 866 4005 963; baseline 0 -26"><span class='ocrx_word' id='word_1_19' title='bbox 889 868 1292 959; x_wconf 81' lang='lat' dir='ltr'><strong>Hungariae</strong></span> <span class='ocrx_word' id='word_1_20' title='bbox 1343 881 1704 961; x_wconf 84' lang='lat' dir='ltr'><strong>acceptare</strong></span> <span class='ocrx_word' id='word_1_21' title='bbox 1753 870 2068 961; x_wconf 86' lang='lat' dir='ltr'><strong>regimen</strong></span> <span class='ocrx_word' id='word_1_22' title='bbox 2117 870 2591 963; x_wconf 86' lang='lat' dir='ltr'><strong>dignaremur,</strong></span> <span class='ocrx_word' id='word_1_23' title='bbox 2646 894 2775 944; x_wconf 90' lang='lat' dir='ltr'><strong>nos</strong></span> <span class='ocrx_word' id='word_1_24' title='bbox 2820 871 3295 963; x_wconf 81' lang='lat' dir='ltr'>impetissent:</span> <span class='ocrx_word' id='word_1_25' title='bbox 3348 892 3479 943; x_wconf 86' lang='lat' dir='ltr'><strong>nos</strong></span> <span class='ocrx_word' id='word_1_26' title='bbox 3526 870 3723 944; x_wconf 89' lang='lat' dir='ltr'><strong>illico</strong></span> <span class='ocrx_word' id='word_1_27' title='bbox 3774 866 4005 939; x_wconf 89' lang='lat' dir='ltr'><strong>motis</strong></span> 
     </span>
     <span class='ocr_line' id='line_1_6' title="bbox 887 989 4007 1083; baseline -0 -23.999"><span class='ocrx_word' id='word_1_28' title='bbox 887 989 1220 1079; x_wconf 81' lang='lat' dir='ltr'><strong>gentibus</strong></span> <span class='ocrx_word' id='word_1_29' title='bbox 1273 990 1572 1077; x_wconf 77' lang='lat' dir='ltr'><strong>nostriS,</strong></span> <span class='ocrx_word' id='word_1_30' title='bbox 1627 990 2096 1083; x_wconf 77' lang='lat' dir='ltr'><strong>processimus</strong></span> <span class='ocrx_word' id='word_1_31' title='bbox 2151 991 2589 1083; x_wconf 87' lang='lat' dir='ltr'><strong>Hungariam</strong></span> <span class='ocrx_word' id='word_1_32' title='bbox 2628 994 2707 1081; x_wconf 84' lang='lat'><strong>¹),</strong></span> <span class='ocrx_word' id='word_1_33' title='bbox 2764 993 3249 1065; x_wconf 74' lang='lat' dir='ltr'>liberationem</span> <span class='ocrx_word' id='word_1_34' title='bbox 3286 1012 3487 1063; x_wconf 86' lang='lat' dir='ltr'><strong>suam</strong></span> <span class='ocrx_word' id='word_1_35' title='bbox 3538 990 3733 1061; x_wconf 86' lang='lat' dir='ltr'><strong>omni</strong></span> <span class='ocrx_word' id='word_1_36' title='bbox 3784 1006 4007 1079; x_wconf 80' lang='lat' dir='ltr'><strong>posse</strong></span> 
     </span>
     <span class='ocr_line' id='line_1_7' title="bbox 887 1110 3999 1204; baseline -0.001 -25"><span class='ocrx_word' id='word_1_37' title='bbox 887 1124 1128 1180; x_wconf 82' lang='lat' dir='ltr'><strong>nostro</strong></span> <span class='ocrx_word' id='word_1_38' title='bbox 1181 1121 1254 1181; x_wconf 89' lang='lat' dir='ltr'><strong>et</strong></span> <span class='ocrx_word' id='word_1_39' title='bbox 1307 1110 1586 1181; x_wconf 71' lang='lat' dir='ltr'><strong>viribus</strong></span> <span class='ocrx_word' id='word_1_40' title='bbox 1637 1110 1978 1183; x_wconf 72' lang='lat' dir='ltr'><strong>effectui.</strong></span> <span class='ocrx_word' id='word_1_41' title='bbox 2033 1111 2114 1183; x_wconf 87' lang='lat' dir='ltr'><strong>Si</strong></span> <span class='ocrx_word' id='word_1_42' title='bbox 2168 1112 2409 1203; x_wconf 89' lang='lat' dir='ltr'><strong>itaque</strong></span> <span class='ocrx_word' id='word_1_43' title='bbox 2461 1113 2821 1185; x_wconf 82' lang='lat' dir='ltr'><strong>beneficiis</strong></span> <span class='ocrx_word' id='word_1_44' title='bbox 2872 1114 3137 1185; x_wconf 85' lang='lat' dir='ltr'><strong>nostris</strong></span> <span class='ocrx_word' id='word_1_45' title='bbox 3188 1132 3410 1204; x_wconf 89' lang='lat' dir='ltr'><strong>aequa</strong></span> <span class='ocrx_word' id='word_1_46' title='bbox 3447 1111 3651 1182; x_wconf 85' lang='lat' dir='ltr'><strong>lance</strong></span> <span class='ocrx_word' id='word_1_47' title='bbox 3702 1128 3999 1198; x_wconf 83' lang='lat' dir='ltr'><strong>rospon-</strong></span> 
     </span>
     <span class='ocr_line' id='line_1_8' title="bbox 885 1227 4001 1325; baseline -0.001 -27"><span class='ocrx_word' id='word_1_48' title='bbox 885 1229 1040 1315; x_wconf 83' lang='lat' dir='ltr'><strong>det,</strong></span> <span class='ocrx_word' id='word_1_49' title='bbox 1093 1230 1284 1302; x_wconf 89' lang='lat' dir='ltr'><strong>Deus</strong></span> <span class='ocrx_word' id='word_1_50' title='bbox 1337 1230 1524 1303; x_wconf 91' lang='lat' dir='ltr'><strong>inter</strong></span> <span class='ocrx_word' id='word_1_51' title='bbox 1583 1252 1710 1301; x_wconf 91' lang='lat' dir='ltr'><strong>nos</strong></span> <span class='ocrx_word' id='word_1_52' title='bbox 1770 1245 1840 1302; x_wconf 88' lang='lat' dir='ltr'><strong>et</strong></span> <span class='ocrx_word' id='word_1_53' title='bbox 1897 1232 2104 1303; x_wconf 89' lang='lat' dir='ltr'><strong>illum</strong></span> <span class='ocrx_word' id='word_1_54' title='bbox 2169 1232 2544 1310; x_wconf 80' lang='lat' dir='ltr'><strong>diiudicet,</strong></span> <span class='ocrx_word' id='word_1_55' title='bbox 2608 1242 2681 1305; x_wconf 83' lang='lat' dir='ltr'><strong>ot</strong></span> <span class='ocrx_word' id='word_1_56' title='bbox 2732 1234 3113 1325; x_wconf 90' lang='lat' dir='ltr'><strong>unicuique</strong></span> <span class='ocrx_word' id='word_1_57' title='bbox 3176 1240 3495 1303; x_wconf 81' lang='lat' dir='ltr'><strong>nostrum</strong></span> <span class='ocrx_word' id='word_1_58' title='bbox 3558 1250 3689 1321; x_wconf 89' lang='lat' dir='ltr'><strong>pro</strong></span> <span class='ocrx_word' id='word_1_59' title='bbox 3740 1227 4001 1301; x_wconf 85' lang='lat' dir='ltr'><strong>merito</strong></span> 
     </span>
     <span class='ocr_line' id='line_1_9' title="bbox 885 1349 4001 1442; baseline -0.001 -21"><span class='ocrx_word' id='word_1_60' title='bbox 885 1350 1256 1422; x_wconf 84' lang='lat' dir='ltr'><strong>retribuat.</strong></span> <span class='ocrx_word' id='word_1_61' title='bbox 1309 1349 1376 1421; x_wconf 73' lang='lat' dir='ltr'>X</span> <span class='ocrx_word' id='word_1_62' title='bbox 1381 1372 1460 1421; x_wconf 88' lang='lat' dir='ltr'><strong>os</strong></span> <span class='ocrx_word' id='word_1_63' title='bbox 1495 1350 1776 1442; x_wconf 86' lang='lat' dir='ltr'><strong>quidem</strong></span> <span class='ocrx_word' id='word_1_64' title='bbox 1813 1352 1966 1423; x_wconf 89' lang='lat' dir='ltr'><strong>suis</strong></span> <span class='ocrx_word' id='word_1_65' title='bbox 2019 1373 2160 1423; x_wconf 90' lang='lat' dir='ltr'><strong>non</strong></span> <span class='ocrx_word' id='word_1_66' title='bbox 2196 1372 2557 1425; x_wconf 72' lang='lat' dir='ltr'><strong>moremur</strong></span> <span class='ocrx_word' id='word_1_67' title='bbox 2607 1354 2853 1439; x_wconf 76' lang='lat' dir='ltr'><strong>miniS‚</strong></span> <span class='ocrx_word' id='word_1_68' title='bbox 2910 1354 3029 1425; x_wconf 83' lang='lat' dir='ltr'><strong>sed</strong></span> <span class='ocrx_word' id='word_1_69' title='bbox 3084 1374 3295 1425; x_wconf 86' lang='lat' dir='ltr'><strong>causa</strong></span> <span class='ocrx_word' id='word_1_70' title='bbox 3352 1350 3673 1423; x_wconf 76' lang='lat' dir='ltr'><strong>iustitiae</strong></span> <span class='ocrx_word' id='word_1_71' title='bbox 3708 1357 4001 1420; x_wconf 84' lang='lat' dir='ltr'><strong>nostrae</strong></span> 
     </span>
     <span class='ocr_line' id='line_1_10' title="bbox 885 1467 3999 1565; baseline -0.001 -24"><span class='ocrx_word' id='word_1_72' title='bbox 885 1470 1324 1561; x_wconf 74' lang='lat' dir='ltr'><strong>prosecuturi</strong></span> <span class='ocrx_word' id='word_1_73' title='bbox 1375 1492 1832 1563; x_wconf 83' lang='lat' dir='ltr'><strong>exurgemus.</strong></span> <span class='ocrx_word' id='word_1_74' title='bbox 1885 1493 1976 1545; x_wconf 85' lang='lat' dir='ltr'><strong>ex</strong></span> <span class='ocrx_word' id='word_1_75' title='bbox 2029 1494 2168 1564; x_wconf 87' lang='lat' dir='ltr'><strong>quo</strong></span> <span class='ocrx_word' id='word_1_76' title='bbox 2224 1473 2693 1565; x_wconf 78' lang='lat' dir='ltr'>intelligimus</span> <span class='ocrx_word' id='word_1_77' title='bbox 2748 1475 3015 1545; x_wconf 91' lang='lat' dir='ltr'><strong>nullam</strong></span> <span class='ocrx_word' id='word_1_78' title='bbox 3072 1494 3269 1565; x_wconf 90' lang='lat' dir='ltr'><strong>spem</strong></span> <span class='ocrx_word' id='word_1_79' title='bbox 3320 1471 3629 1563; x_wconf 90' lang='lat' dir='ltr'><strong>amplius</strong></span> <span class='ocrx_word' id='word_1_80' title='bbox 3684 1469 3761 1541; x_wconf 92' lang='lat' dir='ltr'><strong>in</strong></span> <span class='ocrx_word' id='word_1_81' title='bbox 3794 1467 3999 1559; x_wconf 83' lang='lat' dir='ltr'><strong>pacis</strong></span> 
     </span>
     <span class='ocr_line' id='line_1_11' title="bbox 889 1588 3999 1685; baseline -0.001 -24"><span class='ocrx_word' id='word_1_82' title='bbox 889 1603 1194 1661; x_wconf 87' lang='lat' dir='ltr'><strong>tractatu</strong></span> <span class='ocrx_word' id='word_1_83' title='bbox 1249 1591 1606 1677; x_wconf 86' lang='lat' dir='ltr'><strong>relictam;</strong></span> <span class='ocrx_word' id='word_1_84' title='bbox 1669 1592 1996 1683; x_wconf 69' lang='lat' dir='ltr'><strong>quamvis</strong></span> <span class='ocrx_word' id='word_1_85' title='bbox 2047 1592 2261 1664; x_wconf 89' lang='lat' dir='ltr'><strong>etiam</strong></span> <span class='ocrx_word' id='word_1_86' title='bbox 2328 1594 2443 1665; x_wconf 92' lang='lat' dir='ltr'><strong>die</strong></span> <span class='ocrx_word' id='word_1_87' title='bbox 2494 1594 2624 1665; x_wconf 84' lang='lat' dir='ltr'><strong>hac</strong></span> <span class='ocrx_word' id='word_1_88' title='bbox 2686 1614 2927 1685; x_wconf 79' lang='lat' dir='ltr'><strong>paoem</strong></span> <span class='ocrx_word' id='word_1_89' title='bbox 2980 1592 3329 1683; x_wconf 86' lang='lat' dir='ltr'><strong>accipere,</strong></span> <span class='ocrx_word' id='word_1_90' title='bbox 3394 1592 3459 1663; x_wconf 88' lang='lat' dir='ltr'><strong>si</strong></span> <span class='ocrx_word' id='word_1_91' title='bbox 3510 1590 3677 1681; x_wconf 89' lang='lat' dir='ltr'><strong>quis</strong></span> <span class='ocrx_word' id='word_1_92' title='bbox 3732 1588 3999 1659; x_wconf 86' lang='lat' dir='ltr'><strong>media-</strong></span> 
     </span>
     <span class='ocr_line' id='line_1_12' title="bbox 887 1705 3999 1803; baseline -0.001 -22"><span class='ocrx_word' id='word_1_93' title='bbox 887 1719 1108 1782; x_wconf 88' lang='lat' dir='ltr'><strong>torem</strong></span> <span class='ocrx_word' id='word_1_94' title='bbox 1161 1732 1238 1783; x_wconf 84' lang='lat' dir='ltr'><strong>se</strong></span> <span class='ocrx_word' id='word_1_95' title='bbox 1291 1732 1548 1803; x_wconf 80' lang='lat' dir='ltr'><strong>pouere</strong></span> <span class='ocrx_word' id='word_1_96' title='bbox 1601 1712 1856 1797; x_wconf 68' lang='lat' dir='ltr'><strong>vellet,</strong></span> <span class='ocrx_word' id='word_1_97' title='bbox 1911 1722 2060 1784; x_wconf 91' lang='lat' dir='ltr'><strong>toto</strong></span> <span class='ocrx_word' id='word_1_98' title='bbox 2115 1712 2345 1784; x_wconf 87' lang='lat' dir='ltr'><strong>cordis</strong></span> <span class='ocrx_word' id='word_1_99' title='bbox 2384 1713 2607 1785; x_wconf 84' lang='lat' dir='ltr'><strong>nostri</strong></span> <span class='ocrx_word' id='word_1_100' title='bbox 2660 1713 2827 1783; x_wconf 90' lang='lat' dir='ltr'><strong>nisu</strong></span> <span class='ocrx_word' id='word_1_101' title='bbox 2876 1723 2949 1785; x_wconf 88' lang='lat' dir='ltr'><strong>et</strong></span> <span class='ocrx_word' id='word_1_102' title='bbox 2984 1712 3331 1785; x_wconf 87' lang='lat' dir='ltr'><strong>desiderio</strong></span> <span class='ocrx_word' id='word_1_103' title='bbox 3382 1730 3701 1783; x_wconf 81' lang='lat' dir='ltr'><strong>essemus</strong></span> <span class='ocrx_word' id='word_1_104' title='bbox 3734 1705 3999 1799; x_wconf 88' lang='lat' dir='ltr'><strong>parati.</strong></span> 
     </span>
     <span class='ocr_line' id='line_1_13' title="bbox 887 1826 3999 1923; baseline 0.001 -21"><span class='ocrx_word' id='word_1_105' title='bbox 887 1830 1026 1903; x_wconf 89' lang='lat' dir='ltr'><strong>Sed</strong></span> <span class='ocrx_word' id='word_1_106' title='bbox 1081 1832 1378 1903; x_wconf 77' lang='lat' dir='ltr'><strong>forsitan</strong></span> <span class='ocrx_word' id='word_1_107' title='bbox 1438 1832 2034 1904; x_wconf 87' lang='lat' dir='ltr'><strong>clementissimus</strong></span> <span class='ocrx_word' id='word_1_108' title='bbox 2095 1832 2323 1910; x_wconf 81' lang='lat' dir='ltr'><strong>Deus,</strong></span> <span class='ocrx_word' id='word_1_109' title='bbox 2386 1847 2667 1904; x_wconf 85' lang='lat' dir='ltr'><strong>nostrae</strong></span> <span class='ocrx_word' id='word_1_110' title='bbox 2718 1832 3149 1903; x_wconf 89' lang='lat' dir='ltr'><strong>humilitatis</strong></span> <span class='ocrx_word' id='word_1_111' title='bbox 3210 1842 3283 1903; x_wconf 88' lang='lat' dir='ltr'><strong>et</strong></span> <span class='ocrx_word' id='word_1_112' title='bbox 3332 1828 3611 1923; x_wconf 84' lang='lat' dir='ltr'><strong>pacifici</strong></span> <span class='ocrx_word' id='word_1_113' title='bbox 3662 1826 3999 1919; x_wconf 77' lang='lat' dir='ltr'><strong>pectoris.</strong></span> 
     </span>
     <span class='ocr_line' id='line_1_14' title="bbox 885 1946 4001 2044; baseline 0.001 -22"><span class='ocrx_word' id='word_1_114' title='bbox 885 1951 1176 2023; x_wconf 85' lang='lat' dir='ltr'><strong>hostilis</strong></span> <span class='ocrx_word' id='word_1_115' title='bbox 1229 1973 1508 2044; x_wconf 83' lang='lat' dir='ltr'><strong>quoque</strong></span> <span class='ocrx_word' id='word_1_116' title='bbox 1561 1951 1928 2043; x_wconf 76' lang='lat' dir='ltr'><strong>superbiae</strong></span> <span class='ocrx_word' id='word_1_117' title='bbox 1963 1951 2343 2042; x_wconf 88' lang='lat' dir='ltr'><strong>inspector,</strong></span> <span class='ocrx_word' id='word_1_118' title='bbox 2397 1973 2681 2025; x_wconf 86' lang='lat' dir='ltr'><strong>causam</strong></span> <span class='ocrx_word' id='word_1_119' title='bbox 2716 1954 2893 2024; x_wconf 90' lang='lat' dir='ltr'><strong>hanc</strong></span> <span class='ocrx_word' id='word_1_120' title='bbox 2948 1952 3385 2024; x_wconf 85' lang='lat' dir='ltr'><strong>tractandam</strong></span> <span class='ocrx_word' id='word_1_121' title='bbox 3420 1952 3619 2024; x_wconf 88' lang='lat' dir='ltr'><strong>solus</strong></span> <span class='ocrx_word' id='word_1_122' title='bbox 3654 1946 4001 2039; x_wconf 66' lang='lat' dir='ltr'><strong>suscepit,</strong></span> 
     </span>
     <span class='ocr_line' id='line_1_15' title="bbox 885 2068 4001 2163; baseline -0.002 -21"><span class='ocrx_word' id='word_1_123' title='bbox 885 2071 1091 2142; x_wconf 80' lang='lat' dir='ltr'><strong>iuxta</strong></span> <span class='ocrx_word' id='word_1_124' title='bbox 1145 2072 1262 2143; x_wconf 88' lang='lat' dir='ltr'><strong>sui</strong></span> <span class='ocrx_word' id='word_1_125' title='bbox 1313 2072 1576 2144; x_wconf 87' lang='lat' dir='ltr'><strong>occulti</strong></span> <span class='ocrx_word' id='word_1_126' title='bbox 1608 2072 1892 2144; x_wconf 89' lang='lat' dir='ltr'><strong>consilii</strong></span> <span class='ocrx_word' id='word_1_127' title='bbox 1919 2070 1984 2159; x_wconf 83' lang='lat'><strong>²)</strong></span> <span class='ocrx_word' id='word_1_128' title='bbox 2037 2072 2573 2163; x_wconf 77' lang='lat' dir='ltr'><strong>dispositionem</strong></span> <span class='ocrx_word' id='word_1_129' title='bbox 2624 2094 2779 2146; x_wconf 71' lang='lat' dir='ltr'><strong>eam</strong></span> <span class='ocrx_word' id='word_1_130' title='bbox 2812 2073 3203 2146; x_wconf 76' lang='lat' dir='ltr'><strong>decisurus.</strong></span> <span class='ocrx_word' id='word_1_131' title='bbox 3258 2074 3361 2144; x_wconf 85' lang='lat' dir='ltr'><strong>Eo</strong></span> <span class='ocrx_word' id='word_1_132' title='bbox 3394 2072 3513 2145; x_wconf 84' lang='lat' dir='ltr'><strong>dio</strong></span> <span class='ocrx_word' id='word_1_133' title='bbox 3546 2068 4001 2142; x_wconf 68' lang='lat' dir='ltr'><strong>wladislaus</strong></span> 
     </span>
     <span class='ocr_line' id='line_1_16' title="bbox 889 2192 3995 2283; baseline -0.001 -21"><span class='ocrx_word' id='word_1_134' title='bbox 889 2192 1228 2265; x_wconf 87' lang='lat' dir='ltr'><strong>Poloniae</strong></span> <span class='ocrx_word' id='word_1_135' title='bbox 1279 2193 1438 2265; x_wconf 86' lang='lat' dir='ltr'><strong>Rex</strong></span> <span class='ocrx_word' id='word_1_136' title='bbox 1491 2206 1562 2265; x_wconf 90' lang='lat' dir='ltr'><strong>et</strong></span> <span class='ocrx_word' id='word_1_137' title='bbox 1615 2192 1990 2265; x_wconf 66' lang='lat' dir='ltr'><strong>universus</strong></span> <span class='ocrx_word' id='word_1_138' title='bbox 2045 2193 2191 2265; x_wconf 83' lang='lat' dir='ltr'><strong>fere</strong></span> <span class='ocrx_word' id='word_1_139' title='bbox 2245 2192 2623 2265; x_wconf 89' lang='lat' dir='ltr'><strong>Polouicus</strong></span> <span class='ocrx_word' id='word_1_140' title='bbox 2652 2192 2717 2283; x_wconf 78' lang='lat'><strong>³)</strong></span> <span class='ocrx_word' id='word_1_141' title='bbox 2770 2195 3159 2281; x_wconf 58' lang='grc' dir='ltr'>εχει-εἰπε,</span> <span class='ocrx_word' id='word_1_142' title='bbox 3216 2192 3665 2265; x_wconf 73' lang='lat' dir='ltr'><strong>divinissimo</strong></span> <span class='ocrx_word' id='word_1_143' title='bbox 3720 2211 3797 2261; x_wconf 83' lang='lat' dir='ltr'><strong>so</strong></span> <span class='ocrx_word' id='word_1_144' title='bbox 3831 2208 3995 2281; x_wconf 90' lang='lat' dir='ltr'><strong>pro-</strong></span> 
     </span>
     <span class='ocr_line' id='line_1_17' title="bbox 889 2312 4001 2407; baseline -0.001 -24"><span class='ocrx_word' id='word_1_145' title='bbox 889 2314 1168 2384; x_wconf 74' lang='lat' dir='ltr'><strong>curarit</strong></span> <span class='ocrx_word' id='word_1_146' title='bbox 1221 2312 1515 2391; x_wconf 68' lang='lat' dir='ltr'><strong>viatico,</strong></span> <span class='ocrx_word' id='word_1_147' title='bbox 1569 2313 1894 2404; x_wconf 82' lang='lat' dir='ltr'><strong>Corporis</strong></span> <span class='ocrx_word' id='word_1_148' title='bbox 1955 2312 2291 2386; x_wconf 68' lang='lat' dir='ltr'><strong>videlicet</strong></span> <span class='ocrx_word' id='word_1_149' title='bbox 2342 2330 2412 2387; x_wconf 86' lang='lat' dir='ltr'><strong>et</strong></span> <span class='ocrx_word' id='word_1_150' title='bbox 2466 2315 2847 2407; x_wconf 83' lang='lat' dir='ltr'><strong>Sanguinis</strong></span> <span class='ocrx_word' id='word_1_151' title='bbox 2910 2315 3173 2388; x_wconf 82' lang='lat' dir='ltr'><strong>Christi</strong></span> <span class='ocrx_word' id='word_1_152' title='bbox 3238 2314 3725 2397; x_wconf 69' lang='lat' dir='ltr'><strong>Sacramenta,</strong></span> <span class='ocrx_word' id='word_1_153' title='bbox 3794 2319 4001 2381; x_wconf 88' lang='lat' dir='ltr'><strong>ratus</strong></span> 
     </span>
     <span class='ocr_line' id='line_1_18' title="bbox 893 2433 3997 2526; baseline -0.004 -16"><span class='ocrx_word' id='word_1_154' title='bbox 893 2439 922 2510; x_wconf 77' lang='grc' dir='ltr'>ί</span> <span class='ocrx_word' id='word_1_155' title='bbox 936 2441 1144 2526; x_wconf 90' lang='lat' dir='ltr'><strong>prout</strong></span> <span class='ocrx_word' id='word_1_156' title='bbox 1198 2434 1468 2521; x_wconf 68' lang='lat' dir='ltr'><strong>evenit)</strong></span> <span class='ocrx_word' id='word_1_157' title='bbox 1521 2434 1928 2525; x_wconf 79' lang='lat' dir='ltr'><strong>propediem</strong></span> <span class='ocrx_word' id='word_1_158' title='bbox 1979 2433 2373 2505; x_wconf 70' lang='lat' dir='ltr'><strong>universali</strong></span> <span class='ocrx_word' id='word_1_159' title='bbox 2426 2434 2877 2508; x_wconf 80' lang='lat' dir='ltr'><strong>dimicatione</strong></span> <span class='ocrx_word' id='word_1_160' title='bbox 2926 2456 3087 2507; x_wconf 87' lang='lat' dir='ltr'><strong>cum</strong></span> <span class='ocrx_word' id='word_1_161' title='bbox 3138 2436 3343 2505; x_wconf 81' lang='lat' dir='ltr'><strong>hoste</strong></span> <span class='ocrx_word' id='word_1_162' title='bbox 3396 2454 3473 2505; x_wconf 87' lang='lat' dir='ltr'><strong>se</strong></span> <span class='ocrx_word' id='word_1_163' title='bbox 3526 2451 3779 2503; x_wconf 86' lang='lat' dir='ltr'><strong>manus</strong></span> <span class='ocrx_word' id='word_1_164' title='bbox 3830 2448 3997 2501; x_wconf 77' lang='lat' dir='ltr'><strong>con·</strong></span> 
     </span>
     <span class='ocr_line' id='line_1_19' title="bbox 893 2548 3999 2646; baseline -0.001 -21"><span class='ocrx_word' id='word_1_165' title='bbox 893 2558 1272 2625; x_wconf 85' lang='lat' dir='ltr'><strong>serturum.</strong></span> <span class='ocrx_word' id='word_1_166' title='bbox 1323 2554 1580 2626; x_wconf 86' lang='lat' dir='ltr'><strong>Pacem</strong></span> <span class='ocrx_word' id='word_1_167' title='bbox 1633 2576 1912 2646; x_wconf 87' lang='lat' dir='ltr'><strong>quoque</strong></span> <span class='ocrx_word' id='word_1_168' title='bbox 1964 2574 2005 2625; x_wconf 94' lang='lat' dir='ltr'><strong>a</strong></span> <span class='ocrx_word' id='word_1_169' title='bbox 2061 2576 2138 2626; x_wconf 84' lang='lat' dir='ltr'><strong>se</strong></span> <span class='ocrx_word' id='word_1_170' title='bbox 2190 2555 2569 2646; x_wconf 84' lang='lat' dir='ltr'><strong>aliquoties</strong></span> <span class='ocrx_word' id='word_1_171' title='bbox 2622 2565 2694 2627; x_wconf 89' lang='lat' dir='ltr'><strong>et</strong></span> <span class='ocrx_word' id='word_1_172' title='bbox 2730 2554 3141 2627; x_wconf 84' lang='lat' dir='ltr'><strong>multifariis</strong></span> <span class='ocrx_word' id='word_1_173' title='bbox 3196 2554 3457 2625; x_wconf 87' lang='lat' dir='ltr'><strong>studiis</strong></span> <span class='ocrx_word' id='word_1_174' title='bbox 3510 2551 3901 2643; x_wconf 83' lang='lat' dir='ltr'><strong>expetitam</strong></span> <span class='ocrx_word' id='word_1_175' title='bbox 3932 2548 3999 2633; x_wconf 81' lang='lat'><strong>⁴)</strong></span> 
     </span>
     <span class='ocr_line' id='line_1_20' title="bbox 892 2672 3998 2767; baseline -0.002 -24"><span class='ocrx_word' id='word_1_176' title='bbox 892 2694 1032 2744; x_wconf 91' lang='lat' dir='ltr'><strong>non</strong></span> <span class='ocrx_word' id='word_1_177' title='bbox 1083 2694 1294 2765; x_wconf 87' lang='lat' dir='ltr'><strong>posse</strong></span> <span class='ocrx_word' id='word_1_178' title='bbox 1347 2674 1716 2767; x_wconf 72' lang='lat' dir='ltr'><strong>provenire</strong></span> <span class='ocrx_word' id='word_1_179' title='bbox 1769 2674 2219 2767; x_wconf 80' lang='lat' dir='ltr'><strong>intelligens,</strong></span> <span class='ocrx_word' id='word_1_180' title='bbox 2278 2674 2353 2745; x_wconf 92' lang='lat' dir='ltr'><strong>in</strong></span> <span class='ocrx_word' id='word_1_181' title='bbox 2388 2674 2653 2746; x_wconf 88' lang='lat' dir='ltr'><strong>bellum</strong></span> <span class='ocrx_word' id='word_1_182' title='bbox 2706 2674 2937 2747; x_wconf 86' lang='lat' dir='ltr'><strong>omnia</strong></span> <span class='ocrx_word' id='word_1_183' title='bbox 2990 2674 3291 2747; x_wconf 83' lang='lat' dir='ltr'><strong>consilia</strong></span> <span class='ocrx_word' id='word_1_184' title='bbox 3342 2672 3721 2757; x_wconf 68' lang='lat' dir='ltr'><strong>convertit,</strong></span> <span class='ocrx_word' id='word_1_185' title='bbox 3774 2690 3998 2761; x_wconf 87' lang='lat' dir='ltr'><strong>quan·</strong></span> 
     </span>
     <span class='ocr_line' id='line_1_21' title="bbox 893 2787 3999 2885; baseline -0.002 -21"><span class='ocrx_word' id='word_1_186' title='bbox 893 2814 1104 2884; x_wconf 88' lang='lat' dir='ltr'><strong>quam</strong></span> <span class='ocrx_word' id='word_1_187' title='bbox 1155 2816 1284 2885; x_wconf 89' lang='lat' dir='ltr'><strong>pro</strong></span> <span class='ocrx_word' id='word_1_188' title='bbox 1337 2816 1468 2865; x_wconf 90' lang='lat' dir='ltr'><strong>sua</strong></span> <span class='ocrx_word' id='word_1_189' title='bbox 1519 2794 1741 2865; x_wconf 89' lang='lat' dir='ltr'><strong>animi</strong></span> <span class='ocrx_word' id='word_1_190' title='bbox 1793 2794 2341 2866; x_wconf 89' lang='lat' dir='ltr'><strong>mausuetudine</strong></span> <span class='ocrx_word' id='word_1_191' title='bbox 2392 2814 2631 2884; x_wconf 88' lang='lat' dir='ltr'><strong>pacem</strong></span> <span class='ocrx_word' id='word_1_192' title='bbox 2686 2816 3023 2885; x_wconf 90' lang='lat' dir='ltr'><strong>occupare</strong></span> <span class='ocrx_word' id='word_1_193' title='bbox 3076 2794 3443 2865; x_wconf 85' lang='lat' dir='ltr'><strong>maluisset</strong></span> <span class='ocrx_word' id='word_1_194' title='bbox 3498 2812 3723 2883; x_wconf 90' lang='lat' dir='ltr'><strong>aequa</strong></span> <span class='ocrx_word' id='word_1_195' title='bbox 3758 2787 3999 2861; x_wconf 75' lang='lat' dir='ltr'><strong>condi·</strong></span> 
     </span>
     <span class='ocr_line' id='line_1_22' title="bbox 893 2913 3999 3005; baseline -0.002 -22"><span class='ocrx_word' id='word_1_196' title='bbox 893 2913 1086 2985; x_wconf 89' lang='lat' dir='ltr'><strong>tione</strong></span> <span class='ocrx_word' id='word_1_197' title='bbox 1139 2934 1348 3003; x_wconf 89' lang='lat' dir='ltr'><strong>quam</strong></span> <span class='ocrx_word' id='word_1_198' title='bbox 1409 2914 1598 2985; x_wconf 89' lang='lat' dir='ltr'><strong>bello</strong></span> <span class='ocrx_word' id='word_1_199' title='bbox 1629 2913 1718 3001; x_wconf 74' lang='lat'><strong>5).</strong></span> <span class='ocrx_word' id='word_1_200' title='bbox 1781 2914 2339 3004; x_wconf 84' lang='lat' dir='ltr'><strong>precabaturque</strong></span> <span class='ocrx_word' id='word_1_201' title='bbox 2400 2914 2565 3003; x_wconf 89' lang='lat' dir='ltr'><strong>pius</strong></span> <span class='ocrx_word' id='word_1_202' title='bbox 2636 2926 2705 2985; x_wconf 89' lang='lat' dir='ltr'><strong>et</strong></span> <span class='ocrx_word' id='word_1_203' title='bbox 2768 2914 3145 3005; x_wconf 84' lang='lat' dir='ltr'><strong>religiosus</strong></span> <span class='ocrx_word' id='word_1_204' title='bbox 3208 2914 3396 3000; x_wconf 83' lang='lat' dir='ltr'><strong>Rex,</strong></span> <span class='ocrx_word' id='word_1_205' title='bbox 3470 2925 3553 2983; x_wconf 89' lang='lat' dir='ltr'><strong>ut</strong></span> <span class='ocrx_word' id='word_1_206' title='bbox 3618 2914 3999 3001; x_wconf 85' lang='lat' dir='ltr'><strong>postquam</strong></span> 
     </span>
     <span class='ocr_line' id='line_1_23' title="bbox 893 3030 3997 3125; baseline -0.002 -22"><span class='ocrx_word' id='word_1_207' title='bbox 893 3033 1078 3104; x_wconf 84' lang='lat' dir='ltr'><strong>nihil</strong></span> <span class='ocrx_word' id='word_1_208' title='bbox 1133 3034 1274 3105; x_wconf 92' lang='lat' dir='ltr'><strong>iam</strong></span> <span class='ocrx_word' id='word_1_209' title='bbox 1327 3034 1478 3124; x_wconf 89' lang='lat' dir='ltr'><strong>spei</strong></span> <span class='ocrx_word' id='word_1_210' title='bbox 1533 3033 1610 3103; x_wconf 91' lang='lat' dir='ltr'><strong>in</strong></span> <span class='ocrx_word' id='word_1_211' title='bbox 1645 3054 1818 3124; x_wconf 85' lang='lat' dir='ltr'><strong>pace</strong></span> <span class='ocrx_word' id='word_1_212' title='bbox 1873 3045 2305 3124; x_wconf 83' lang='lat' dir='ltr'><strong>superesset.</strong></span> <span class='ocrx_word' id='word_1_213' title='bbox 2362 3034 2537 3105; x_wconf 81' lang='lat' dir='ltr'><strong>felix</strong></span> <span class='ocrx_word' id='word_1_214' title='bbox 2582 3056 2819 3125; x_wconf 84' lang='lat' dir='ltr'><strong>pugna</strong></span> <span class='ocrx_word' id='word_1_215' title='bbox 2872 3047 2943 3105; x_wconf 91' lang='lat' dir='ltr'><strong>et</strong></span> <span class='ocrx_word' id='word_1_216' title='bbox 2982 3040 3255 3105; x_wconf 83' lang='lat' dir='ltr'><strong>matura</strong></span> <span class='ocrx_word' id='word_1_217' title='bbox 3310 3033 3395 3104; x_wconf 92' lang='lat' dir='ltr'><strong>de</strong></span> <span class='ocrx_word' id='word_1_218' title='bbox 3430 3030 3763 3103; x_wconf 88' lang='lat' dir='ltr'><strong>hostibus</strong></span> <span class='ocrx_word' id='word_1_219' title='bbox 3800 3048 3997 3119; x_wconf 87' lang='lat' dir='ltr'><strong>prae·</strong></span> 
     </span>
     <span class='ocr_line' id='line_1_24' title="bbox 897 3152 2108 3225; baseline 0.003 -4"><span class='ocrx_word' id='word_1_220' title='bbox 897 3165 1208 3224; x_wconf 81' lang='lat' dir='ltr'><strong>staretur</strong></span> <span class='ocrx_word' id='word_1_221' title='bbox 1259 3152 1400 3224; x_wconf 90' lang='lat' dir='ltr'><strong>sibi</strong></span> <span class='ocrx_word' id='word_1_222' title='bbox 1451 3174 1490 3224; x_wconf 91' lang='lat' dir='ltr'><strong>e</strong></span> <span class='ocrx_word' id='word_1_223' title='bbox 1541 3154 1734 3225; x_wconf 88' lang='lat' dir='ltr'><strong>coelo</strong></span> <span class='ocrx_word' id='word_1_224' title='bbox 1789 3154 2108 3225; x_wconf 68' lang='lat' dir='ltr'><strong>victoria.</strong></span> 
     </span>
    </p>
   </div>
   <div class='ocr_carea' id='block_1_5' title="bbox 1167 3514 3735 3606">
    <p class='ocr_par' dir='ltr' id='par_1_5' title="bbox 1167 3514 3735 3606">
     <span class='ocr_line' id='line_1_25' title="bbox 1167 3514 3735 3606; baseline -0.002 -18"><span class='ocrx_word' id='word_1_225' title='bbox 1167 3514 3735 3606; x_wconf 63' lang='lat' dir='ltr'><strong>oppidum-annnmetuu-mu-,viard-unpim.</strong></span> 
     </span>
    </p>
   </div>
   <div class='ocr_carea' id='block_1_6' title="bbox 901 3748 4014 5042">
    <p class='ocr_par' dir='ltr' id='par_1_6' title="bbox 901 3748 4014 5042">
     <span class='ocr_line' id='line_1_26' title="bbox 1107 3748 4007 3846; baseline -0.002 -21"><span class='ocrx_word' id='word_1_226' title='bbox 1107 3752 1380 3826; x_wconf 70' lang='lat' dir='ltr'><strong>Nuntio</strong></span> <span class='ocrx_word' id='word_1_227' title='bbox 1431 3754 1770 3825; x_wconf 81' lang='lat' dir='ltr'><strong>baronum</strong></span> <span class='ocrx_word' id='word_1_228' title='bbox 1837 3756 2243 3846; x_wconf 82' lang='lat' dir='ltr'><strong>Hungariae</strong></span> <span class='ocrx_word' id='word_1_229' title='bbox 2306 3755 2641 3827; x_wconf 83' lang='lat' dir='ltr'><strong>Frieaone</strong></span> <span class='ocrx_word' id='word_1_230' title='bbox 2704 3756 3103 3832; x_wconf 77' lang='lat' dir='ltr'><strong>licentiato.</strong></span> <span class='ocrx_word' id='word_1_231' title='bbox 3158 3753 3603 3825; x_wconf 70' lang='lat' dir='ltr'><strong>wladislaus</strong></span> <span class='ocrx_word' id='word_1_232' title='bbox 3668 3748 4007 3821; x_wconf 84' lang='lat' dir='ltr'><strong>Poloniae</strong></span> 
     </span>
     <span class='ocr_line' id='line_1_27' title="bbox 901 3870 4005 3965; baseline -0.002 -20"><span class='ocrx_word' id='word_1_233' title='bbox 901 3876 1060 3945; x_wconf 86' lang='lat' dir='ltr'><strong>Rex</strong></span> <span class='ocrx_word' id='word_1_234' title='bbox 1115 3874 1190 3945; x_wconf 91' lang='lat' dir='ltr'><strong>in</strong></span> <span class='ocrx_word' id='word_1_235' title='bbox 1243 3874 1358 3947; x_wconf 86' lang='lat' dir='ltr'><strong>die</strong></span> <span class='ocrx_word' id='word_1_236' title='bbox 1413 3874 1712 3945; x_wconf 80' lang='lat' dir='ltr'><strong>Sanctae</strong></span> <span class='ocrx_word' id='word_1_237' title='bbox 1767 3874 2281 3965; x_wconf 72' lang='lat' dir='ltr'><strong>Margarethae,</strong></span> <span class='ocrx_word' id='word_1_238' title='bbox 2336 3896 2377 3945; x_wconf 86' lang='lat' dir='ltr'><strong>a</strong></span> <span class='ocrx_word' id='word_1_239' title='bbox 2436 3875 2789 3946; x_wconf 73' lang='lat' dir='ltr'><strong>Dzialdow</strong></span> <span class='ocrx_word' id='word_1_240' title='bbox 2842 3886 2999 3965; x_wconf 89' lang='lat' dir='ltr'><strong>post</strong></span> <span class='ocrx_word' id='word_1_241' title='bbox 3036 3888 3283 3946; x_wconf 81' lang='lat' dir='ltr'><strong>exacta</strong></span> <span class='ocrx_word' id='word_1_242' title='bbox 3336 3873 3721 3943; x_wconf 85' lang='lat' dir='ltr'><strong>missarum</strong></span> <span class='ocrx_word' id='word_1_243' title='bbox 3776 3870 4005 3940; x_wconf 87' lang='lat' dir='ltr'><strong>solen·</strong></span> 
     </span>
     <span class='ocr_line' id='line_1_28' title="bbox 903 3989 4009 4085; baseline -0.002 -21"><span class='ocrx_word' id='word_1_244' title='bbox 903 3994 1058 4070; x_wconf 79' lang='lat' dir='ltr'><strong>nia.</strong></span> <span class='ocrx_word' id='word_1_245' title='bbox 1097 4014 1384 4065; x_wconf 71' lang='lat' dir='ltr'><strong>movens</strong></span> <span class='ocrx_word' id='word_1_246' title='bbox 1419 4003 1684 4079; x_wconf 82' lang='lat' dir='ltr'><strong>castra,</strong></span> <span class='ocrx_word' id='word_1_247' title='bbox 1739 3994 2104 4085; x_wconf 80' lang='lat' dir='ltr'><strong>quadrigis</strong></span> <span class='ocrx_word' id='word_1_248' title='bbox 2157 4006 2227 4065; x_wconf 91' lang='lat' dir='ltr'><strong>et</strong></span> <span class='ocrx_word' id='word_1_249' title='bbox 2267 3994 2783 4085; x_wconf 87' lang='lat' dir='ltr'><strong>impedimentis</strong></span> <span class='ocrx_word' id='word_1_250' title='bbox 2818 3994 3091 4065; x_wconf 88' lang='lat' dir='ltr'><strong>duabus</strong></span> <span class='ocrx_word' id='word_1_251' title='bbox 3144 4007 3309 4065; x_wconf 87' lang='lat' dir='ltr'><strong>ante</strong></span> <span class='ocrx_word' id='word_1_252' title='bbox 3342 3993 3541 4064; x_wconf 90' lang='lat' dir='ltr'><strong>horis</strong></span> <span class='ocrx_word' id='word_1_253' title='bbox 3595 3989 4009 4084; x_wconf 76' lang='lat' dir='ltr'><strong>praecedere</strong></span> 
     </span>
     <span class='ocr_line' id='line_1_29' title="bbox 907 4111 4009 4204; baseline -0.002 -19"><span class='ocrx_word' id='word_1_254' title='bbox 907 4114 1160 4190; x_wconf 81' lang='lat' dir='ltr'><strong>iussis,</strong></span> <span class='ocrx_word' id='word_1_255' title='bbox 1215 4134 1466 4183; x_wconf 71' lang='lat' dir='ltr'><strong>versus</strong></span> <span class='ocrx_word' id='word_1_256' title='bbox 1519 4112 1852 4203; x_wconf 88' lang='lat' dir='ltr'><strong>oppidum</strong></span> <span class='ocrx_word' id='word_1_257' title='bbox 1893 4114 2382 4190; x_wconf 72' lang='lat' dir='ltr'><strong>Dambrowno,</strong></span> <span class='ocrx_word' id='word_1_258' title='bbox 2438 4116 2623 4204; x_wconf 85' lang='lat' dir='ltr'><strong>quod</strong></span> <span class='ocrx_word' id='word_1_259' title='bbox 2666 4135 2891 4190; x_wconf 78' lang='lat' dir='ltr'><strong>muro,</strong></span> <span class='ocrx_word' id='word_1_260' title='bbox 2946 4114 3298 4190; x_wconf 82' lang='lat' dir='ltr'><strong>turribus,</strong></span> <span class='ocrx_word' id='word_1_261' title='bbox 3354 4114 3555 4183; x_wconf 83' lang='lat' dir='ltr'><strong>lacus</strong></span> <span class='ocrx_word' id='word_1_262' title='bbox 3608 4111 3832 4183; x_wconf 87' lang='lat' dir='ltr'><strong>etiam</strong></span> <span class='ocrx_word' id='word_1_263' title='bbox 3868 4130 4009 4179; x_wconf 85' lang='lat' dir='ltr'><strong>am-</strong></span> 
     </span>
     <span class='ocr_line' id='line_1_30' title="bbox 905 4230 4011 4323; baseline -0.002 -20"><span class='ocrx_word' id='word_1_264' title='bbox 905 4233 1064 4303; x_wconf 91' lang='lat' dir='ltr'><strong>bitu</strong></span> <span class='ocrx_word' id='word_1_265' title='bbox 1093 4232 1158 4317; x_wconf 71' lang='lat' dir='ltr'><strong>t³)</strong></span> <span class='ocrx_word' id='word_1_266' title='bbox 1213 4238 1284 4302; x_wconf 87' lang='lat' dir='ltr'><strong>et</strong></span> <span class='ocrx_word' id='word_1_267' title='bbox 1337 4230 1672 4301; x_wconf 82' lang='lat' dir='ltr'><strong>fluetibus</strong></span> <span class='ocrx_word' id='word_1_268' title='bbox 1725 4232 2148 4318; x_wconf 72' lang='lat' dir='ltr'><strong>alluebatur,</strong></span> <span class='ocrx_word' id='word_1_269' title='bbox 2214 4233 2396 4321; x_wconf 84' lang='lat' dir='ltr'><strong>quod</strong></span> <span class='ocrx_word' id='word_1_270' title='bbox 2450 4234 2879 4304; x_wconf 87' lang='lat' dir='ltr'><strong>Thentonieo</strong></span> <span class='ocrx_word' id='word_1_271' title='bbox 2938 4234 3219 4323; x_wconf 69' lang='lat' dir='ltr'><strong>vulgari</strong></span> <span class='ocrx_word' id='word_1_272' title='bbox 3272 4232 3735 4323; x_wconf 82' lang='lat' dir='ltr'><strong>Gilgemborg</strong></span> <span class='ocrx_word' id='word_1_273' title='bbox 3764 4232 3831 4321; x_wconf 69' lang='grc' dir='ltr'><strong>ἱ’)</strong></span> <span class='ocrx_word' id='word_1_274' title='bbox 3892 4250 4011 4319; x_wconf 90' lang='lat' dir='ltr'><strong>ap-</strong></span> 
     </span>
     <span class='ocr_line' id='line_1_31' title="bbox 907 4348 4013 4443; baseline -0.001 -22"><span class='ocrx_word' id='word_1_275' title='bbox 907 4351 1250 4442; x_wconf 83' lang='lat' dir='ltr'><strong>pellatur,</strong></span> <span class='ocrx_word' id='word_1_276' title='bbox 1304 4348 1524 4421; x_wconf 82' lang='lat' dir='ltr'><strong>flectit</strong></span> <span class='ocrx_word' id='word_1_277' title='bbox 1587 4349 1756 4437; x_wconf 43' lang='lat' dir='ltr'><strong>iter?</strong></span> <span class='ocrx_word' id='word_1_278' title='bbox 1831 4362 1900 4421; x_wconf 90' lang='lat' dir='ltr'><strong>et</strong></span> <span class='ocrx_word' id='word_1_279' title='bbox 1968 4350 2042 4422; x_wconf 92' lang='lat' dir='ltr'><strong>in</strong></span> <span class='ocrx_word' id='word_1_280' title='bbox 2105 4351 2401 4441; x_wconf 75' lang='lat' dir='ltr'><strong>planitie</strong></span> <span class='ocrx_word' id='word_1_281' title='bbox 2462 4373 2861 4442; x_wconf 81' lang='lat' dir='ltr'><strong>camporum</strong></span> <span class='ocrx_word' id='word_1_282' title='bbox 2926 4374 3139 4443; x_wconf 89' lang='lat' dir='ltr'><strong>supra</strong></span> <span class='ocrx_word' id='word_1_283' title='bbox 3202 4354 3469 4428; x_wconf 80' lang='lat' dir='ltr'><strong>lacum.</strong></span> <span class='ocrx_word' id='word_1_284' title='bbox 3542 4352 3779 4423; x_wconf 88' lang='lat' dir='ltr'><strong>medio</strong></span> <span class='ocrx_word' id='word_1_285' title='bbox 3842 4369 4013 4441; x_wconf 89' lang='lat' dir='ltr'><strong>pene</strong></span> 
     </span>
     <span class='ocr_line' id='line_1_32' title="bbox 907 4468 4011 4561; baseline -0.001 -20"><span class='ocrx_word' id='word_1_286' title='bbox 907 4468 1200 4541; x_wconf 83' lang='lat' dir='ltr'><strong>milliari</strong></span> <span class='ocrx_word' id='word_1_287' title='bbox 1255 4490 1298 4539; x_wconf 88' lang='lat' dir='ltr'><strong>a</strong></span> <span class='ocrx_word' id='word_1_288' title='bbox 1325 4469 1816 4554; x_wconf 76' lang='lat' dir='ltr'><strong>Dambrowno,</strong></span> <span class='ocrx_word' id='word_1_289' title='bbox 1873 4483 2197 4541; x_wconf 71' lang='lat' dir='ltr'><strong>vocatum</strong></span> <span class='ocrx_word' id='word_1_290' title='bbox 2250 4471 2783 4561; x_wconf 63' lang='lat' dir='ltr'><strong>Dambrowskse</strong></span> <span class='ocrx_word' id='word_1_291' title='bbox 2836 4472 3145 4561; x_wconf 65' lang='lat' dir='ltr'><strong>iesxsoro</strong></span> <span class='ocrx_word' id='word_1_292' title='bbox 3170 4472 3261 4559; x_wconf 60' lang='lat' dir='ltr'><strong>&gt;q)‚</strong></span> <span class='ocrx_word' id='word_1_293' title='bbox 3317 4472 3505 4543; x_wconf 83' lang='lat' dir='ltr'><strong>locat</strong></span> <span class='ocrx_word' id='word_1_294' title='bbox 3542 4472 3853 4557; x_wconf 69' lang='lat' dir='ltr'><strong>stativa,</strong></span> <span class='ocrx_word' id='word_1_295' title='bbox 3908 4490 4011 4539; x_wconf 91' lang='lat' dir='ltr'><strong>so-</strong></span> 
     </span>
     <span class='ocr_line' id='line_1_33' title="bbox 907 4588 4013 4682; baseline -0.001 -22"><span class='ocrx_word' id='word_1_296' title='bbox 907 4589 1042 4661; x_wconf 84' lang='lat' dir='ltr'><strong>lari</strong></span> <span class='ocrx_word' id='word_1_297' title='bbox 1109 4588 1224 4661; x_wconf 85' lang='lat' dir='ltr'><strong>die</strong></span> <span class='ocrx_word' id='word_1_298' title='bbox 1289 4588 1416 4660; x_wconf 90' lang='lat' dir='ltr'><strong>illo</strong></span> <span class='ocrx_word' id='word_1_299' title='bbox 1479 4590 1642 4679; x_wconf 91' lang='lat' dir='ltr'><strong>plus</strong></span> <span class='ocrx_word' id='word_1_300' title='bbox 1707 4590 1920 4661; x_wconf 90' lang='lat' dir='ltr'><strong>solito</strong></span> <span class='ocrx_word' id='word_1_301' title='bbox 1989 4603 2355 4661; x_wconf 82' lang='lat' dir='ltr'><strong>aestuante</strong></span> <span class='ocrx_word' id='word_1_302' title='bbox 2426 4604 2765 4661; x_wconf 83' lang='lat' dir='ltr'><strong>caumate.</strong></span> <span class='ocrx_word' id='word_1_303' title='bbox 2846 4592 2997 4681; x_wconf 86' lang='lat' dir='ltr'><strong>Quo</strong></span> <span class='ocrx_word' id='word_1_304' title='bbox 3068 4593 3155 4663; x_wconf 86' lang='lat' dir='ltr'><strong>ad</strong></span> <span class='ocrx_word' id='word_1_305' title='bbox 3218 4613 3583 4682; x_wconf 67' lang='lat' dir='ltr'><strong>vesperam</strong></span> <span class='ocrx_word' id='word_1_306' title='bbox 3658 4591 4013 4681; x_wconf 79' lang='lat' dir='ltr'><strong>mitigato,</strong></span> 
     </span>
     <span class='ocr_line' id='line_1_34' title="bbox 908 4706 4014 4802; baseline -0.001 -23"><span class='ocrx_word' id='word_1_307' title='bbox 908 4710 1152 4799; x_wconf 89' lang='lat' dir='ltr'><strong>plures</strong></span> <span class='ocrx_word' id='word_1_308' title='bbox 1207 4706 1476 4779; x_wconf 87' lang='lat' dir='ltr'><strong>milites</strong></span> <span class='ocrx_word' id='word_1_309' title='bbox 1541 4728 1628 4778; x_wconf 80' lang='lat' dir='ltr'><strong>ex</strong></span> <span class='ocrx_word' id='word_1_310' title='bbox 1683 4707 1940 4778; x_wconf 75' lang='lat' dir='ltr'><strong>eastris</strong></span> <span class='ocrx_word' id='word_1_311' title='bbox 2003 4708 2217 4798; x_wconf 84' lang='lat' dir='ltr'><strong>regiis</strong></span> <span class='ocrx_word' id='word_1_312' title='bbox 2282 4728 2527 4779; x_wconf 71' lang='lat' dir='ltr'><strong>versus</strong></span> <span class='ocrx_word' id='word_1_313' title='bbox 2580 4709 2911 4799; x_wconf 89' lang='lat' dir='ltr'><strong>oppidum</strong></span> <span class='ocrx_word' id='word_1_314' title='bbox 2966 4712 3423 4782; x_wconf 73' lang='lat' dir='ltr'><strong>Dambrowno</strong></span> <span class='ocrx_word' id='word_1_315' title='bbox 3486 4712 3723 4802; x_wconf 80' lang='lat' dir='ltr'><strong>gratia</strong></span> <span class='ocrx_word' id='word_1_316' title='bbox 3780 4706 4014 4801; x_wconf 87' lang='lat' dir='ltr'><strong>oppidi</strong></span> 
     </span>
     <span class='ocr_line' id='line_1_35' title="bbox 913 4826 4013 4923; baseline -0.001 -24"><span class='ocrx_word' id='word_1_317' title='bbox 913 4836 982 4899; x_wconf 90' lang='lat' dir='ltr'><strong>et</strong></span> <span class='ocrx_word' id='word_1_318' title='bbox 1039 4828 1226 4900; x_wconf 89' lang='lat' dir='ltr'><strong>situs</strong></span> <span class='ocrx_word' id='word_1_319' title='bbox 1281 4826 1436 4898; x_wconf 88' lang='lat' dir='ltr'><strong>eius</strong></span> <span class='ocrx_word' id='word_1_320' title='bbox 1475 4826 1794 4911; x_wconf 71' lang='lat' dir='ltr'><strong>videndi,</strong></span> <span class='ocrx_word' id='word_1_321' title='bbox 1851 4828 2257 4916; x_wconf 71' lang='lat' dir='ltr'><strong>procedunt.</strong></span> <span class='ocrx_word' id='word_1_322' title='bbox 2314 4827 2449 4897; x_wconf 84' lang='lat' dir='ltr'><strong>Sed</strong></span> <span class='ocrx_word' id='word_1_323' title='bbox 2500 4829 2859 4918; x_wconf 81' lang='lat' dir='ltr'><strong>gentibus,</strong></span> <span class='ocrx_word' id='word_1_324' title='bbox 2914 4851 3093 4919; x_wconf 88' lang='lat' dir='ltr'><strong>quae</strong></span> <span class='ocrx_word' id='word_1_325' title='bbox 3128 4831 3465 4923; x_wconf 88' lang='lat' dir='ltr'><strong>oppidum</strong></span> <span class='ocrx_word' id='word_1_326' title='bbox 3520 4841 3868 4902; x_wconf 68' lang='lat' dir='ltr'><strong>venerant</strong></span> <span class='ocrx_word' id='word_1_327' title='bbox 3902 4827 4013 4898; x_wconf 85' lang='lat' dir='ltr'><strong>de.-</strong></span> 
     </span>
     <span class='ocr_line' id='line_1_36' title="bbox 919 4944 4013 5042; baseline 0.001 -25"><span class='ocrx_word' id='word_1_328' title='bbox 919 4948 1276 5033; x_wconf 77' lang='lat' dir='ltr'><strong>fensurae,</strong></span> <span class='ocrx_word' id='word_1_329' title='bbox 1333 4944 1932 5036; x_wconf 83' lang='lat' dir='ltr'><strong>impugnationem</strong></span> <span class='ocrx_word' id='word_1_330' title='bbox 1973 4966 2170 5016; x_wconf 84' lang='lat' dir='ltr'><strong>suam</strong></span> <span class='ocrx_word' id='word_1_331' title='bbox 2226 4955 2295 5017; x_wconf 89' lang='lat' dir='ltr'><strong>et</strong></span> <span class='ocrx_word' id='word_1_332' title='bbox 2334 4946 2571 5035; x_wconf 89' lang='lat' dir='ltr'><strong>oppidi</strong></span> <span class='ocrx_word' id='word_1_333' title='bbox 2622 4949 3061 5035; x_wconf 66' lang='lat' dir='ltr'><strong>verentibu8‚</strong></span> <span class='ocrx_word' id='word_1_334' title='bbox 3116 4951 3735 5042; x_wconf 81' lang='lat' dir='ltr'><strong>progredientibus</strong></span> <span class='ocrx_word' id='word_1_335' title='bbox 3792 4950 3869 5023; x_wconf 90' lang='lat' dir='ltr'><strong>in</strong></span> <span class='ocrx_word' id='word_1_336' title='bbox 3902 4948 4013 5021; x_wconf 85' lang='lat' dir='ltr'><strong>ad-</strong></span> 
     </span>
    </p>
   </div>
   <div class='ocr_carea' id='block_1_7' title="bbox 920 5228 4019 5522">
    <p class='ocr_par' dir='ltr' id='par_1_7' title="bbox 920 5228 4019 5522">
     <span class='ocr_line' id='line_1_37' title="bbox 1137 5228 4019 5321; baseline 0.001 -28"><span class='ocrx_word' id='word_1_337' title='bbox 1137 5234 1187 5312; x_wconf 85' lang='lat'><strong>¹)</strong></span> <span class='ocrx_word' id='word_1_338' title='bbox 1231 5236 1294 5293; x_wconf 85' lang='lat' dir='ltr'><strong>in</strong></span> <span class='ocrx_word' id='word_1_339' title='bbox 1337 5235 1702 5309; x_wconf 78' lang='lat' dir='ltr'><strong>Hungariam</strong></span> <span class='ocrx_word' id='word_1_340' title='bbox 1749 5229 1904 5293; x_wconf 72' lang='lat' dir='ltr'><strong>Cod.</strong></span> <span class='ocrx_word' id='word_1_341' title='bbox 1951 5228 2145 5291; x_wconf 68' lang='lat' dir='ltr'><strong>Rozr.</strong></span> <span class='ocrx_word' id='word_1_342' title='bbox 2206 5230 2263 5309; x_wconf 65' lang='grc'><strong>2)</strong></span> <span class='ocrx_word' id='word_1_343' title='bbox 2306 5232 2507 5291; x_wconf 77' lang='lat' dir='ltr'><strong>iudicii</strong></span> <span class='ocrx_word' id='word_1_344' title='bbox 2572 5232 2695 5295; x_wconf 76' lang='lat' dir='ltr'><strong>Ed.</strong></span> <span class='ocrx_word' id='word_1_345' title='bbox 2742 5232 2919 5315; x_wconf 70' lang='lat' dir='ltr'><strong>Lt‘ps.</strong></span> <span class='ocrx_word' id='word_1_346' title='bbox 2980 5236 3033 5298; x_wconf 67' lang='lat'><strong>³]</strong></span> <span class='ocrx_word' id='word_1_347' title='bbox 3082 5239 3361 5299; x_wconf 73' lang='lat' dir='ltr'><strong>Polouiae</strong></span> <span class='ocrx_word' id='word_1_348' title='bbox 3406 5238 3535 5301; x_wconf 79' lang='lat' dir='ltr'><strong>Ed.</strong></span> <span class='ocrx_word' id='word_1_349' title='bbox 3583 5237 3772 5321; x_wconf 59' lang='grc' dir='ltr'><strong>[ἔμε.</strong></span> <span class='ocrx_word' id='word_1_350' title='bbox 3828 5237 3887 5315; x_wconf 78' lang='lat'><strong>⁴)</strong></span> <span class='ocrx_word' id='word_1_351' title='bbox 3928 5256 4019 5296; x_wconf 82' lang='lat' dir='ltr'><strong>ex·</strong></span> 
     </span>
     <span class='ocr_line' id='line_1_38' title="bbox 920 5328 4003 5414; baseline 0 -17"><span class='ocrx_word' id='word_1_352' title='bbox 920 5338 1182 5414; x_wconf 71' lang='lat' dir='ltr'><strong>peditam</strong></span> <span class='ocrx_word' id='word_1_353' title='bbox 1243 5332 1398 5396; x_wconf 63' lang='grc' dir='ltr'><strong>(ὀᾶ.</strong></span> <span class='ocrx_word' id='word_1_354' title='bbox 1445 5332 1623 5396; x_wconf 65' lang='lat' dir='ltr'><strong>Calc.</strong></span> <span class='ocrx_word' id='word_1_355' title='bbox 1693 5335 1750 5413; x_wconf 71' lang='lat'><strong>⁸)</strong></span> <span class='ocrx_word' id='word_1_356' title='bbox 1795 5354 1974 5411; x_wconf 81' lang='lat' dir='ltr'><strong>qnam</strong></span> <span class='ocrx_word' id='word_1_357' title='bbox 2027 5336 2247 5393; x_wconf 84' lang='lat' dir='ltr'><strong>bellum</strong></span> <span class='ocrx_word' id='word_1_358' title='bbox 2306 5328 2457 5395; x_wconf 65' lang='lat' dir='ltr'><strong>Coa,</strong></span> <span class='ocrx_word' id='word_1_359' title='bbox 2516 5332 2705 5397; x_wconf 73' lang='lat' dir='ltr'><strong>Rozr.</strong></span> <span class='ocrx_word' id='word_1_360' title='bbox 2772 5336 2825 5413; x_wconf 67' lang='lat'><strong>⁶]</strong></span> <span class='ocrx_word' id='word_1_361' title='bbox 2870 5340 3003 5398; x_wconf 77' lang='lat' dir='ltr'><strong>lacu</strong></span> <span class='ocrx_word' id='word_1_362' title='bbox 3060 5342 3239 5400; x_wconf 76' lang='lat' dir='ltr'><strong>etiam</strong></span> <span class='ocrx_word' id='word_1_363' title='bbox 3294 5344 3557 5403; x_wconf 76' lang='lat' dir='ltr'><strong>ambitur</strong></span> <span class='ocrx_word' id='word_1_364' title='bbox 3618 5339 3779 5403; x_wconf 76' lang='lat' dir='ltr'><strong>Cod.</strong></span> <span class='ocrx_word' id='word_1_365' title='bbox 3834 5339 4003 5401; x_wconf 68' lang='grc' dir='ltr'>Βοττ-</span> 
     </span>
     <span class='ocr_line' id='line_1_39' title="bbox 927 5434 3123 5522; baseline 0.005 -30"><span class='ocrx_word' id='word_1_366' title='bbox 927 5436 986 5522; x_wconf 66' lang='grc' dir='ltr'><strong>τ)</strong></span> <span class='ocrx_word' id='word_1_367' title='bbox 1028 5438 1460 5513; x_wconf 67' lang='lat' dir='ltr'><strong>Wylgembork</strong></span> <span class='ocrx_word' id='word_1_368' title='bbox 1506 5434 1656 5499; x_wconf 67' lang='lat' dir='ltr'><strong>Coti.</strong></span> <span class='ocrx_word' id='word_1_369' title='bbox 1711 5436 1832 5499; x_wconf 68' lang='lat'><strong>0121</strong></span> <span class='ocrx_word' id='word_1_370' title='bbox 1839 5458 1890 5497; x_wconf 74' lang='lat' dir='ltr'><strong>e.</strong></span> <span class='ocrx_word' id='word_1_371' title='bbox 1939 5436 1996 5511; x_wconf 68' lang='grc' dir='ltr'><strong>ει)</strong></span> <span class='ocrx_word' id='word_1_372' title='bbox 2040 5434 2433 5513; x_wconf 59' lang='lat' dir='ltr'><strong>Dabrowskie</strong></span> <span class='ocrx_word' id='word_1_373' title='bbox 2478 5438 2689 5497; x_wconf 82' lang='lat' dir='ltr'><strong>ieaioro</strong></span> <span class='ocrx_word' id='word_1_374' title='bbox 2736 5435 2887 5501; x_wconf 64' lang='lat'><strong>(³011.</strong></span> <span class='ocrx_word' id='word_1_375' title='bbox 2930 5438 3123 5502; x_wconf 78' lang='lat' dir='ltr'><strong>Rozr.</strong></span> 
     </span>
    </p>
   </div>
  </div>
 </body>
</html>
