4342 6384
429 611 561 715 (Α.
600 615 691 689 D.
734 611 985 712 1428.)
1586 635 1810 688 muna
1862 631 2326 688 menemus,
3381 605 3526 678 357

428 820 705 914 insigne
760 843 965 895 suum
1020 822 1229 894 decus
1286 825 1358 893 et
1412 825 1927 901 ornamentum,
1985 819 2194 911 longo
2250 821 2559 908 tempore
2596 812 2895 888 deflebat
2931 810 3248 885 Polonia.
3308 812 3525 904 Quem

427 941 826 1033 posteritati
884 939 1297 1013 imitandum
1355 940 1948 1026 commendatum,
2016 938 2146 1010 tali
2201 937 2440 1023 illum,
2507 942 2846 1025 actusque
2911 953 3110 1019 suos,
3175 953 3264 1004 ne
3328 934 3528 1004 vetu-

429 1065 612 1134 state
668 1062 1158 1148 obruerentur,
1218 1060 1479 1134 extulit
1536 1061 2095 1153 Epigramma-te:

1046 1279 1243 1346 Arma
1284 1285 1396 1345 tua
1438 1279 1709 1362 fulgent,
1756 1278 1871 1345 sed
1916 1299 2042 1344 non
2086 1277 2191 1344 hie
2235 1297 2385 1344 ossa
2428 1276 2784 1360 quieseunt,

1046 1384 1251 1450 Divae
1296 1383 1635 1450 memoriae
1680 1383 1888 1466 miles,
1935 1403 1972 1447 o
2018 1380 2354 1446 Zawiseha
2395 1379 2604 1462 niger!

1048 1487 1177 1552 Alti
1224 1486 1479 1569 quidem
1522 1485 1774 1568 generis
1818 1484 2057 1568 fueras,
2104 1482 2222 1550 sed
2265 1481 2448 1547 altior
2492 1481 2680 1566 actis,

1050 1590 1249 1656 Mirae
1292 1588 1537 1654 virtutis
1583 1587 1816 1671 honos,
1862 1586 2230 1672 patriaeque
2275 1584 2469 1650 deeus
2506 1583 2573 1670 ¹).

1049 1693 1189 1759 Non
1233 1697 1380 1757 tuae
1422 1691 1670 1756 virtutis
1719 1691 2061 1773 cumulum,
2106 1707 2234 1753 non
2277 1686 2504 1752 merita
2545 1684 2779 1770 laudis,

1050 1797 1193 1861 Non
1238 1795 1455 1877 magni
1501 1794 1695 1859 animi
1741 1792 2012 1860 seribere
2057 1797 2244 1874 gesta
2285 1809 2441 1874 paro
2457 1840 2475 1874 ‚

1046 1899 1180 1964 Nee
1205 1898 1258 1985 ²)
1304 1896 1473 1963 enim
1519 1897 1752 1980 exigua
1793 1900 2056 1980 possent
2098 1894 2468 1960 membrana
2509 1891 2739 1975 teneri3

1047 2001 1250 2065 Fama
1291 2006 1438 2065 tuae
1482 1997 1689 2065 laudis
1734 1998 1884 2064 orbe
1929 1996 2338 2063 celeberrima
2381 2001 2530 2060 toto.

1050 2102 1179 2169 Sed
1222 2102 1336 2168 tibi
1366 2101 1417 2185 ³)
1465 2103 1605 2184 quis
1650 2101 1839 2167 fuerit
1879 2101 2050 2184 finis,
2100 2119 2224 2182 quo
2268 2099 2527 2164 vulnere
2571 2095 2791 2162 mortis

1053 2205 1338 2272 Gesseris
1383 2226 1419 2270 e
1462 2205 1621 2290 vita,
1670 2204 1843 2270 tenui
1887 2205 2124 2288 plectro
2170 2223 2416 2268 canam.

1048 2309 1234 2374 Anno
1279 2308 1536 2374 milleno
1583 2305 2127 2390 quadringenteno
2172 2306 2427 2388 vieen0,

1048 2409 1159 2476 Bis
1204 2417 1427 2493 quater
1469 2409 1805 2492 adiunctiS,
1852 2409 2008 2492 fato,
2055 2407 2179 2474 heu
2223 2408 2418 2474 flebili
2462 2407 2733 2487 eunetiS,

1050 2513 1247 2578 Arma
1288 2513 1499 2598 parari
1542 2511 1719 2578 iubet
1759 2513 1827 2577 in
1871 2512 2179 2595 Teucros,
2225 2510 2422 2577 milite
2467 2512 2690 2594 multo,

1050 2616 1187 2681 Rex
1232 2615 1677 2699 Sigismundus
1720 2615 2145 2680 Romanorum
2191 2613 2711 2697 Hungariaeque‚

1051 2721 1221 2784 Dum
1266 2724 1540 2784 castrum
1586 2716 1949 2802 Golubyeez
1992 2717 2059 2781 in
2104 2735 2350 2782 summo
2395 2714 2666 2782 eulmine
2713 2714 2903 2782 situm

1050 2822 1309 2904 Montis,
1354 2839 1540 2903 quem
1584 2821 1759 2884 lavat
1799 2837 2105 2903 praeceps
2150 2816 2482 2883 Danubius
2527 2815 2746 2896 undis,

1050 2925 1435 3009 Expugnare
1479 2922 1749 3006 quaerit,
1795 2921 2032 2987 viribus
2077 2927 2141 2988 et
2184 2921 2478 2986 maximis
2522 2920 2745 3004 instat3

1053 3026 1181 3092 Sed
1223 3025 1483 3091 tandem
1525 3024 1822 3109 Phrygiis
1865 3024 2104 3090 viribus
2148 3023 2406 3105 fugatus
2451 3029 2516 3090 et
2558 3022 2753 3088 armis
2780 3021 2857 3109 ⁴),

1051 3128 1329 3195 Danubii
1372 3127 1587 3194 valido
1631 3128 1908 3212 pulsavit
1950 3127 2191 3209 remige
2243 3127 2496 3211 fluetus,

1052 3233 1196 3298 Non
1242 3237 1301 3296 te
1346 3230 1647 3316 deseruit,
1696 3229 1811 3296 sed
1855 3230 2080 3295 eedere
2124 3230 2292 3295 nolle
2338 3229 2650 3297 dicentem

1052 3333 1446 3400 Ammonuit:
1492 3341 1561 3398 at
1602 3339 1669 3398 tu
1697 3332 1771 3420 ⁵),
1818 3332 2075 3399 honoris
2126 3333 2402 3399 maxime
2447 3340 2685 3418 eustos,

1053 3439 1265 3522 Turpe
1308 3443 1483 3503 ratus
1527 3437 1792 3521 crimen,
1839 3437 1976 3502 sine
2020 3443 2083 3502 te
2128 3436 2184 3502 si
2232 3455 2424 3502 caesa
2465 3436 2690 3502 fuisset

1052 3542 1209 3606 Pars
1255 3540 1580 3623 comitum,
1630 3559 1817 3622 quam
1864 3545 1931 3606 tu
1974 3540 2193 3605 mortis
2237 3539 2302 3604 in
2349 3538 2638 3606 faucibus
2683 3559 2856 3623 esse,

1054 3642 1349 3729 Videras,
1395 3648 1459 3708 et
1500 3642 1739 3708 nullam
1782 3641 1910 3707 illis
1955 3662 2288 3726 superesse
2333 3642 2628 3725 salutem,

1056 3746 1215 3813 Cum
1260 3745 1595 3831 splendent
1638 3747 1869 3831 campi,
1915 3745 2065 3811 furit
2098 3744 2152 3832 ⁶)
2199 3745 2511 3811 Mavortia
2550 3745 2775 3828 virtus,

1053 3849 1353 3914 Pulveres
1396 3848 1753 3932 insurgunt,
1801 3854 1986 3914 sonat
2028 3848 2372 3931 mugitibus
2418 3847 2672 3913 aether:

1058 3953 1263 4030 Quam
1306 3951 1543 4017 bellum
1586 3951 1815 4034 ingens
1860 3950 2079 4035 oritur,
2126 3959 2555 4035 quantumque
2601 3950 2836 4017 cruoris

1054 4055 1341 4140 Profluit,
1387 4073 1529 4120 eum
1574 4055 1721 4120 totis
1766 4059 2126 4120 sternuntur
2170 4073 2435 4140 corpora
2478 4054 2747 4139 eampis,

1056 4159 1224 4223 Dum
1266 4163 1329 4223 te
1374 4157 1675 4223 fulmineo
1721 4177 1901 4242 ense,
1947 4157 2286 4241 animoque
2329 4157 2550 4242 feroci,

1056 4262 1255 4343 Inque
1300 4259 1425 4324 tuis
1469 4259 1642 4325 videt
1685 4281 1837 4325 auro
1882 4260 2272 4342 fulgentibus
2316 4260 2536 4344 armis,

1056 4362 1301 4427 Teucer
1343 4361 1433 4425 ait
1460 4361 1547 4448 ⁷):
1594 4361 1891 4444 Nunquid
1924 4361 1980 4449 ⁸)
2026 4361 2316 4429 Thetidis
2361 4363 2738 4429 saevissima
2779 4363 3016 4448 proles,

1058 4465 1263 4542 Quam
1307 4470 1487 4528 atrox
1532 4465 1746 4530 multis
1790 4466 1993 4530 tenuit
2034 4465 2162 4530 iam
2209 4466 2480 4531 saeculis
2527 4465 2726 4532 Oreus

1054 4568 1131 4632 In
1176 4566 1438 4632 eaedem
1480 4565 1827 4651 Phrygiae,
1874 4568 2063 4634 Erebi
2088 4567 2145 4655 ⁹)
2193 4570 2402 4634 soluta
2444 4573 2697 4652 eatena,

1054 4671 1216 4735 Item
1260 4669 1444 4736 adest
1486 4670 1717 4736 nostris
1760 4671 1861 4736 vel
1906 4669 2105 4737 hostis
2151 4671 2410 4750 viribus,
2431 4671 2624 4755 Aiax,

1058 4772 1263 4838 Cerno
1307 4772 1589 4838 animum
1631 4779 1900 4852 trucem,
1946 4793 2134 4839 eerno
2179 4774 2490 4840 Vulcania
2532 4795 2743 4859 arma,

1060 4876 1215 4953 Quis
1261 4875 1368 4959 sit,
1412 4875 1665 4960 ignoro,
1710 4877 1777 4941 in
1822 4875 1923 4941 his
1965 4877 2311 4942 Mavortius
2355 4876 2596 4943 heros?

1057 4980 1225 5044 Dum
1271 4979 1495 5062 clypeo
1540 4977 1849 5062 hastaque
1893 4978 2071 5044 ferox
2117 4979 2211 5044 sie
2253 4979 2404 5045 furit
2444 4981 2512 5045 in
2555 4979 2799 5064 hostes,

1056 5082 1427 5145 Innumeros
1472 5081 1674 5146 cassis
1720 5081 2091 5164 Spar-tarum
2134 5082 2391 5166 pertulit
2431 5083 2623 5167 ietuS,

656 5307 705 5388 ¹)
750 5309 1066 5385 decusque.
1117 5303 1268 5370 Cod.
1321 5303 1496 5370 Calv.
1560 5303 1614 5387 2)
1658 5308 1869 5384 Neque
1920 5302 2071 5369 Cod.
2118 5305 2296 5368 Kost.
2361 5305 2413 5386 ³)
2457 5309 2570 5368 sibi
2621 5304 2772 5371 Cod.
2817 5304 3012 5370 Rozr.
3079 5306 3131 5386 ⁴¹)
3177 5309 3537 5386 Expugnare

435 5415 696 5490 quaerit,
738 5413 967 5472 viribus
1010 5413 1251 5488 fugatus
1297 5417 1357 5471 et
1400 5413 1579 5471 armis
1623 5408 1749 5472 Ed.
1799 5407 1979 5493 Lips.
2029 5409 2081 5491 ⁵)
2126 5410 2477 5489 Admonuit,
2525 5412 2630 5473 sed
2675 5417 2737 5472 tu
2769 5408 2895 5473 Ed.
2930 5407 3110 5493 Lips.
3159 5408 3212 5490 ⁶)
3245 5412 3357 5471 fuit
3383 5407 3534 5474 Cod.

434 5513 632 5578 Rozr.
664 5515 851 5594 fulget
880 5510 1006 5576 Ed.
1042 5511 1221 5596 Lips.
1257 5511 1307 5593 ⁷)
1340 5515 1466 5592 agit
1498 5509 1650 5576 Cod.
1682 5511 1858 5575 Kost.
1900 5509 1951 5584 ε)
1982 5514 2301 5591 Nunquam
2337 5509 2488 5576 Cod.
2536 5511 2713 5576 Kost.
2764 5511 2816 5594 ¹³)
2864 5513 3108 5575 haeredi
3157 5510 3308 5577 Cod.
3353 5512 3534 5577 Kost.
