4342 6384
868 548 1018 620 102
2051 566 2279 621 amun
2331 568 2791 627 unnncmua.
3425 544 3559 645 (Α.
3595 545 3688 622 D.
3728 543 3967 644 1410.)

863 751 1198 827 cruciferi
1235 756 1542 826 castrum
1579 754 1936 845 Tucholya
1972 754 2403 842 obsidenteS,
2462 754 2700 845 plures
2741 752 3057 831 homines
3095 752 3311 825 armis
3350 752 3634 827 indutos
3672 757 3741 827 et
3780 752 3959 826 idio-

861 872 1072 946 matis
1127 872 1446 946 Polonici
1499 893 1788 967 gnaroS,
1851 877 1921 945 et
1978 874 2340 966 signanter
2392 873 2935 949 Dobrzinensem
2976 874 3319 969 quendam
3359 873 3657 947 militem
3694 871 3963 961 Nawir‚

862 992 984 1085 qni
1037 992 1317 1086 proprio
1370 994 1560 1085 Rege
1613 993 1920 1075 deserto,
1977 994 2066 1065 ad
2119 992 2508 1067 cruciferos
2546 995 3053 1087 transfugerat,
3110 1014 3338 1067 coram
3374 993 3704 1067 Ianussio
3742 994 3962 1065 Brzo-

860 1112 1082 1205 glowy
1123 1112 1176 1202 ¹)
1248 1117 1318 1186 et
1371 1112 1668 1185 caeteris
1732 1112 1806 1186 in
1869 1116 2097 1185 castro
2162 1113 2520 1205 Tucholya
2585 1112 2920 1201 obsessis,
2988 1112 3382 1204 producunt
3445 1115 3515 1186 et
3578 1116 3963 1197 ostentant,

863 1237 1252 1306 asserentes
1309 1252 1382 1306 se
1435 1233 1521 1306 de
1576 1232 1890 1305 exercitu
1953 1232 2170 1325 Regis
2236 1238 2397 1305 ante
2462 1234 2809 1307 Koronow
2873 1233 3218 1327 insignem
3274 1233 3709 1325 triumphum
3763 1236 3955 1304 retu-

869 1353 1074 1440 lisse,
1134 1356 1204 1425 et
1257 1352 1332 1425 in
1388 1352 1667 1445 signum
1731 1352 2070 1425 victoriae
2130 1354 2482 1444 praefatos
2538 1358 2875 1442 armatos,
2933 1354 3136 1446 quasi
3190 1353 3343 1432 illic
3396 1352 3961 1445 comprehensos,

863 1472 1264 1547 adduxisse.
1324 1472 1762 1545 Ornaverant
1812 1472 2104 1565 insuper
2153 1478 2237 1545 nt
2265 1471 2330 1563 2)
2386 1474 2557 1547 fides
2612 1474 2941 1547 relationi
2989 1495 3227 1550 eorum
3262 1476 3498 1549 vafrae
3536 1472 3762 1545 astrui
3797 1492 3961 1565 pos-

863 1598 1001 1681 set,
1057 1592 1448 1685 praefatum
1501 1592 1743 1665 Nawir
1777 1592 2322 1666 Dobrzinensem
2358 1593 2690 1683 militem,
2746 1595 3045 1666 rotundo
3084 1598 3153 1667 et
3192 1614 3281 1669 ex
3320 1592 3720 1687 margaritis
3758 1595 3964 1665 texto

863 1713 1152 1803 crinali,
1211 1713 1396 1805 quod
1448 1712 1702 1786 Poloni
1755 1714 1938 1786 Pan
1959 1714 2213 1786 thlik
2246 1711 2308 1803 ³)
2363 1714 2756 1807 appellant,
2822 1720 2893 1788 et
2947 1714 3129 1807 quod
3185 1716 3495 1793 fervente
3552 1710 3965 1786 certaminis

863 1832 1416 1906 Koronoviensis
1478 1854 1886 1925 progressu,
1955 1856 1995 1907 a
2050 1834 2344 1907 Nicolao
2408 1835 2691 1907 Powala
2742 1855 2829 1908 ex
2886 1855 3061 1926 equo
3127 1834 3396 1908 deiecto
3458 1838 3530 1912 et
3589 1852 3767 1925 pene
3820 1831 3963 1903 iam

863 1957 1100 2045 capto,
1159 1954 1552 2026 Almaunus
1607 1954 1891 2045 quidam
1946 1954 2370 2028 detraxerat.
2429 1953 2804 2028 Ostentant
2856 1954 3094 2047 itaque
3148 1954 3488 2031 cruciferi
3522 1950 3963 2045 praedictum

864 2072 1138 2163 Nawir,
1213 2073 1696 2149 huiuscemodi
1767 2074 2019 2147 crinali
2091 2079 2161 2148 ot
2232 2074 2446 2148 armis
2512 2080 2867 2163 ornatum,
2934 2074 3259 2148 Ianussio
3342 2074 3773 2169 Brzoglowy‚
3830 2072 3963 2143 fin·

871 2197 1192 2286 gnntque
1245 2193 1450 2266 illum
1505 2193 1880 2268 Nicolaum
1933 2194 2285 2268 Powalam
2340 2216 2516 2269 esse.
2590 2194 2849 2269 Verum
2922 2194 3056 2268 etsi
3120 2194 3490 2267 Ianussius
3555 2193 3967 2286 Brzoglowy

865 2313 1162 2404 crinale,
1219 2314 1405 2407 quod
1458 2314 2013 2403 monstrabatur,
2071 2314 2352 2387 Nicolai
2405 2314 2725 2388 Powalae
2753 2315 2819 2405 ⁴)
2873 2314 3051 2408 regii
3104 2314 3359 2387 militis
3414 2313 3637 2389 fuisse
3686 2332 3811 2403 per
3864 2310 3963 2384 si-

863 2454 1079 2526 gnnm
1132 2432 1570 2527 agnovisset,
1627 2434 1904 2526 quaerit
1956 2438 2191 2507 tamen
2246 2455 2287 2505 a
2340 2434 2611 2523 Nawir,
2676 2440 2757 2506 ut
2812 2435 2971 2527 quis
3027 2438 3243 2524 esset,
3312 2454 3628 2526 quaeque
3680 2433 3969 2507 fortuna

864 2555 1077 2644 foret,
1135 2553 1459 2627 ediceret.
1527 2553 1662 2645 Qui
1717 2574 1792 2627 se
1844 2553 2217 2627 Nicolaum
2280 2554 2591 2643 Powala‚
2649 2558 2719 2627 et
2775 2554 3157 2628 exercitum
3220 2554 3440 2648 Regis
3494 2574 3535 2625 a
3588 2551 3967 2627 cruciferis

860 2673 1214 2747 devictum
1283 2694 1436 2747 esse
1506 2673 1882 2761 mentituS‚
1957 2673 2362 2746 Ianussinm
2428 2674 2837 2767 Brzoglowy
2894 2680 2962 2748 et
3016 2675 3091 2748 in
3146 2674 3634 2749 credulitatem
3708 2694 3956 2749 eorum

863 2793 1206 2883 omnium,
1266 2814 1443 2887 quae
1498 2793 1834 2867 cruciferi
1889 2798 2561 2883 commentaveram,
2620 2799 2690 2867 et
2743 2794 2815 2867 in
2868 2795 3202 2888 grandem
3256 2814 3583 2887 pavorem
3629 2790 3967 2887 impellit.

865 2913 968 2985 Ea
1025 2914 1284 2987 etenim
1346 2914 1876 2988 denuntiatione
1929 2915 2329 3006 perculsae,
2388 2918 2458 2987 et
2512 2914 2799 3007 ignarus
2853 2913 3085 2988 caedis
3139 2916 3224 2987 de
3280 2913 3653 2988 cruciferis
3708 2913 3963 3000 factae,

866 3054 1044 3125 quae
1099 3032 1236 3107 sibi
1287 3038 1490 3107 nocte
1537 3035 2102 3126 superveniente,
2161 3055 2203 3107 a
2259 3034 2620 3126 capitaneo
2676 3035 2899 3127 regio,
2956 3036 3097 3107 alia
3151 3032 3605 3127 occupatione
3656 3039 3967 3107 mentem

865 3152 1282 3243 distinente,
1339 3152 1718 3227 difficulter
1769 3159 2045 3245 poterat
2098 3154 2445 3243 intimari,
2512 3175 2669 3227 cum
2734 3155 3055 3228 hostibus
3110 3156 3193 3229 de
3247 3154 3665 3228 dimittendo
3728 3156 3967 3227 castro

865 3273 1222 3365 Tucholya
1287 3277 1664 3345 tractatum
1719 3273 2112 3366 ingressus,
2161 3274 2576 3365 paciscitur,
2618 3280 2687 3348 et
2724 3275 3035 3366 impletis
3072 3274 3332 3367 pactiS,
3372 3278 3601 3347 castro
3638 3272 3966 3361 dimisso,

867 3413 1024 3465 cum
1089 3393 1413 3466 omnibus
1478 3392 1600 3485 qui
1665 3413 1900 3467 secum
1964 3393 2394 3467 obsidionem
2456 3395 2959 3481 toleraverant,
3027 3395 3114 3467 ad
3179 3396 3443 3489 Regem
3496 3394 3572 3467 in
3624 3392 3969 3469 Iuniwla·

865 3512 1241 3586 dislaviam
1296 3514 1513 3586 venit.
1570 3513 1990 3605 Intelligens
2045 3519 2279 3586 autem
2336 3514 2721 3587 exercitum
2768 3515 3070 3608 regium,
3128 3515 3573 3608 magnificum
3610 3513 3694 3585 de
3730 3512 3967 3587 hosti-

863 3634 995 3707 bus
1049 3632 1382 3706 retnlisse
1437 3634 1904 3725 triumphum,
1961 3638 2032 3709 et
2069 3655 2144 3707 se
2180 3634 2492 3707 hostium
2528 3634 2711 3708 dolis
2748 3636 3333 3723 circumventum,
3392 3634 3466 3708 in
3503 3634 3775 3707 flebiles
3812 3632 3971 3706 sin-

862 3755 1106 3847 gultus
1159 3774 1652 3846 prorumpenS,
1718 3760 1787 3828 et
1841 3775 2051 3827 manu
2116 3755 2392 3827 violans
2458 3754 2995 3847 discerpensque
3058 3756 3314 3847 capitis
3378 3754 3489 3827 sui
3555 3753 3971 3843 caesariem,

864 3874 1126 3965 pudore
1181 3879 1252 3947 et
1304 3874 1542 3948 dolore
1595 3874 1811 3947 nimio
1867 3875 2283 3967 angebatur,
2352 3876 2536 3969 quod
2589 3876 2703 3948 vir
2756 3875 3071 3967 alioquin
3134 3875 3207 3947 in
3262 3874 3473 3948 bellis
3528 3872 3975 3949 exercitatus

867 3998 939 4066 et
991 3992 1408 4085 disciplinae
1461 3994 1794 4068 milita-ris
1849 3995 2152 4087 peritus,
2223 3999 2369 4066 tam
2435 3995 2635 4068 foeda
2688 4000 2757 4068 et
2811 3994 3067 4068 callida
3123 3994 3415 4067 vafricie
3470 4014 3547 4067 se
3599 3994 3974 4086 permisis-

868 4118 976 4186 set
1028 4112 1550 4202 circnmveniri‚
1609 4118 1679 4187 et
1733 4118 1961 4187 castro
2015 4114 2417 4187 firmissimo
2470 4136 2596 4206 per
2648 4115 3108 4188 collusionem
3163 4118 3233 4187 et
3286 4114 3603 4187 fraudem
3641 4113 3983 4206 spoliari²

868 4231 942 4304 in
998 4233 1186 4307 omni
1217 4232 1278 4323 5)
1334 4234 1484 4307 vita
1539 4255 1666 4306 sua
1722 4239 1792 4307 et
1845 4235 2223 4307 subsecuta
2259 4240 2329 4307 et
2367 4239 2751 4323 transacta,
2803 4235 2875 4307 in
2912 4236 3184 4307 nullam
3221 4239 3366 4307 tam
3404 4236 3677 4308 foedam
3714 4239 3787 4307 et
3824 4234 3981 4309 sibi

866 4356 1139 4445 turpem
1193 4373 1235 4424 a
1269 4352 1578 4442 fortuna,
1636 4373 1813 4445 quae
1849 4352 1959 4425 illi
1998 4353 2339 4446 plurimos
2380 4354 2810 4446 largiebatur
2864 4374 3264 4443 successuS,
3322 4353 3831 4448 praecipitatus
3866 4354 3969 4445 Β).

922 4703 1140 4777 Peloui
1184 4704 1454 4777 duotore
1495 4704 1684 4776 Petro
1727 4704 2220 4795 §chanaana
2264 4705 2653 4796 praesidium
2697 4706 3118 4779 Tueholionse
3162 4706 3475 4793 fundunt,
3520 4707 3919 4798 fugantque.

1075 4953 1468 5046 Collegerat
1536 4953 1867 5045 posthaec
1936 4953 2267 5027 Prussiae
2331 4954 2666 5047 Magister
2728 4954 3077 5028 Henricus
3133 4954 3217 5027 de
3270 4955 3554 5027 Plawen
3625 4975 3985 5047 maguum

872 5092 1232 5145 numerum
1287 5071 1864 5145 mercenariorum
1921 5093 2256 5146 novorum
2313 5072 2653 5163 militum,
2712 5096 2798 5147 ex
2854 5074 3070 5147 variis
3116 5074 3523 5147 nationibus
3562 5079 3633 5149 et
3668 5074 3988 5167 linguiS.

1085 5346 1131 5427 ¹)
1177 5348 1598 5425 Brzozoglovvy
1639 5345 1764 5409 Ed.
1813 5343 1995 5430 Lips.
2047 5346 2099 5423 Ω)
2143 5348 2225 5408 Et
2267 5354 2333 5408 ut
2378 5344 2529 5411 Cod.
2575 5344 2765 5410 Rozr.
2815 5346 2867 5428 8)
2914 5349 3115 5427 Patlik
3162 5342 3316 5409 Cod.
3368 5345 3560 5410 Rozr.
3608 5344 3665 5427 ⁴)
3696 5348 3963 5410 Paula

872 5446 1000 5511 Ed.
1045 5446 1228 5533 Lips.
1278 5448 1334 5529 ⁵)
1379 5451 1440 5510 in
1485 5453 1642 5511 omni
1687 5450 1976 5526 siquidem
2025 5445 2177 5512 cod.
2238 5446 2429 5511 Rozr.
2477 5446 2531 5529 ὅ)
2574 5452 2996 5527 praecipitatus
3042 5456 3187 5511 erat.
3237 5446 3392 5514 cod.
3438 5448 3632 5514 Rozr.
