4342 6384
321 569 447 672 (Α.
489 572 578 647 D.
620 571 851 671 1431.)
1473 597 1698 648 meme
1749 596 2210 650 annuemus.
3254 577 3405 650 453

317 779 730 852 camerarius
804 780 1316 868 cracoviensiS,
1390 780 1644 854 Petrus
1720 782 2146 874 Myedzusky
2186 782 2275 870 1),
2349 783 2685 854 Derslaus
2750 781 3273 874 Wlosthowsky
3339 786 3408 856 et

317 898 614 971 Hriczko
680 899 1251 991 Kyerdeyowicz,
1311 901 1693 993 assumptis
1749 901 2020 974 duobus
2075 901 2395 974 millibus
2454 905 2951 994 pugnatorum,
3011 923 3097 973 ex
3153 901 3406 974 castris

317 1019 609 1110 egressi,
653 1039 898 1091 versus
935 1019 1528 1110 Krzemyenyecz,
1587 1025 1996 1112 quaerentes
2045 1021 2357 1093 hostium
2396 1042 2840 1113 congressum
2894 1024 3405 1111 processerunt.

316 1140 538 1211 Duces
593 1144 826 1210 autem
882 1138 1113 1210 Wasil
1168 1144 1238 1211 et
1293 1140 1608 1211 Balaban
1673 1161 1830 1212 cum
1885 1140 2343 1213 multitudine
2397 1141 2881 1213 Ruthenorum
2938 1145 3007 1212 et
3064 1141 3402 1214 Valacho-

316 1279 500 1345 rum,
557 1261 788 1329 castro
843 1258 1402 1350 Krzemyenyecz
1457 1259 1751 1351 egressi,
1781 1259 1884 1330 ·in
1938 1261 2273 1348 PolonoS,
2334 1259 2451 1350 qui
2511 1259 2857 1331 ininsula
2911 1280 3123 1351 prope
3162 1259 3407 1330 villam

317 1376 635 1467 Tiwanye
665 1376 727 1465 2)
786 1398 858 1449 se
913 1378 1346 1464 locaverant,
1414 1378 1938 1476 multitudinem
1995 1401 2231 1451 eorum
2297 1379 2731 1472 ignoranteS,
2789 1380 3235 1470 pabulatores
3292 1399 3407 1450 eos

312 1497 476 1583 rati,
546 1496 718 1568 feria
782 1497 990 1568 tertia
1053 1497 1236 1568 infra
1289 1497 1816 1589 Assumptionis
1875 1497 2171 1570 Sanctae
2232 1498 2493 1570 Mariae
2523 1497 2585 1585 ³)
2641 1498 2971 1585 OctavaS,
3030 1499 3103 1570 in
3158 1519 3407 1570 aurora

318 1615 574 1687 irrunt:
633 1617 752 1688 sed
809 1637 850 1687 a
905 1615 1357 1688 multitudine
1411 1617 1834 1689 Polonorum
1889 1618 2082 1690 illico
2123 1617 2401 1706 obtriti,
2458 1617 2702 1708 paucis
2758 1617 3223 1710 fugientibuS,
3268 1619 3407 1688 fere

316 1755 547 1806 omnes
602 1733 1007 1824 interempti
1033 1734 1120 1823 ⁴).
1194 1734 1444 1807 Poloni
1477 1735 1537 1824 5)
1603 1757 1853 1828 magna
1919 1738 2175 1828 praeda
2237 1737 2481 1828 potiti,
2547 1737 2851 1808 victores
2913 1737 3271 1810 redierunt
3333 1736 3407 1807 in

315 1859 572 1941 castra,
632 1858 702 1925 et
756 1843 1162 1926 universum
1203 1855 1342 1927 fere
1381 1855 1764 1927 exercitum
1822 1877 1908 1928 ex
1947 1860 2150 1947 capto
2207 1877 2451 1947 pecore
2507 1858 2909 1929 refecerant.
2966 1857 3053 1928 In
3091 1855 3408 1929 exercitu

311 1974 499 2066 regio
555 1994 848 2065 magnus
914 1965 1136 2045 fo'etor
1201 1978 1268 2044 et
1323 1995 1654 2046 numerus
1719 1995 2114 2047 muscarum
2180 1975 2252 2046 in
2309 1975 2459 2047 dies
2524 1976 2875 2048 crescebat
2940 1996 3025 2048 ex
3082 1975 3406 2048 multitu-

313 2094 472 2165 dine
527 2083 860 2184 equdrum
915 2093 1387 2165 morientium.
1446 2094 1698 2185 Magna
1753 2095 1936 2167 enim
1993 2095 2104 2166 vis
2159 2095 2381 2168 morbi
2439 2103 2509 2168 et
2560 2093 2783 2185 pestis
2838 2094 2909 2167 in
2967 2093 3152 2166 omni
3210 2114 3413 2166 exer-v

312 2212 456 2285 citu
512 2233 724 2303 equos
761 2211 1118 2284 invaserat
1147 2209 1234 2300 ὓ),
1294 2233 1381 2284 ex
1407 2234 1498 2284 .eo
1534 2213 1986 2303 provenienS,
2046 2215 2229 2305 quod
2268 2214 2428 2305 equi
2467 2214 2704 2286 tritico
2742 2215 3058 2286 aculeato
3113 2219 3183 2286 et
3222 2219 3409 2286 setas

326 2333 656 2420 habente,
721 2332 795 2404 in
848 2332 1054 2424 gleba
1105 2332 1304 2404 uberi
1357 2337 1544 2419 nat0,
1602 2333 1953 2422 pabulati,
2019 2333 2332 2424 digerere
2386 2333 2567 2404 illud
2622 2353 2708 2404 ex
2764 2333 3033 2424 integro
3090 2353 3227 2403 non
3285 2354 3403 2403 va-

309 2454 570 2540 lente8‚
629 2451 1170 2524 suffocabantur.
1245 2452 1642 2543 Ingensque
1708 2452 2037 2522 damnum
2103 2473 2190 2523 ex
2264 2457 2459 2542 peste
2532 2472 2865 2542 equorum
2934 2451 3407 2523 deficientium

310 2571 662 2644 exercitus
717 2571 952 2664 regius
1009 2577 1318 2662 ceperat,
1377 2575 1446 2642 et
1501 2571 1708 2642 multi
1765 2572 2093 2643 mortales
2151 2593 2237 2644 ex
2276 2570 2719 2662 equestribus
2776 2570 2847 2641 in
2903 2570 3175 2660 pedites
3216 2573 3405 2643 fuere

309 2691 603 2778 redacti;
661 2690 1112 2780 triticumque
1166 2689 1567 2762 huiusmodi
1625 2690 1698 2762 in
1736 2690 1938 2781 palea
1993 2690 2192 2782 equis
2230 2691 2503 2776 datum,
2562 2689 2710 2761 suis
2748 2689 3012 2762 aculeis
3068 2710 3403 2780 equorum

310 2811 704 2883 stomachos
769 2815 839 2882 et
892 2809 1307 2882 vulnerabat
1374 2814 1442 2882 et
1497 2810 1913 2899 perforabat.
1994 2810 2185 2901 Quod
2246 2830 2401 2882 eum
2458 2808 2652 2881 tarde
2706 2829 2747 2880 a
2801 2808 3087 2880 Polonis
3154 2809 3406 2882 fnisset

309 2934 754 3020 conspectum
787 2930 872 3018 ⁷),
931 2929 1150 3002 maior
1201 2948 1363 3019 pars
1419 2949 1752 3022 equorum
1808 2931 1990 3002 malo
2049 2935 2118 3002 et
2171 2934 2370 3020 peste
2423 2928 2826 3000 huiusmodi
2884 2932 3105 3000 strata
3159 2933 3229 3000 et
3283 2929 3403 3000 ab·

311 3054 593 3140 sumpta
647 3052 776 3120 est.

1263 3408 1623 3480 crudentes
1666 3409 1972 3499 utrinque
2016 3411 2086 3481 in
2132 3410 2452 3500 captivos.

517 3647 714 3720 Infra
776 3666 977 3717 omne
1041 3643 1426 3718 obsidionis
1490 3649 1804 3738 tempu8,
1880 3645 2186 3719 crudelis
2254 3646 2437 3720 inter
2500 3647 2838 3735 PolonOS,
2904 3647 3271 3720 Ruthenos
3338 3653 3409 3720 et

304 3765 701 3839 Lithuanos
755 3765 1322 3838 committebatur
1356 3765 1738 3838 dimicatio.
1795 3768 1860 3838 A
1899 3767 2251 3840 Ruthenis
2289 3771 2523 3840 tamen
2562 3771 2633 3838 et
2668 3765 3045 3838 Lithuanis
3102 3765 3403 3857 primum

305 3890 485 3959 orta.
561 3885 640 3958 Si
693 3883 875 3958 enim
941 3883 1391 3974 captivabant
1456 3886 1730 3977 aliquos
1797 3886 2113 3977 captivos
2168 3887 2505 3973 PolonoS,
2573 3885 3008 3976 inspectante
3062 3885 3401 3974 exercitu,

303 4007 384 4078 in
437 4003 660 4077 muris
715 4003 1169 4077 concidebant
1221 4004 1295 4075 in
1352 4007 1608 4092 frusta,
1670 4011 1977 4079 caeteros
2042 4005 2371 4096 impletos
2427 4025 2608 4097 aqua
2663 4004 3093 4077 suffocabant
3156 4009 3227 4077 et
3281 4026 3402 4077 ex-

303 4123 600 4218 quisitis
654 4124 997 4196 necabant
1052 4122 1505 4196 cruciatibus,
1565 4124 1884 4215 Quinque
1941 4125 2227 4216 insuper
2283 4127 2530 4196 fratres
2567 4122 3138 4196 Praedicatorum
3196 4125 3401 4196 Polo-

301 4265 471 4332 nos,
537 4242 660 4336 qui
723 4243 798 4315 in
853 4245 1158 4315 castrum
1213 4242 1562 4332 Luczsko,
1619 4243 1695 4315 in
1748 4245 2053 4316 adventu
2109 4243 2491 4332 exercitae,
2551 4263 2638 4314 ex
2703 4242 2991 4316 civitate
3058 4246 3401 4336 fugerant,

299 4363 504 4455 turpi
557 4367 777 4436 morte
831 4363 1354 4434 damnaverant.
1411 4364 1707 4454 Propter
1761 4364 1941 4454 quod
1999 4368 2068 4436 et
2103 4362 2354 4435 Poloni
2410 4360 2483 4433 in
2519 4361 2837 4453 captivos
2891 4361 3401 4435 Lithuanorum

301 4489 380 4558 et
435 4482 954 4570 Ruthenorum,
1011 4481 1237 4554 vicem
1292 4483 1670 4570 reddendo,
1731 4483 2169 4570 saeviebant,
2228 4482 2733 4573 compensando
2790 4481 3043 4554 vitium
3082 4481 3282 4570 vitio,
3322 4487 3403 4554 ut

299 4625 450 4676 non
509 4604 738 4676 solum
793 4600 1062 4675 dextris
1091 4600 1180 4691 8),
1241 4603 1359 4675 sed
1416 4603 1626 4676 etiam
1680 4603 2060 4677 maioribus
2114 4624 2327 4694 prope
2383 4602 2561 4675 odiis
2618 4601 3023 4675 viderentur
3075 4606 3402 4676 certasse.

299 4725 579 4796 Ferunt
634 4721 846 4794 etiam
900 4723 1217 4794 Inrszam
1275 4723 1712 4814 capitaneum
1744 4724 1806 4811 9)
1876 4728 1946 4795 et
1999 4722 2391 4795 Lithuanos
2464 4725 2675 4813 atque
2738 4722 3101 4794 Ruthenos
3164 4721 3237 4792 in
3292 4741 3402 4792 ca·

300 4847 455 4914 stro
494 4841 608 4930 ¹⁰),
665 4840 742 4912 in
795 4861 947 4914 eam
1001 4841 1378 4914 amentiam
1433 4846 1500 4915 et
1553 4842 1992 4934 tyrannidem
2048 4842 2442 4931 effluxisse,
2499 4846 2581 4912 ut
2635 4862 2905 4914 omnem
2942 4839 3017 4914 in
3055 4841 3400 4933 Pythoni-

527 5147 575 5230 ¹)
619 5149 994 5226 Miedzinsky
1041 5143 1194 5211 Cod.
1229 5146 1421 5210 Rozr.
1467 5150 1833 5210 Miedziwski
1881 5144 2034 5212 Cod.
2083 5147 2257 5211 Kost.
2307 5147 2359 5226 ²)
2408 5151 2742 5226 Gzywanye
2800 5146 2951 5210 cod.
3009 5145 3185 5210 (Jalv.
3232 5148 3405 5228 (Iwa-

297 5257 409 5317 nie
439 5248 784 5336 fortasse).
863 5251 912 5330 ⁸)
959 5253 1213 5312 Sanctae
1259 5251 1484 5312 Mariae
1527 5253 1792 5328 Virginis
1858 5247 2011 5314 cod.
2058 5249 2251 5314 Rozr.
2325 5248 2377 5330 ⁴)
2424 5254 2761 5328 interempti
2806 5258 2961 5313 sunt.
3011 5247 3164 5315 Coa.
3209 5251 3403 5314 Rozr.

302 5356 361 5435 ⁵)
412 5357 620 5416 Poloni
664 5359 860 5416 autem
911 5348 1063 5416 Cod.
1096 5350 1292 5416 Rozr.
1342 5352 1394 5433 ⁶)
1441 5359 1787 5432 pervaserat
1829 5353 1956 5416 Ed.
1990 5352 2172 5437 Lips.
2210 5353 2261 5432 ⁷)
2308 5355 2606 5431 cognitum
2656 5350 2806 5418 Cod.
2838 5352 3030 5417 Rozr.
3066 5355 3118 5434 ⁸)
3164 5358 3407 5434 paribus

309 5455 476 5522 eod.
509 5457 707 5519 Rozr.
741 5455 797 5536 ⁹)
828 5459 1200 5534 capitaneum
1243 5457 1572 5518 Lucensem
1621 5453 1772 5520 Cod.
1818 5455 2010 5520 Rozr.
2068 5455 2147 5538 ¹⁰)
2192 5459 2253 5518 in
2298 5463 2493 5519 castro
2536 5458 2793 5519 Lucensi
2841 5453 2992 5520 Cod.
3038 5455 3231 5520 Rozr.
