4342 6384
846 553 995 626 374
2013 571 2242 632 unna
2292 575 2752 629 nuntiemus.
3379 553 3514 654 (Α.
3554 554 3646 628 D.
3686 548 3940 648 1429.)

840 759 1112 853 aliquid
1165 760 1431 833 interea
1466 759 1705 832 divino
1746 780 2029 834 munere
2065 779 2190 852 per
2226 780 2352 832 nos
2388 780 2514 852 pro
2553 760 2703 834 eius
2739 761 3168 835 resolutione
3202 765 3656 854 prospectum
3695 759 3931 847 fuerit,

841 880 1074 953 omnia
1128 881 1576 954 foedaturam.
1634 881 2073 954 Wladislaus
2130 882 2286 956 Rex
2339 881 2426 954 ad
2482 883 2684 970 haec,
2740 881 3052 954 lacrimis
3107 883 3407 968 obortiS,
3463 881 3738 974 gratias
3777 879 3938 953 fidei

842 1021 1078 1074 eorum
1133 1001 1311 1094 agit,
1368 1005 1578 1093 negat
1632 1022 1706 1075 se
1760 1023 2067 1093 unquam
2123 1001 2199 1074 in
2236 1001 2748 1076 coronationem
2787 1003 3003 1075 Ducis
3034 1001 3421 1074 Withawdi
3476 1001 3934 1086 consensisse,

844 1119 1043 1193 offert
1098 1141 1171 1194 se
1224 1122 1407 1194 velle
1461 1121 1816 1194 discedere
1870 1126 1939 1193 et
1993 1121 2095 1194 ire
2149 1143 2563 1214 quocunque
2617 1122 3133 1215 consignarent.
3188 1122 3304 1193 Ita
3341 1121 3655 1194 Praelati
3709 1124 3782 1193 et
3817 1120 3933 1192 ba-

839 1260 1044 1313 rones
1098 1241 1327 1334 Regni
1378 1241 1775 1330 Poloniae,
1816 1241 2019 1333 quasi
2084 1263 2292 1335 grege
2355 1243 2572 1331 fact0,
2641 1263 2677 1314 e
2733 1244 3052 1315 Luczsko
3119 1243 3431 1314 evolant:
3509 1261 3682 1334 quos
3739 1240 3934 1312 Wla-

840 1360 1113 1433 dislaus
1167 1363 1323 1435 Rex
1377 1366 1579 1434 nocte
1635 1362 2036 1437 advenienti
2102 1364 2517 1453 subecutus,
2575 1363 2844 1435 veritus
2900 1385 2986 1435 ne
3043 1361 3258 1435 animi
3314 1371 3599 1434 suorum
3653 1361 3934 1432 Praela-

842 1485 1073 1554 torum
1112 1487 1183 1554 et
1215 1481 1552 1555 baronum
1590 1480 2125 1570 offenderentur,
2166 1482 2228 1555 si
2267 1483 2538 1558 diutius
2575 1482 2728 1556 illic
2765 1489 2951 1556 staro
2987 1486 3526 1574 perseverasset.
3567 1481 3937 1555 Discessus

842 1601 995 1693 ipse
1060 1606 1201 1673 tam
1266 1601 1545 1675 subitus
1613 1606 1683 1676 et
1746 1601 2187 1694 inopinatae,
2263 1607 2406 1675 tam
2473 1603 2923 1700 sigismundo
2990 1602 3200 1696 Regi,
3277 1623 3484 1693 quam
3550 1598 3730 1674 Duci
3787 1600 3935 1672 Wi-

841 1721 1150 1810 thawdo,
1212 1721 1345 1795 fuit
1400 1727 1471 1794 et
1524 1722 1861 1795 anxiosus
1916 1727 1987 1796 et
2040 1723 2415 1813 terribilis,
2472 1723 3049 1818 propositumque
3102 1723 3474 1815 utriusque
3528 1722 3614 1794 de
3651 1742 3932 1794 corona-

842 1841 1033 1914 tione
1088 1843 1660 1931 consummanda,
1720 1843 1856 1916 etsi
1908 1865 2048 1916 non
2085 1845 2420 1933 mutavit,
2472 1843 2546 1916 in
2601 1851 2878 1936 tempus
2927 1848 3160 1915 tamen
3207 1842 3488 1934 longius
3543 1841 3934 1933 suspendit.

846 1961 957 2032 Ab
1012 1981 1091 2033 eo
1158 1967 1395 2035 autem
1458 1967 1765 2054 tempore
1839 1962 2274 2056 Sigismundi
2338 1965 2812 2040 Romanorum
2885 1969 2954 2037 et
3017 1960 3424 2055 Hungariae
3487 1961 3707 2054 Regis
3783 1983 3935 2034 cum

846 2081 1239 2154 Wladislao
1294 2081 1484 2175 Rege
1540 2087 1609 2156 et
1661 2083 1902 2176 Regno
1940 2084 2273 2158 Poloniae
2329 2084 2626 2157 societas
2682 2083 2924 2174 dubia,
2963 2083 3263 2171 incerta,
3323 2085 3818 2174 suspectaque,
3858 2102 3935 2153 ac

844 2201 1534 2276 reconciliationibus
1589 2203 2071 2295 frequentibus
2125 2204 2198 2278 in
2239 2226 2389 2278 eam
2444 2205 2626 2279 diem
2683 2205 3028 2292 focillata,
3087 2203 3385 2294 abrupta
3431 2207 3561 2275 est.
3617 2203 3816 2274 Tulit
3867 2206 3937 2274 et

846 2320 1232 2396 discessum
1286 2321 1667 2397 Wladislai
1719 2324 1937 2417 Regis
1992 2329 2061 2399 et
2114 2325 2673 2398 consiliariorum
2729 2325 3061 2402 Poloniae
3099 2323 3541 2397 Withawdus
3581 2323 3744 2394 Dux
3779 2343 3932 2415 gra·

847 2441 1053 2531 viter,
1110 2446 1181 2516 et
1234 2443 1358 2536 qui
1412 2443 1551 2516 iam
1606 2445 2008 2518 exulcerato
2062 2445 2137 2517 in
2191 2446 2496 2518 Polonos
2553 2445 2806 2518 fuisset
2857 2445 3119 2533 animo,
3186 2445 3412 2516 multo
3465 2443 3754 2536 gravius
3809 2444 3936 2514 hoc

846 2562 1083 2637 dolore
1138 2562 1426 2637 exarsit.
1484 2563 1796 2637 Callidus
1853 2570 2087 2638 tamen
2123 2565 2311 2657 ipse,
2369 2566 2880 2658 Polonicaeque
2935 2565 3272 2638 avaritiae
3308 2563 3616 2655 peritus,
3671 2563 3933 2655 pleros-

848 2705 982 2776 que
1036 2685 1459 2758 Polonorum
1513 2685 1854 2778 primores
1910 2707 2078 2759 auro
2134 2691 2206 2760 et
2259 2691 2546 2780 argento
2585 2686 2938 2779 implevit,
2993 2683 3720 2780 promissionibusque
3775 2703 3932 2755 one-

845 2805 1063 2896 ravit,
1139 2807 1343 2880 facile
1409 2828 1483 2879 se
1546 2807 1833 2880 credens
1906 2807 2234 2900 cupidine
2306 2808 2567 2900 Regni,
2643 2807 2794 2880 illis
2868 2805 3217 2899 corruptis
3291 2809 3360 2878 et
3431 2803 3932 2891 adnitentibus,

844 2924 1260 3016 potiturum.
1318 2925 1580 2998 Mansit
1634 2930 1865 2999 autem
1906 2925 2398 3018 Sigismundus
2434 2928 2590 3001 Rex
2645 2927 2720 3000 in
2755 2928 3072 3006 Luczsko
3126 2930 3288 3019 post
3325 2925 3712 2998 discessum
3739 2925 3933 2998 Wla-

848 3043 1062 3117 dislai
1127 3045 1345 3138 Regis
1409 3051 1479 3118 et
1542 3066 1828 3118 snorum
1889 3047 2374 3120 Praelatorum
2437 3052 2507 3121 et
2559 3048 2896 3121 baronum
2952 3048 3283 3122 Poloniae
3323 3049 3401 3137 ¹),
3471 3046 3594 3139 qui
3667 3045 3740 3117 in
3793 3050 3930 3117 ter-

845 3185 995 3236 ram
1049 3165 1527 3238 Chelmeusem
1581 3166 1657 3238 in
1710 3151 2099 3260 Lubomlya
2130 3166 2192 3258 2)
2249 3169 2660 3258 diverterat,
2719 3169 2966 3243 diebus
3023 3169 3364 3262 quinque,
3422 3173 3490 3242 et
3543 3165 3936 3259 magnificis

846 3306 889 3358 a
945 3286 1135 3360 Duce
1170 3286 1567 3359 Withawdo
1621 3288 2003 3361 honoratus
2059 3289 2496 3378 muneribuS,
2554 3311 2682 3364 nec
2717 3288 3167 3364 inferioribus
3204 3289 3354 3380 ipse
3409 3309 3450 3360 a
3487 3286 3934 3380 Sigismundo

846 3406 1037 3499 Rege
1091 3407 1489 3479 cumulatus
1545 3411 1685 3496 est,
1744 3411 1814 3482 et
1869 3428 2045 3499 quae
2098 3411 2532 3500 praestantia
2587 3410 2701 3482 sui
2753 3408 3135 3484 Withawdi
3191 3409 3638 3494 excederent,
3695 3411 3769 3480 et
3820 3408 3932 3480 de·

845 3525 1008 3599 inde
1062 3527 1137 3599 in
1190 3526 1626 3620 Hungariam
1680 3549 1807 3619 per
1859 3530 2063 3617 Belz,
2120 3530 2476 3618 IaroslaW,
2533 3531 2928 3618 Lanczuth,
2984 3531 3338 3618 Fristath,
3396 3531 3646 3621 Byecz,
3702 3527 3933 3600 rediit.

847 3645 1355 3720 Sandomiriam
1412 3652 1646 3721 autem
1702 3648 1939 3723 venire
2004 3653 2075 3722 et
2128 3650 2591 3741 Carnisprivii
2644 3650 2796 3723 illic
2859 3651 3008 3722 dies
3063 3671 3296 3746 agere,
3362 3647 3936 3741 quemadmodum

844 3767 1237 3840 Wladislao
1274 3768 1453 3860 Regi
1505 3767 1862 3859 promisit,
1904 3769 2320 3860 trepidavit,
2379 3770 2814 3843 dissensione
2861 3770 2945 3842 de
2983 3790 3234 3843 corona
3271 3769 3457 3841 inter
3495 3789 3611 3840 eos
3667 3771 3932 3852 exorta,

846 3886 1099 3959 animis
1152 3887 1524 3980 utriusque
1580 3888 1900 3977 offensiS,
1960 3890 2090 3961 sub
2130 3890 2328 3960 salvo
2367 3893 2600 3962 tamen
2654 3890 3000 3962 conductu
3031 3887 3411 3962 Wladislai
3447 3887 3690 3979 Regis,
3733 3907 3936 3976 quem

846 4005 1091 4078 multis
1146 4007 1417 4080 nuntiis
1472 4008 1711 4080 missis
1765 4009 1928 4080 Dux
1984 4008 2428 4080 Withawdus
2485 4008 2795 4081 obtinuit
2847 4009 3192 4100 praestari
3214 4006 3300 4098 3).
3359 4011 3760 4099 Antequam
3815 4027 3932 4077 au·

847 4130 989 4198 tem
1042 4126 1480 4199 Wladislaus
1533 4127 1867 4201 Poloniae
1921 4129 2076 4202 Rex
2132 4149 2290 4200 cum
2354 4127 2503 4200 suis
2565 4130 2882 4201 Luczsko
2937 4129 3402 4221 egrederetur,
3460 4126 3653 4199 venit
3707 4129 3935 4198 certus

845 4245 1169 4335 nuntius.
1227 4249 1531 4320 referens
1587 4249 1929 4320 Bohemos
1994 4269 2150 4320 cum
2209 4247 2524 4320 exercitu
2587 4248 2822 4320 valido
2881 4248 3179 4321 Slesiam
3241 4247 3627 4339 ingresso8,
3685 4250 3935 4320 cuncta

848 4370 1147 4439 vastare.
1207 4366 1473 4458 Quibus
1528 4388 1686 4439 cum
1723 4368 1885 4439 Dux
1941 4369 2290 4440 Iohannes
2346 4369 2429 4442 de
2465 4369 2976 4460 Monsterberg‚
3007 4367 3162 4460 'qui
3214 4366 3530 4440 relictam
3571 4365 3933 4458 Spitkonis

846 4485 931 4557 de
968 4485 1307 4558 Melsthin
1359 4486 1658 4578 palatini
1696 4486 2208 4577 cracoviensis,
2264 4488 2663 4578 Elisabeth,
2718 4489 3020 4562 habebat
3047 4491 3110 4578 ⁴)
3167 4488 3268 4562 in'
3295 4491 3724 4573 consortem,
3781 4507 3934 4558 cum

846 4604 996 4678 suis
1048 4605 1375 4698 gentibus
1432 4606 1615 4680 circa
1650 4608 1951 4681 Brunow
1988 4608 2437 4697 occurrisset,
2493 4629 2870 4701 congressu
2907 4609 3108 4697 inito,
3167 4609 3560 4682 confractus
3600 4611 3744 4693 est,
3785 4607 3932 4698 ipse

847 4747 1123 4818 quoque
1194 4747 1350 4800 cum
1406 4727 1652 4800 maiori
1722 4734 1921 4819 parte
1984 4729 2336 4802 exercitus
2409 4730 2718 4818 deletuS‚
2791 4729 3066 4820 reliqua
3135 4749 3296 4820 pars
3369 4728 3718 4800 exercitus
3775 4727 3934 4817 fuga

848 4849 1145 4920 salvata.
1229 4848 1597 4921 Inescatus
1652 4852 1887 4921 autem
1940 4849 2343 4922 Alexander
2404 4849 2846 4922 Withawdus
2910 4849 3072 4921 Dux
3129 4847 3445 4921 consiliis
3501 4844 3934 4939 Sigismundi

848 4968 1317 5041 Romanorum
1373 4968 1625 5062 RegiS,
1682 4974 1753 5042 et
1805 4969 2414 5061 persuasionibuS‚
2472 4991 2665 5062 spem
2719 4970 2794 5042 in
2859 4968 3295 5062 Sigismundi
3347 4967 3562 5060 Regis
3627 4965 3934 5040 amicitia

843 5109 1131 5179 ponens,
1190 5089 1569 5162 execrabili
1606 5089 1895 5181 insuper
1932 5091 2121 5162 fastu
2159 5090 2563 5163 ambitionis
2603 5094 2674 5162 et
2709 5090 3076 5182 superbiae
3113 5089 3381 5162 facibus
3419 5088 3702 5176 ardens,
3742 5091 3930 5178 post-

1059 5359 1109 5442 ¹)
1150 5363 1343 5439 Regni
1386 5364 1669 5425 Poloniae
1718 5358 1870 5427 God.
1916 5361 2108 5426 Rozr.
2158 5356 2212 5441 ²)
2256 5360 2585 5438 Lubowlya
2632 5355 2784 5424 God.
2831 5359 3022 5423 Rozr.
3081 5356 3137 5444 ³)
3183 5362 3510 5440 praestari,
3555 5362 3736 5421 venit.
3785 5355 3932 5422 Cod.

845 5463 1039 5528 Rozr.
1087 5462 1140 5542 ⁴)
1188 5467 1437 5529 duxerat
1484 5462 1635 5530 Cod.
1680 5463 1874 5529 Rozr.
1940 5469 1947 5476 '
2072 5463 2077 5468 ’
