4342 6384
781 598 944 670 358
1992 626 2220 682 mann
2271 627 2734 682 mmncnms.
3332 602 3468 702 (Α.
3509 602 3599 676 D.
3633 599 3888 700 1428.)

1400 810 1487 874 Et
1526 808 1759 876 loricae
1805 827 2105 894 squamas
2149 811 2420 878 telorum
2461 815 2710 877 resecat
2751 809 2970 876 imber.

1400 911 1654 978 Occidis
1698 932 1879 998 ergo,
1928 913 2053 980 tuis
2096 913 2432 998 resupinus
2475 912 2714 980 cadens
2755 912 2823 978 iu
2866 911 3090 995 armis,

1398 1015 1784 1099 Purpureum
1827 1016 2032 1082 vomis
2066 1014 2114 1102 ¹)
2164 1016 2454 1100 spiritum
2496 1035 2639 1082 cum
2683 1015 2995 1098 sanguine
3043 1013 3325 1082 mixtum.

1398 1118 1541 1184 Heu
1582 1124 1726 1186 tuos
1771 1138 2160 1202 exsangues,
2205 1117 2548 1185 inhumatis
2594 1118 2872 1202 ossibus,
2919 1124 3120 1200 artus,

1400 1219 1774 1288 Crudelibus
1820 1220 2001 1306 feris,
2042 1221 2266 1288 rostris
2308 1222 2754 1304 volucrumque
2797 1218 3140 1288 trahendos

1398 1324 1627 1394 Fatum
1669 1325 1848 1392 triste
1893 1323 2084 1392 dedit.
2131 1325 2428 1391 Praecisa
2471 1343 2729 1410 corpore
2775 1324 2988 1390 cervix

1398 1425 1503 1492 Ad
1546 1423 1887 1494 Gaesarem
1930 1426 2125 1494 fertur
2132 1478 2151 1512 ,
2199 1426 2456 1494 foedata
2495 1428 2754 1512 pulvere
2798 1427 3061 1494 Teucro.

1400 1529 1633 1615 Credo,
1676 1536 1852 1596 tuum
1896 1531 2103 1616 patria
2143 1551 2274 1598 non
2317 1529 2548 1596 sufficit
2587 1531 2892 1614 plangere
2936 1549 3182 1612 casum,

1401 1632 1595 1700 Cuius
1639 1652 1785 1698 eras
1828 1632 2053 1718 sydus,
2099 1652 2526 1716 quascumque
2569 1651 2790 1700 versus
2835 1629 2922 1698 ad
2964 1650 3127 1700 oras.

1400 1737 1569 1801 Dum
1614 1741 1725 1800 tua
1766 1736 2109 1820 magnifica
2152 1743 2218 1802 et
2259 1735 2449 1802 fortia
2491 1741 2677 1818 gesta
2717 1733 3041 1818 recordor,

1399 1838 1679 1922 Impetus
1722 1837 2032 1904 undarum
2076 1843 2248 1906 ortus
2292 1837 2374 1903 de
2418 1844 2671 1923 pectore
2714 1836 2903 1920 tristi,

1399 1939 1637 2006 Defluit
1677 1939 1744 2006 in
1786 1941 2025 2024 vultus,
2070 1947 2135 2006 et
2178 1939 2427 2008 fletibus
2472 1959 2586 2006 ora
2627 1940 2930 2022 rigantur.

1402 2042 1459 2110 Ο
1503 2043 1609 2126 qui
1652 2044 1843 2111 totius
1886 2043 2232 2110 monarcha
2276 2043 2504 2110 diceris
2550 2042 2750 2110 orbis!

1402 2145 1561 2224 Quis
1604 2146 1719 2214 tibi
1762 2152 1911 2212 tunc
1954 2147 2202 2212 animus
2246 2146 2477 2230 fuerat,
2522 2151 2858 2230 poterasne
2902 2144 3118 2212 videre

1402 2248 1601 2316 Caedi
1646 2255 1787 2315 tuos
1830 2249 2091 2333 milites,
2137 2255 2201 2315 te
2246 2255 2626 2334 spectatore,
2671 2249 2920 2332 tuisque

1402 2352 1595 2418 Gravi
1640 2351 1910 2438 suspirio
1952 2372 2171 2420 casum
2216 2350 2470 2420 flevisse
2511 2359 2759 2420 tuorum
2775 2352 2810 2418 ⁴?

1401 2454 1496 2520 Te
1537 2475 1681 2521 reor
1722 2462 1787 2521 et
1827 2455 2017 2522 fronti
2059 2455 2434 2540 opposuisse
2478 2475 2753 2522 manum.

1400 2559 1613 2624 Vosne
1656 2557 1902 2642 felices,
1949 2578 2107 2642 quos
2150 2577 2290 2624 sors
2335 2579 2377 2624 a
2420 2565 2618 2625 morte
2661 2557 2954 2644 redemit,

1398 2661 1656 2746 Nescio,
1703 2682 1741 2728 o
1786 2662 2045 2747 milites,
2090 2661 2332 2742 dicam,
2377 2682 2462 2728 an
2506 2661 2716 2728 verius
2760 2661 2904 2728 illos

1400 2763 1523 2842 Qui
1568 2764 1733 2832 ferro
1776 2763 2088 2848 cecidere,
2134 2763 2323 2830 simul
2368 2783 2508 2830 cum
2554 2784 2815 2848 corpore
2859 2783 3102 2849 poenas

1398 2867 1651 2934 Finiere
1695 2886 1875 2950 suas,
1917 2887 2033 2934 vos
2077 2869 2274 2950 longa
2315 2867 2596 2952 pericula
2637 2867 2832 2944 vecti,

1400 2969 1625 3035 Inedia
1666 2969 1934 3036 miseros
1977 2968 2296 3054 praebetis
2339 2968 2505 3036 ferro
2551 2969 2848 3053 lacertos,

1400 3073 1535 3138 Nec
1577 3091 1727 3156 spes
1770 3072 1902 3138 ulla
1943 3072 2125 3138 vobis
2168 3071 2457 3157 proprios
2501 3072 2716 3139 videre
2760 3072 3054 3140 Penates.

1399 3175 1571 3240 Mors
1614 3174 1823 3258 magis
1866 3173 2146 3259 optanda
2189 3173 2418 3258 fuerat,
2464 3195 2654 3258 quam
2697 3175 2930 3242 misera
2971 3175 3132 3259 vita,

1401 3275 1581 3354 Quae
1625 3277 1861 3344 cruciat
1904 3277 2226 3362 spiritum:
2269 3276 2512 3344 utinam
2554 3277 2622 3344 in
2663 3277 2791 3343 fide
2832 3277 3164 3361 relinquat.

1402 3380 1485 3448 O!
1530 3399 1689 3462 quos
1731 3379 2077 3446 incolumes
2122 3380 2344 3446 melior
2385 3379 2637 3446 fortuna
2678 3379 2954 3462 reduxit,

1399 3484 1553 3549 Post
1593 3501 1835 3570 poenas
1877 3483 2112 3567 varias,
2164 3487 2312 3568 post
2353 3482 2514 3550 dura
2538 3482 2590 3570 ²)
2639 3483 2892 3550 vincula
2933 3482 3113 3567 ferri,

1398 3585 1678 3652 Nimium
1718 3584 1963 3668 felices,
2009 3585 2180 3652 vitiis
2223 3584 2354 3651 iam
2397 3591 2566 3652 certe
2609 3585 2872 3670 relictis,

1400 3689 1523 3754 Pro
1566 3693 1749 3754 tanta
1788 3687 1997 3770 gratia
2040 3687 2391 3754 sacrificate
2434 3689 2603 3773 Deo,

1400 3790 1578 3857 Illius
1622 3811 1933 3858 memores
1978 3791 2258 3875 animae,
2304 3789 2410 3875 qui
2453 3811 2583 3857 una
2625 3790 2952 3859 vobiscum

1400 3895 1592 3959 Ferre
1636 3913 1825 3962 casus
1868 3894 2114 3978 maluit,
2161 3894 2450 3977 quamvis
2493 3900 2643 3960 tunc
2684 3893 2897 3962 vivere
2942 3899 3189 3978 posset:

1400 3997 1486 4064 Ut
1528 3999 1703 4065 Deus
1748 3995 2171 4082 omnipotens,
2218 3995 2492 4064 intactae
2536 3994 2818 4079 Virginis
2861 3995 3100 4080 infans,

1402 4099 1720 4185 Suscipiat
1762 4099 2048 4185 spiritum
2092 4120 2208 4185 pro
2253 4118 2367 4166 suo
2413 4099 2507 4166 sic
2548 4101 2802 4166 nomine
2847 4099 3084 4182 fusum,

1400 4203 1473 4268 In
1518 4202 1655 4268 Poli
1698 4202 1995 4288 patriam,
2040 4202 2148 4269 ubi
2194 4203 2302 4268 lux
2348 4208 2413 4270 ct
2454 4203 2587 4268 vita
2629 4203 2948 4288 perennis.

988 4429 1160 4503 Fuit
1214 4438 1447 4503 autem
1502 4428 1905 4503 huiusmodi
1960 4429 2308 4521 epitaphii
2344 4429 2646 4504 dictator
2681 4429 2906 4504 Adam
2947 4427 3229 4502 Swinka
3263 4429 3348 4500 dc
3387 4428 3878 4501 Porcariorum

782 4552 983 4624 domo
1038 4549 1295 4624 nobilis
1360 4556 1429 4622 et
1482 4548 1719 4642 regius
1774 4549 2121 4638 notarius,
2189 4549 2577 4623 canonicus
2631 4547 3141 4637 cracoviensi8‚
3209 4547 3562 4621 scribendi
3622 4547 3877 4639 spiritu

784 4671 1053 4745 Pierico
1108 4670 1407 4762 peritus:
1448 4672 1652 4762 plura
1688 4670 2005 4744 editurus
2043 4669 2116 4741 iu
2155 4674 2634 4741 ornamentum
2673 4667 2942 4759 patriae
2981 4688 3218 4758 opera,
3269 4667 3407 4740 nisi
3447 4667 3652 4739 illum
3693 4687 3878 4738 mors

782 4789 1159 4864 immatura
1210 4789 1588 4883 rapuisset.

997 5047 1044 5128 ¹)
1088 5067 1333 5110 vomens
1383 5042 1533 5111 Cod.
1581 5044 1775 5109 Rozr.
1823 5045 1873 5128 ²)
1923 5046 2053 5106 dira
2100 5039 2253 5109 Cod.
2297 5041 2478 5106 Kost.
