4342 6384
1209 582 1359 660 418
2389 610 2613 664 amna
2665 539 3122 665 uunecmus.
3732 582 3864 687 (Α.
3901 586 4001 662 D.
4047 580 4314 681 1430.)

1211 795 1670 869 obedientiam
1746 794 2069 882 offerens,
2145 817 2232 869 ne
2296 795 2369 867 in
2435 796 2903 887 suspicionem
2972 797 3279 883 caderet,
3354 802 3424 868 et
3487 794 3702 867 futuri
3774 793 3996 868 Ducis
4067 789 4315 883 Magni

1210 914 1792 1006 indignationem,
1851 923 2262 988 cunctanter
2313 917 2611 1008 agendo,
2666 917 2807 988 sibi
2861 916 3213 990 conflaret.
3271 917 3521 1006 Itaque
3554 914 3909 987 certabant
3965 909 4314 1002 plurimis

1210 1033 1468 1103 studiis
1524 1055 1705 1105 uuus
1761 1035 2058 1106 alterum
2119 1036 2549 1125 praevenire.
2623 1037 3037 1109 Inconsulta
3100 1042 3331 1109 autem
3392 1033 3760 1106 wladislai
3812 1032 4042 1123 Regis
4100 1029 4313 1102 Polo·

1209 1151 1400 1236 niae,
1459 1162 1529 1224 et
1586 1161 1726 1223 tam
1783 1174 2112 1245 praeceps
2171 1155 2487 1227 Duc-atus
2543 1156 2778 1248 Magni
2832 1155 3255 1228 Lithuaniae
3308 1154 3381 1226 in
3437 1153 3696 1225 Ducem
3750 1151 4118 1242 Switrigal
4173 1149 4313 1221 col·

1207 1270 1406 1360 latio,
1461 1272 1840 1344 multorum
1902 1274 2240 1346 malorum
2296 1291 2507 1347 causa
2560 1276 2804 1348 extitit
2858 1280 2929 1348 et
2985 1276 3199 1368 origo.
3257 1275 3341 1347 Iu
3375 1271 3750 1345 Withawdi
3802 1270 4027 1343 Ducis
4067 1268 4316 1359 Magni

1209 1403 1462 1477 morte,
1521 1392 1652 1463 etsi
1711 1393 2032 1464 nonnulli
2088 1394 2295 1465 vultu
2351 1394 2764 1468 simularent
2819 1396 2891 1466 in
2930 1409 3298 1486 prospectu
3338 1393 3732 1477 tristitiam,
3787 1389 3999 1462 multi
4044 1402 4317 1473 tamen,

1209 1520 1280 1582 et
1333 1512 1738 1601 praesertim
1799 1512 2145 1597 Rutheni,
2213 1513 2507 1586 nimium
2570 1514 3035 1599 laetabantur,
3104 1523 3465 1604 sperantes
3520 1512 3655 1584 sibi
3717 1515 3787 1583 et
3838 1516 4083 1581 sectae
4142 1526 4320 1578 suae

1209 1628 1696 1701 schismaticae
1752 1630 2074 1718 meliora,
2150 1653 2382 1704 rerum
2446 1632 2957 1722 permutatione
3021 1640 3092 1705 et
3144 1630 3601 1723 Switrigyelli
3656 1627 4140 1714 successione,
4203 1624 4321 1698 cui

1208 1747 1536 1839 Magnum
1594 1748 2018 1822 Lithuaniae
2072 1749 2520 1822 destinabant
2573 1751 3089 1842 Principatum,
3147 1763 3590 1842 proventura.

1208 2107 1731 2198 suttugyulono
1789 2110 1959 2183 Duce
2019 2114 2239 2182 castra
2297 2112 2682 2185 Lithuaniae
2748 2115 3109 2202 occupante
3176 2117 3247 2184 et
3304 2112 3651 2183 wladislao
3707 2108 3860 2198 uugi
3930 2106 4136 2179 tratri
4201 2122 4324 2177 aue

1208 2245 1500 2307 caruem
1542 2232 1616 2303 ‘et
1656 2231 1922 2305 vincula
1965 2231 2336 2317 minitante,
2382 2233 2616 2304 literae
2662 2232 3136 2304 consolatoriae
3191 2231 3273 2303 de
3315 2234 3522 2303 nette
3567 2228 3912 2301 Withavdi
3957 2245 4002 2297 a
4052 2227 4320 2297 Sume

1855 2350 2163 2423 Pentiflee
2208 2351 2483 2425 lartius
2527 2352 2756 2443 quinto
2796 2352 3038 2424 missae
3081 2352 3240 2441 Regi
3284 2351 3659 2422 afferuntur.

1415 2586 1662 2662 Funus
1715 2588 1933 2664 Ducis
1971 2589 2388 2676 Withawdi,
2446 2590 2839 2663 wladislao
2876 2591 3065 2684 Rege
3104 2591 3437 2665 Poloniae
3487 2612 3645 2663 cnm
3700 2586 3886 2662 omni
3942 2586 4157 2658 curia
4194 2604 4325 2656 aua

1208 2707 1391 2782 illud
1444 2716 1938 2800 prosequente,
1996 2729 2085 2780 ex
2142 2709 2418 2800 Trokky
2480 2708 2757 2783 Vilnam
2813 2711 3185 2783 deductum
3242 2717 3380 2798 est,
3455 2719 3526 2783 et
3577 2711 3650 2782 in
3704 2706 4007 2781 ecclesia
4068 2702 4323 2776 Sancti

1209 2827 1551 2901 stanislai
1608 2827 2047 2916 Vilnensi1),
2105 2828 2424 2919 exequiis
2479 2828 2736 2901 debitis
2791 2850 2947 2902 cum
3002 2851 3255 2922 magna
3291 2829 3709 2903 solennitate
3760 2823 4117 2919 peractis,
4178 2829 4322 2894 tra-

1209 2946 1435 3018 ditum
1493 2947 1918 3037 sepulturae.
1977 2946 2243 3018 Aderat
2301 2948 2733 3021 funeralibus
2765 2948 2827 3037 2)
2883 2950 3285 3023 huiusmodi
3340 2951 3501 3021 Dux
3539 2945 3894 3038 Switrigal
3948 2964 4125 3015 cum
4160 2941 4322 3032 plu·

1208 3065 1408 3137 ribus
1447 3065 1759 3137 Ducibus
1813 3070 1884 3138 et
1924 3066 2219 3157 Boyaris
2262 3066 2716 3155 Lithuaniae‚
2774 3068 2896 3160 qui
2948 3069 3089 3141 iam
3129 3070 3365 3157 illum,
3424 3070 3621 3142 velut
3672 3068 3935 3139 Ducem
3974 3064 4324 3154 Magnum

1212 3185 1703 3276 sequebantur.
1783 3184 2259 3277 Sepultusque
2320 3191 2430 3259 est
2501 3208 2750 3279 magno
2814 3188 3093 3279 quidem
3168 3190 3478 3262 omnium
3542 3186 3903 3278 obsequio,
3973 3182 4109 3255 sed
4181 3200 4325 3251 non

1215 3301 1556 3392 omnium,
1612 3310 1694 3375 ut
1746 3325 1925 3391 reor,
1990 3306 2144 3395 pari
2209 3305 2495 3379 affectu:
2578 3312 2770 3379 metu
2824 3308 3011 3381 enim
3073 3331 3213 3381 non
3266 3314 3464 3396 voto,
3521 3306 3833 3399 plerique
3903 3301 4328 3375 sciebantur

1212 3422 1518 3495 officium
1576 3422 2015 3515 implevisse3
2089 3425 2284 3496 solus
2341 3426 2776 3499 Wladislaus
2849 3428 3004 3502 Rex
3070 3429 3261 3501 iusta
3330 3428 3397 3501 ei
3458 3423 3966 3500 honorabiliter
4039 3415 4322 3509 magni·

1212 3543 1478 3633 ficeque
1531 3543 1945 3631 celebravit,
2013 3543 2506 3635 ingentemque
2567 3546 2838 3618 luctum
2895 3569 3105 3639 super
3160 3568 3350 3635 eum,
3417 3568 3629 3638 qnam
3682 3543 4059 3635 quisquam
4118 3543 4322 3610 ratus

1211 3667 1392 3749 erat,
1451 3662 1802 3753 exposuit.
1859 3663 1952 3734 Et
2005 3662 2333 3752 quoniam
2388 3663 2825 3737 Wladislaus
2864 3667 3019 3739 Rex
3074 3688 3212 3739 nen
3263 3688 3397 3739 uno
3453 3667 3599 3754 die,
3656 3683 3780 3737 nec
3832 3659 4116 3733 duobus
4153 3676 4322 3728 con·

1215 3784 1486 3868 tentuS,
1544 3782 1618 3852 in
1654 3782 1894 3872 plures
1929 3781 2080 3853 dies
2120 3782 2309 3853 iusta
2363 3783 2591 3856 funeri
2627 3786 3101 3874 persolvebat,
3159 3788 3323 3859 Dux
3362 3786 3722 3877 Svitrigal
3775 3785 4048 3853 motum
4094 3772 4324 3848 animi

1214 3899 1660 3972 dissimulare
1715 3920 1854 3972 non
1909 3902 2185 3985 valens,
2252 3901 2643 3974 Wladislao
2698 3905 2890 3996 Rege
2956 3905 3459 3998 necquicquam
3513 3901 4010 3986 dissentiente,
4068 3893 4322 3968 Wilno

1213 4026 1496 4107 repente
1550 4024 1890 4105 castrum,
1947 4019 2198 4091 deinde
2253 4020 2553 4111 Trokky,
2610 4028 3019 4115 caeteraque
3070 4026 3386 4097 Ducatus
3439 4022 3679 4116 Magni
3734 4016 4169 4093 Lithuaniae
4203 4034 4318 4085 cu-

1218 4139 1398 4223 stra,
1455 4137 1978 4227 comprehendit
2040 4145 2111 4210 et
2163 4138 2238 4209 in
2277 4159 2475 4210 suam
2526 4141 2796 4234 redegit
2847 4145 3233 4233 plenariam
3295 4148 3749 4236 potestatem,
3805 4135 4321 4212 wladislaum·

1219 4273 1352 4346 que
1405 4255 1703 4346 Regem,
1762 4256 1932 4328 licet
1985 4256 2382 4348 legitimum
2436 4259 2809 4332 Dominum
2872 4269 2941 4335 et
2994 4264 3359 4336 haeredem
3415 4264 3841 4348 naturalem,
3908 4259 3999 4330 ab
4055 4255 4323 4330 eisdem

1219 4372 1558 4447 excludit.
1634 4374 2009 4448 Felicitate
2070 4380 2306 4449 autem
2369 4397 2600 4450 rerum
2665 4381 3122 4453 secundarum
3186 4384 3447 4472 elatus,
3523 4403 3682 4456 cum
3744 4386 3815 4454 et
3868 4376 4321 4451 consiliarios

1216 4491 1559 4584 pessimos
1613 4498 1862 4566 nactus
1919 4496 2095 4566 foret
2123 4492 2210 4583 ³),
2277 4496 2631 4569 infirmum
2684 4500 2991 4573 animum
3054 4502 3144 4573 ad
3197 4503 3611 4577 deteriorem
3662 4507 3937 4593 parte-
3990 4498 4321 4581 inclinat,

1219 4610 1527 4701 adeoque
1579 4610 2000 4684 insolentiae
2057 4635 2223 4686 suae
2277 4614 2625 4707 indulget,
2681 4625 2763 4689 ut
2815 4641 2955 4691 non
3006 4621 3211 4715 longe
3266 4623 3576 4711 abesset,
3643 4622 3815 4715 quin
3869 4620 3947 4693 in
4002 4617 4321 4690 Wladis·

1216 4729 1407 4803 laum
1473 4731 1736 4823 Regem
1799 4731 2135 4805 Poloniae
2208 4737 2279 4805 et
2343 4754 2505 4806 suos
2569 4736 2901 4810 Poloniae
2953 4740 3284 4829 barones,
3356 4764 3438 4815 eo
3492 4741 3908 4835 praesertim
3980 4746 4322 4830 tempere,

1219 4848 1385 4920 dum
1440 4850 1729 4939 crapula
1783 4855 1852 4922 et
1905 4850 2244 4924 ebrietate
2300 4858 2592 4926 onustus
2630 4861 2844 4946 esset,
2902 4879 3149 4932 manus
3185 4861 3540 4946 iniiceret:
3600 4883 3808 4954 quem
3860 4862 4130 4935 nedum
4179 4861 4323 4933 rie-

1216 4968 1385 5055 lari,
1445 4969 1567 5040 sed
1625 4989 1752 5041 nec
1786 4968 2304 5043 inclementiori
2357 4974 2563 5045 verbo
2601 4976 2972 5066 appellari,
3030 4979 3524 5071 turpissimum
3559 4982 3699 5054 reri
3736 4982 4064 5055 debebat.
4124 4980 4327 5054 Unde

1218 5088 1530 5178 praefato
1588 5085 1979 5159 Wladislao
2034 5088 2214 5180 Regi
2279 5111 2416 5162 non
2468 5094 2732 5184 gratias
2786 5095 2934 5187 agit
2986 5119 3109 5188 pro
3166 5120 3450 5173 munere
3505 5101 3748 5194 Magni
3801 5102 4129 5174 Ducatus
4194 5100 4329 5173 sibi

1219 5202 1566 5294 impenso,
1621 5221 1762 5278 non
1816 5205 1986 5279 colit
2038 5206 2276 5299 illum,
2334 5232 2471 5282 non
2524 5221 2916 5305 veneratur,
2973 5239 3110 5289 non
3167 5219 3486 5311 miratur,
3547 5223 3671 5295 sed
3718 5222 4085 5296 veteribus
4142 5221 4324 5295 iniu-

1437 5464 1483 5547 ¹)
1529 5468 1853 5531 cathedrali
1901 5468 2054 5535 Cod.
2085 5472 2278 5539 Rozr.
2329 5470 2381 5558 Ω)
2427 5465 2729 5546 funeribus
2773 5469 2900 5550 Ed.
2946 5476 3128 5573 Ia‘pae.
3180 5484 3229 5572 ²)
3276 5500 3436 5556 esset
3483 5470 3639 5559 Coa.
3686 5475 3887 5560 Rom&
