4342 6384
369 618 502 720 (Α.
543 618 635 694 D.
675 616 902 715 1414.)
1504 638 1730 691 masa
1781 634 2239 691 nuntiemus.
3300 616 3337 688 1
3354 614 3448 685 73

367 938 757 1031 vladislaus
799 937 940 1009 nox
983 885 1185 1008 solvit
1237 901 1634 1008 obsidionem
1675 934 1880 1008 castri
1923 933 2250 1023 nomem
2304 933 2393 1006 Bo
2437 950 2598 1024 paco
2640 932 2875 1005 iterun
2928 933 3173 1005 matra
3217 936 3455 1005 tract&

367 1062 498 1131 tu.
541 1056 928 1147 Alexander·
948 1056 1090 1127 Du
1131 1054 1400 1144 laguna
1441 1053 1823 1129 Lithamas
1865 1052 1984 1124 vix
2028 1070 2070 1123 a
2111 1052 2445 1143 proposito
2496 1051 2845 1125 reducendi
2888 1070 3046 1124 auos
3086 1054 3159 1125 in
3202 1052 3456 1137 Lithua-

772 1176 941 1248 ιίιιι
986 1174 1303 1248 deiicitnr.
1347 1172 1646 1245 Bonnnlli
1690 1172 2149 1245 Lithuanomn
2194 1173 2366 1261 apud
2408 1171 2656 1246 leland
2698 1170 3061 1261 capiuntur.

576 1420 1222 1513 Supplicationibus
1257 1419 1594 1491 Iohannis
1631 1418 2062 1493 Varmiensis
2101 1417 2411 1510 episcopi
2449 1416 2887 1491 Wladislaus
2926 1416 3259 1491 Poloniae
3300 1417 3457 1491 Rex

370 1541 476 1631 (in
529 1541 663 1613 fide
716 1539 1061 1631 siquidem
1100 1538 1154 1627 ¹)
1209 1537 1427 1629 Regis
1479 1538 1666 1610 bello
1721 1537 2094 1629 superiori,
2153 1558 2289 1629 quo
2344 1538 2551 1610 caede
2602 1556 2853 1629 magna
2889 1536 3198 1609 crucifer
3232 1536 3452 1609 domi·

369 1664 488 1732 tus
543 1666 681 1748 est,
738 1678 1056 1746 manenS,
1114 1656 1521 1749 episcopatu
1575 1656 1854 1745 relicto,
1910 1656 2275 1728 Poloniam
2332 1676 2491 1729 cnm
2528 1656 2719 1748 Rege
2758 1658 3075 1745 venerat)
3130 1657 3451 1747 placatus

369 1784 441 1853 et
491 1777 883 1870 pervictus,
941 1776 1371 1849 obsidionem
1425 1775 1638 1847 castri
1694 1776 1806 1847 sui
1861 1776 2209 1867 Helsberg
2262 1774 2514 1861 solvit,
2581 1779 2652 1847 et
2706 1779 2936 1847 castra
2990 1775 3063 1846 in
3118 1774 3457 1847 ulteriora

365 1916 818 1990 promovens,
876 1895 964 1966 ad
1015 1894 1348 1985 oppidum
1403 1894 1814 1989 Kruczborg
1837 1893 1926 1983 ²),
1983 1914 2026 1965 a
2076 1894 2405 1987 gentibus
2460 1893 2609 1965 suis
2664 1895 2869 1986 longe
2922 1894 3203 1985 lateque
3238 1896 3454 1967 Prus-

369 2018 547 2089 siam
582 2013 1170 2107 pervagantibus,
1213 2018 1374 2085 ante
1419 2013 1568 2085 dies
1606 2013 1878 2105 aliquot
1913 2017 2424 2106 expugnatum,
2464 2012 2953 2105 direptumque
2988 2018 3059 2087 et
3095 2018 3449 2103 exustum,

368 2134 709 2227 pervenit.
770 2133 917 2224 Quo
971 2132 1124 2204 illic
1177 2136 1458 2205 tenente
1513 2132 1807 2220 stativa,
1870 2133 2221 2204 Iohannes
2278 2131 2565 2203 Walrod
2596 2129 2657 2221 ³)
2712 2132 3044 2225 Rigensis
3112 2133 3451 2225 archiepi-

371 2274 655 2345 scopus,
709 2272 868 2325 cum
923 2250 1152 2324 tribus
1207 2250 1892 2323 Commendatoribus
1946 2250 2030 2323 de
2083 2250 2372 2337 Ordine,
2426 2272 2550 2343 pro
2604 2270 2773 2343 pace
2818 2252 3117 2344 petenda
3152 2257 3224 2325 et
3260 2257 3445 2325 trac·

373 2374 584 2457 tanda
657 2371 964 2445 advenit.
1037 2372 1130 2443 Et
1183 2371 1502 2462 quamvis
1574 2370 2010 2442 wladislaus
2082 2370 2271 2457 Rex,
2346 2369 2531 2441 datis
2592 2390 2716 2461 pro
2793 2374 2991 2461 parte
3064 2390 3193 2443 sua
3262 2371 3455 2463 pacis

371 2490 898 2577 tractatoribus,
953 2510 1192 2580 pacem
1247 2510 1322 2563 se
1373 2510 1512 2561 non
1566 2488 2018 2561 abnuiturnm
2073 2489 2484 2563 obtulisset:
2543 2488 2913 2562 Cruciferis
2950 2495 3185 2563 tamen
3222 2492 3457 2563 nullas

371 2630 632 2703 aequas
697 2608 1132 2683 conditiones
1197 2608 1647 2681 afferentibus
1711 2612 1782 2681 et
1845 2629 2164 2700 magnam
2230 2628 2423 2699 spem
2488 2607 2625 2679 sibi
2687 2608 3218 2699 pollicentibus,
3276 2610 3461 2701 quod

368 2730 606 2823 regius
663 2727 1012 2801 exercitus
1067 2729 1246 2817 fame
1301 2727 1776 2815 excruciatus,
1833 2727 2100 2799 bellum
2153 2729 2331 2801 foret
2382 2726 2789 2815 relicturus,
2866 2748 2940 2801 re
2994 2726 3254 2802 infecta
3307 2728 3451 2801 dis-

367 2871 648 2923 cessum
701 2852 832 2922 est.
889 2846 1363 2921 Contendebat
1417 2868 1685 2919 summo
1743 2846 1976 2919 studio
2030 2846 2433 2919 Alexander
2484 2845 2925 2919 Withawdus
2962 2849 3125 2920 Dux
3160 2848 3456 2940 Magnus

367 2968 828 3056 Lithuaniae‚
883 2971 1166 3059 propter
1210 2965 1348 3038 loci
1383 2964 1978 3057 propinquitatem
2041 2986 2130 3038 ex
2183 2965 2297 3037 his
2346 2964 2631 3037 stativis
2667 2966 3122 3039 Lithuaniam
3154 2966 3449 3040 reverti:

367 3090 494 3162 sed
567 3086 890 3160 omnibus
956 3084 1186 3177 Regni
1258 3084 1590 3157 Poloniae
1659 3084 2068 3173 baronibuS,
2145 3085 2507 3177 signanter
2576 3088 2809 3158 tamen
2886 3084 3307 3179 Sandivogio
3376 3086 3461 3159 de

367 3208 711 3298 Ostrorog
761 3204 1073 3298 palatino
1121 3202 1582 3277 Posnaniensi
1619 3208 1692 3276 et
1725 3203 2012 3277 Maioris
2048 3204 2383 3277 Poloniae
2432 3203 2827 3295 capitaneo,
2884 3204 3159 3278 fortiter
3194 3210 3266 3279 et
3300 3226 3459 3278 con·

365 3330 646 3398 stanter
697 3324 998 3397 reditum
1036 3344 1242 3395 suum
1279 3323 1868 3415 improbantibus,
1925 3329 1996 3395 et
2031 3344 2106 3395 se
2143 3324 2405 3416 Regem
2454 3344 2659 3395 snum
2696 3322 3204 3412 wladislaum,
3262 3324 3461 3417 equis

363 3443 800 3536 absumptis,
855 3443 1164 3535 pedestri
1215 3442 1468 3515 itinere
1523 3447 1885 3515 secuturos
1939 3442 2507 3516 asseverantibus
2536 3444 2627 3532 ⁴),
2682 3443 3103 3517 reversionis
3140 3444 3453 3535 proposi-

362 3570 554 3651 tum,
611 3584 752 3634 non
805 3562 956 3635 sine
1010 3566 1242 3635 tamen
1295 3562 1511 3634 animi
1565 3562 1678 3633 sui
1733 3562 2144 3647 acerbitate,
2202 3561 2548 3653 deposuit.
2606 3562 2698 3634 Et
2749 3562 2919 3635 licet
2971 3584 3012 3635 a
3064 3562 3349 3636 stativis
3385 3563 3460 3643 in

364 3682 786 3775 Kruczborg
845 3680 1108 3755 habitis
1173 3680 1598 3753 decrevisset
1661 3681 2098 3754 Wladislans
2161 3682 2319 3753 Rex
2386 3701 2631 3754 versus
2694 3680 3052 3774 Kinsberg
3103 3683 3179 3763 in
3232 3687 3457 3754 terras

366 3800 736 3874 inferiores
792 3798 1174 3889 exercitum
1224 3800 1474 3873 ducere
1502 3800 1596 3889 5),
1654 3800 2053 3874 Alexandro
2091 3800 2489 3873 Withawdo
2526 3797 2706 3872 Duci
2742 3800 2991 3893 Magno
3030 3794 3451 3875 Litliuaniae

368 3924 442 3992 et
507 3919 660 3991 suis
723 3919 1078 4010 precibuS,
1156 3940 1424 3991 omnem
1490 3940 1678 3991 oram
1742 3919 2235 3992 Pruthenicam
2310 3918 2515 3991 terris
2583 3918 2733 3991 suis
2797 3922 3259 3996 confinantem
3322 3920 3457 4009 uri,

368 4038 643 4111 vastari
697 4042 768 4111 et
821 4037 1274 4111 exterminari
1327 4037 1724 4111 anhelantis
1778 4060 2036 4111 morem
2089 4043 2451 4130 gesturus:
2516 4042 2802 4129 propter
2854 4044 3087 4113 tamen
3140 4040 3454 4113 assiduo-

363 4180 526 4229 rum
581 4157 910 4229 imbrium
964 4157 1403 4245 descensum,
1461 4158 1812 4229 exercitus
1863 4156 2197 4229 interras
2224 4154 2416 4228 'illas
2480 4163 2727 4250 suapte
2754 4160 2817 4247 ⁶)
2872 4178 2962 4231 ex
3016 4159 3249 4252 pelagi
3300 4181 3457 4251 pro·

365 4276 770 4367 pinquitate
821 4296 1120 4367 aquosas
1185 4281 1254 4347 et
1309 4275 1715 4367 quotidiana
1768 4274 2056 4367 insuper
2099 4276 2345 4367 pluvia
2398 4276 2819 4367 complutae,
2876 4279 3283 4352 nullatenus
3330 4300 3451 4369 po-

366 4401 590 4482 terat,
673 4396 824 4467 solo
889 4414 974 4467 ex
1039 4392 1442 4466 lubricitate
1497 4394 1932 4483 dehiscente,
2007 4394 2303 4467 traduci.
2379 4394 2487 4467 Ex
2544 4396 2953 4490 Kruczborg
3004 4398 3243 4489 itaque
3297 4399 3456 4470 Rex

365 4534 622 4586 versus
684 4513 979 4585 fluvium
1038 4512 1435 4585 Passariam
1500 4512 1819 4585 divertit:
1895 4533 2099 4604 quem
2171 4513 2503 4604 pontibus
2576 4516 3000 4589 constructis
3066 4516 3455 4603 traiicienS,

359 4632 663 4705 biduum
715 4633 1044 4705 absumit.
1099 4632 1443 4704 Posthaec
1497 4631 1570 4703 in
1632 4631 1911 4704 Holand
1947 4632 2395 4723 perveniens,
2454 4638 2761 4706 castrum
2818 4638 2890 4709 et
2937 4634 3295 4708 civitatem
3334 4636 3452 4707 ob-

362 4750 604 4824 sidere
655 4750 906 4842 coepit.
962 4750 1345 4822 Nonnullis
1399 4754 1632 4823 autem
1685 4750 2060 4823 Lithuanis
2114 4750 2497 4839 militibus,
2553 4750 2739 4825 inter
2770 4753 3011 4826 hortos
3048 4758 3119 4826 et
3152 4752 3462 4844 pomeria

359 4890 622 4961 parum
677 4873 953 4942 sensate
1007 4870 1094 4940 ad
1149 4868 1375 4960 spolia
1429 4865 1755 4957 intentis,
1811 4870 2122 4943 hostium
2176 4868 2623 4961 stipendiarii
2677 4873 2861 4944 facto
2916 4890 3003 4944 ex
3056 4875 3287 4944 cast-ro
3340 4870 3459 4944 de-

361 5007 661 5075 scensu,
719 4986 998 5061 Butrim
1036 4987 1119 5059 de
1156 4987 1474 5059 Zermino
1507 4988 1592 5075 ⁷),
1651 4987 2039 5061 Alexandri
2095 4988 2478 5061 Withawdi
2518 4989 2751 5063 curiae
2787 4989 3234 5079 marsalcum,
3290 4989 3463 5063 item

593 5275 638 5354 ¹)
683 5280 786 5354 qui
831 5278 894 5336 in
937 5277 1054 5337 fide
1101 5270 1253 5337 Cod.
1297 5272 1491 5338 Rozr.
1549 5273 1602 5355 ²)
1646 5277 1948 5353 Ozurborg
1995 5270 2146 5337 Coa.
2204 5274 2380 5340 Galo.
2428 5276 2847 5357 (Kreuzburg).
2903 5276 2961 5356 ³)
3006 5278 3253 5339 Vah-oth
3308 5274 3461 5340 cod.

358 5376 563 5445 Cale.
608 5378 706 5458 (de
749 5378 1176 5459 Wallenrode).
1223 5376 1278 5458 ⁴)
1321 5380 1723 5441 asserentibus
1769 5374 1922 5441 cod.
1967 5375 2160 5441 Rozr.
2209 5378 2259 5459 ³)
2304 5380 2623 5440 exercitum
2666 5379 2882 5442 ducere
2928 5378 3154 5445 dosunt
3196 5379 3270 5445 in
3310 5376 3463 5446 cod.

359 5478 562 5550 Calo.
606 5489 664 5543 et
704 5478 881 5546 Kost.
930 5477 986 5561 ⁸)
1031 5486 1240 5561 suapte
1281 5485 1496 5543 natura
1541 5468 1694 5547 Ood.
1742 5478 1933 5544 Roaer.
1985 5480 2036 5563 ⁷)
2079 5482 2311 5543 Zermio
2358 5475 2509 5547 cod.
2554 5479 2731 5545 Kost.
