4342 6384
882 540 1031 615 698
2042 555 2271 611 mena
2321 552 2832 611 oeconomus.
3410 530 3545 632 (Α.
3585 532 3678 607 D.
3715 528 3966 631 m)

874 751 947 820 et
998 745 1195 819 alind
1249 744 1487 818 civilis
1550 743 1724 817 belli
1786 742 2174 815 maximum
2237 743 2654 829 fomentum,
2720 740 3138 814 Pancratius
3201 740 3286 814 de
3339 740 3594 813 Sancto
3649 740 3962 827 Nicolao‚

876 866 996 959 qui
1052 866 1220 940 licet
1271 870 1507 956 partes
1562 861 1944 936 Wladislai
1996 861 2216 954 Regis
2273 866 2704 953 sequeretur,
2777 865 2979 951 rapto
3033 864 3266 933 tamen
3319 860 3560 934 vivere
3613 864 3964 943 assuetus,

876 1004 1069 1059 oram
1124 1004 1428 1071 omnem,
1494 1002 1673 1074 qnae
1727 1002 1769 1057 a
1825 982 2109 1055 flumine
2166 981 2352 1072 Wag
2395 982 2720 1053 Powasse
2755 980 2812 1070 ¹)
2865 980 3148 1069 dicitur,
3213 980 3632 1072 gravissimo
3683 979 3966 1071 praedo-

876 1104 1061 1177 cinio
1114 1107 1429 1176 vexarat.
1486 1102 1565 1173 Is
1602 1101 1771 1193 quia
1824 1120 2155 1191 praesens
2185 1098 2248 1190 2)
2305 1100 2546 1173 Budas
2583 1102 2842 1188 fuerat,
2883 1120 3040 1171 cum
3078 1098 3229 1172 suis
3266 1100 3590 1173 omnibus
3623 1099 3969 1173 communi

875 1222 1283 1317 Hungariae
1337 1221 1613 1295 decreto
1678 1220 2218 1312 comprehensus
2275 1224 2386 1292 est
2415 1217 2502 1309 3),
2567 1225 2638 1292 et
2701 1220 2846 1292 fere
2899 1239 3138 1291 omues
3191 1219 3304 1291 sui
3371 1219 3791 1307 familiares,
3847 1218 3968 1289 ali-

876 1347 1048 1435 quot
1102 1341 1451 1435 exceptis,
1510 1358 1685 1434 quos
1721 1340 2143 1413 Polonorum
2197 1338 2586 1431 compassio
2625 1359 2713 1411 ex
2751 1338 2980 1411 media
3031 1343 3250 1411 mort-e
3305 1338 3684 1429 eripuerat,
3724 1339 3972 1429 laqueo

878 1464 1098 1535 vitam
1152 1464 1367 1535 finere
1422 1459 1678 1548 coacti,
1736 1458 2063 1550 suspensi
2116 1462 2318 1546 sunt3
2374 1458 2830 1531 Pancratium
2853 1457 2918 1547 ⁴)
2973 1457 3046 1529 in
3085 1456 3388 1530 vinculis
3442 1456 3792 1531 asservari
3829 1458 3971 1549 pla-

880 1582 1051 1655 cuit.
1125 1582 1263 1655 Hic
1323 1579 1769 1673 Iungaricae
1830 1578 2058 1671 plebis
2125 1581 2340 1667 furor,
2415 1598 2622 1671 quem
2705 1582 2776 1651 et
2847 1578 3185 1669 primores
3255 1577 3736 1669 nequidquam·
3806 1576 3972 1649 resi-

882 1701 1129 1775 stendo
1182 1700 1605 1792 probabant,
1662 1719 1749 1772 ex
1788 1719 1925 1790 quo
1980 1698 2144 1771 dare
2181 1698 2414 1790 coepit
2465 1697 2948 1790 impatientiae
2985 1718 3264 1783 manus,
3322 1698 3626 1789 amplius
3671 1695 3974 1789 grassari

880 1820 1329 1911 disponebat,
1404 1823 1474 1891 et
1526 1818 2093 1910 prehendendum
2156 1818 2538 1891 Iohannem
2603 1817 2862 1891 Giskra
2933 1835 3090 1890 cum
3157 1817 3304 1890 suis
3371 1817 3694 1889 omnibus
3771 1820 3976 1907 atque

881 1940 1269 2013 necandum
1334 1938 1807 2027 concluserat,
1883 1958 2119 2013 omnes
2183 1956 2596 2028 guerrarum
2656 1940 2922 2025 motus,
2999 1936 3311 2009 Iohanne
3373 1936 3634 2009 Griskra
3707 1940 3784 2008 et
3845 1935 3976 2019 hia,

884 2059 1009 2151 qui
1066 2079 1208 2131 una
1262 2062 1491 2145 erant,
1550 2056 1920 2145 extinctiS,
1979 2057 2054 2129 in
2090 2056 2498 2149 Hungariae
2533 2058 2777 2149 Regno
2831 2077 2958 2130 nec
3011 2056 3219 2128 aliter
3270 2056 3658 2147 quieturos,
3735 2056 3978 2127 Latere

884 2177 1358 2251 wladislaum
1411 2177 1675 2269 Regem
1730 2176 2084 2249 conclusio
2140 2177 2296 2268 ipsa
2325 2176 2412 2265 ⁵),
2473 2177 2794 2268 quamvis
2851 2176 3284 2249 clandestine
3322 2175 3511 2248 edita
3538 2176 3625 2265 θ),
3683 2195 3828 2246 non
3863 2194 3976 2265 po-

888 2300 1103 2371 terat:
1162 2295 1415 2369 violari
1470 2296 1654 2369 enim
1710 2296 1917 2372 fidem
1972 2300 2045 2368 et
2096 2296 2546 2370 securitatem
2601 2296 2835 2369 datam
2865 2294 3184 2384 Giskrae,
3240 2294 3708 2387 perniciosum
3749 2314 3974 2367 exem-

887 2419 1085 2509 plum
1120 2417 1180 2506 ⁷)
1233 2414 1585 2503 iudicanS,
1644 2420 1715 2490 et
1766 2420 2005 2491 notam
2058 2416 2327 2489 nomini
2381 2436 2508 2488 suo
2563 2416 2752 2488 inuri
2806 2420 3158 2505 metuens,
3215 2414 3439 2488 mittit
3490 2416 3825 2503 PolonoS‚
3867 2412 3980 2504 qui

890 2536 1213 2609 Griskram
1271 2536 1342 2608 in
1396 2534 1846 2608 dissimulato
1908 2535 2157 2608 habitu
2227 2555 2315 2607 ex
2371 2535 2571 2607 Buda
2625 2534 2984 2623 eductum,
3053 2556 3298 2608 versus
3353 2534 3720 2607 Iavrinum
3797 2533 3978 2606 inco-

887 2657 1148 2729 lumem
1201 2654 1693 2746 perducerent;
1758 2654 1957 2726 cuius
2013 2656 2182 2746 fuga
2234 2654 2560 2745 Hungari
2626 2659 3008 2746 comperta,
3075 2676 3117 2727 a
3171 2654 3464 2727 caeteris
3517 2652 3980 2726 familiaribus

890 2774 1041 2849 suis
1094 2767 1571 2865 temperarunt
1623 2792 1893 2845 manus.
1954 2771 2213 2847 Giskra
2246 2773 2430 2866 ipse,
2473 2774 2796 2865 quamvis
2835 2774 3132 2847 alterius
3165 2774 3518 2865 Principis
3553 2794 3744 2865 pars,
3787 2772 3976 2845 Wla·

890 2895 1117 2967 dislao
1182 2893 1361 2986 Regi
1428 2893 1870 2966 vehementer
1938 2914 2079 2965 non
2143 2893 2332 2967 affici
2405 2915 2544 2966 non
2605 2893 2872 2985 potuit,
2949 2894 3136 2967 vitae
3201 2912 3368 2966 suae
3445 2892 3652 2966 illum
3727 2894 3980 2984 ubique

892 3016 1195 3106 vulgans
1251 3016 1695 3085 servatorem.
1778 3012 1891 3085 Ad
1944 3012 2452 3105 conquirendas
2517 3012 2766 3086 deinde
2793 3012 2858 3103 ⁸)
2915 3014 3265 3105 impensas
3328 3034 3452 3106 pro
3511 3015 3748 3087 futuro
3805 3014 3980 3087 bello

895 3153 1063 3204 cura
1125 3130 1341 3224 Regis
1406 3136 1477 3203 et
1539 3130 2033 3223 Hungarorum
2106 3151 2442 3205 conversa
2503 3138 2646 3219 est;
2717 3133 3066 3206 aerarium
3125 3134 3396 3227 regium
3467 3138 3620 3208 erat
3683 3135 3978 3219 nullum,

896 3250 1325 3326 liberalitate
1386 3248 1571 3323 enim
1644 3250 1812 3323 adeo
1876 3250 2167 3344 prodiga
2243 3250 2326 3324 in.
2381 3250 2748 3325 universos
2819 3274 2992 3325 usus
3055 3258 3200 3342 est,
3273 3257 3356 3325 ut
3417 3255 3580 3345 plus
3647 3260 3978 3345 erogaret,

818 3374 825 3381 ’
897 3392 1105 3464 quam
1161 3369 1297 3443 sibi
1351 3369 1707 3443 retineret.
1795 3371 1967 3445 Post
2018 3372 2262 3462 plures
2326 3372 2564 3464 itaque
2629 3371 3170 3446 deliberationes
3233 3372 3307 3446 in
3362 3394 3436 3446 re
3487 3374 3620 3446 hac
3685 3374 3980 3455 habitas,

898 3492 1218 3583 singulas
1272 3488 1599 3563 civitates
1671 3495 1740 3563 et
1801 3491 2049 3579 villae,
2125 3495 2270 3563 tam
2332 3492 2564 3583 regias
2636 3513 2843 3583 quam
2905 3492 3275 3581 baronum,
3347 3494 3660 3566 conferre
3735 3500 3984 3567 certam

898 3610 1234 3704 pecuniae
1288 3609 1755 3702 quantitatem
1810 3610 1884 3682 in
1923 3610 1996 3683 id
2048 3611 2318 3684 bellum
2373 3611 2674 3702 placuit,
2733 3619 2802 3684 et
2839 3631 3076 3685 omnes
3131 3612 3498 3685 civitatum
3551 3618 3625 3686 et
3659 3613 3982 3685 villarum

898 3732 1167 3805 incolas
1222 3731 1455 3803 taxari
1484 3730 1572 3818 ⁰).
1629 3729 1839 3803 Multi
1876 3730 2169 3803 barones
2224 3731 2664 3823 Hungariae‚
2723 3732 2843 3803 sed
2898 3736 2970 3805 et
3017 3732 3153 3805 duo
3189 3732 3587 3823 pontifices,
3647 3732 3986 3805 Iohannes

902 3849 1387 3924 waradiensis
1442 3852 1512 3922 et
1566 3849 1807 3923 Simon
1864 3849 2269 3941 Agriensis‚
2326 3872 2450 3942 pro
2505 3851 2692 3924 bello
2744 3852 3044 3943 gerendo
3096 3852 3437 3926 dederunt
3487 3852 3796 3924 nomina.
3859 3852 3984 3922 De-

874 3974 1243 4063 putantur
1296 3969 1537 4061 itaque
1590 3973 1821 4043 certae
1883 3990 2041 4043 orae
2093 3990 2218 4061 pro
2271 3972 2466 4063 regia
2530 3970 2928 4060 Maiestate,
2997 3972 3178 4045 alise
3229 3992 3356 4064 pro
3408 3972 3862 4063 pontificibus
3921 3974 3986 4041 et

900 4090 1281 4165 baronibus
1336 4088 1664 4161 militiam
1718 4089 2085 4180 professis,
2144 4094 2216 4162 et
2269 4090 2343 4163 in
2398 4090 2564 4163 illas
2619 4096 2980 4165 exactores
3031 4091 3510 4179 destinantur3
3567 4091 3868 4163 Iohanni
3911 4090 3986 4160 de

904 4208 1194 4283 Huniad
1246 4228 1574 4282 curruum
1630 4208 2039 4280 falcatorum
2077 4208 2195 4299 ¹⁰),
2250 4209 2815 4299 bombardarum,
2855 4212 3284 4299 fistularum,
3341 4211 3744 4303 pulverum,
3785 4231 3982 4302 eque-

905 4352 1061 4405 rum
1115 4334 1187 4402 et
1238 4332 1697 4417 caeterorum,
1756 4327 2013 4419 quibus
2065 4329 2238 4402 belli
2293 4330 2562 4423 indiget
2614 4336 3026 4423 apparatus,
3085 4331 3459 4404 mandatur
3507 4331 3841 4423 provisio.

1128 4628 1175 4710 ¹)
1222 4636 1534 4713 profluisse
1582 4630 1734 4697 Cod.
1765 4630 1904 4695 Lis.
1956 4633 2007 4715 ²)
2052 4636 2218 4712 prius
2269 4630 2419 4697 cod.
2451 4634 2670 4698 Przez.
2719 4634 2770 4715 ³)
2818 4634 3171 4697 decernente
3213 4654 3464 4714 prensus
3495 4642 3588 4698 est
3633 4632 3788 4699 Cod.
3824 4624 3984 4697 Calc.

912 4736 966 4817 ⁴)
1010 4740 1388 4799 Pancratium
1430 4753 1573 4798 vero
1631 4732 1757 4798 Ed.
1806 4735 1986 4820 Lips.
2060 4736 2111 4817 ⁵)
2156 4739 2274 4798 ista
2330 4734 2457 4799 Ed.
2517 4731 2698 4821 Lips.
2768 4735 2820 4817 ⁸)
2867 4740 3137 4813 quamvis
3199 4736 3566 4800 clandestina
3630 4736 3757 4800 Ed.
3819 4736 3984 4821 Lips.

916 4838 971 4925 ⁷)
1017 4841 1332 4917 perniciosi
1378 4842 1631 4918 exempli
1678 4836 1831 4904 Cod.
1863 4838 2039 4902 Kost.
2112 4836 2167 4924 8)
2215 4842 2458 4918 insuper
2500 4839 2625 4903 Ed.
2670 4838 2852 4923 Lips.
2901 4840 2955 4922 ⁹)
3000 4848 3176 4917 atque
3221 4840 3492 4902 villarum
3538 4844 3766 4904 incolae
3797 4840 3982 4902 taxati.

918 4940 1040 5005 Ed.
1094 4940 1273 5025 Lips.
1332 4942 1407 5024 ¹⁰)
1454 4944 1875 5007 falconemrum
1920 4942 2047 5006 Ed.
2100 4940 2282 5026 Lips.
