4342 6384
72 5554 81 6057 -·——-—--——-—-———--.-

856 587 953 661 72
2050 602 2278 658 LIBER
2329 603 2788 658 unm-:omns
3411 578 3544 681 (Α.
3585 579 3676 656 Ι).
3719 582 3944 680 1410.)

862 813 1253 885 magnaque
1307 791 1632 878 victoria,
1707 790 1955 863 iubens
2010 811 2134 881 per
2187 790 2390 862 aedes
2454 789 2818 861 universas
2882 809 3114 860 sacras
3168 788 3550 880 gratiarum
3606 788 3680 860 in
3727 789 3944 860 Deum
3987 789 3996 798 '

859 911 1196 984 celebrari
1250 910 1592 997 actiones),
1650 911 2091 1000 perfunctum
2163 930 2334 982 esse.
2397 909 2484 980 In
2539 909 2741 980 fidem
2797 911 3029 980 autem
3083 907 3418 980 victoriae
3477 910 3548 978 et
3601 909 3944 979 laetarum

858 1051 1121 1117 rerum,
1180 1028 1471 1101 nuntius
1526 1030 1944 1120 Morawyecz
1998 1027 2408 1100 banderium
2449 1026 2757 1118 episcopi
2794 1027 3392 1112 PomesaniensiS‚
3451 1025 3656 1098 Beati
3693 1026 3944 1096 Iohan-

863 1150 975 1222 nis
1022 1148 1388 1240 Baptistae
1424 1148 1711 1219 formam
1749 1147 1823 1218 in
1861 1146 2139 1238 aquilae
2178 1146 2408 1238 effigie
2442 1146 2706 1218 habens
2746 1147 2799 1234 ¹)
2855 1165 2978 1235 pro
3034 1144 3330 1237 insigni,
3389 1146 3578 1236 Rege
3633 1145 3938 1232 iubente,

862 1269 1234 1342 deferebat.
1293 1267 1439 1358 Quo
1495 1266 1893 1339 cracoviam
1949 1265 2362 1337 adveniente
2419 1271 2488 1336 et
2541 1265 2758 1356 Regis
2813 1263 3268 1336 denuntiante
3331 1263 3732 1352 victoriam,
3789 1263 3940 1335 uni-

864 1408 1065 1459 versa
1118 1386 1287 1458 urbs
1342 1385 1645 1457 maximo
1699 1384 1922 1457 iubilo
1978 1389 2049 1455 et
2105 1383 2574 1469 iucunditate,
2642 1383 2957 1454 ecclesiis
3013 1383 3256 1454 laudes
3313 1385 3456 1455 Deo
3513 1382 3945 1470 canentibu8‚

864 1505 1229 1598 personuit
1266 1509 1335 1578 et
1372 1505 1703 1576 universa
1739 1507 1938 1575 nocte
1978 1503 2260 1594 ignibus
2308 1502 2652 1575 laetitiam
2708 1502 3134 1574 testantibus
3191 1502 3513 1574 colluxit.
3572 1502 3949 1592 Triumpho

865 1623 1114 1698 deinde
1166 1645 1289 1715 per
1344 1623 1789 1695 latitudinem
1843 1621 2070 1712 Regni
2121 1621 2458 1693 Poloniae
2511 1620 2798 1709 diffuso,
2855 1641 3059 1692 voces
3099 1625 3168 1692 et
3205 1621 3658 1694 iubilationes
3695 1621 3769 1692 in
3808 1621 3946 1691 sin-

867 1743 1057 1835 gulis
1114 1742 1525 1815 civitatibus
1581 1745 1650 1813 et
1703 1740 1883 1812 vicis
1939 1739 2273 1812 Poloniae
2305 1737 2390 1828 2),
2450 1761 2646 1810 suam
2702 1744 2772 1812 et
2825 1760 3110 1811 suorum
3168 1740 3576 1812 felicitatem
3625 1745 3694 1811 et
3732 1740 3948 1811 victo·

868 1863 1047 1934 riam
1102 1859 1471 1934 immodico
1526 1858 2027 1932 celebrantium
2082 1858 2371 1950 gaudio,
2428 1857 2870 1930 resonabant.

874 2212 1181 2302 oppidum
1231 2209 1557 2281 Hocnstcn
1611 2225 1755 2279 cum
1808 2213 2027 2280 castro
2081 2209 2370 2280 deditum
2421 2208 2608 2297 negt,
2665 2211 2735 2280 ct
2787 2208 3060 2278 nuntius
3115 2207 3398 2297 episcopi
3443 2207 3830 2280 Vamiensis
3874 2208 3957 2279 ad

1630 2329 1867 2416 Regem
1911 2327 2123 2413 venit,
2168 2343 2364 2398 orans
2407 2327 2583 2415 parci
2628 2326 2816 2398 bonis
2860 2327 3196 2396 ecclcsiae.

1082 2573 1290 2647 Feria
1343 2572 1622 2664 quinta,
1688 2571 1763 2644 in
1816 2573 1929 2645 die
1984 2572 2228 2644 Sancti
2282 2571 2556 2660 Alexii‚
2621 2571 2890 2644 decima
2943 2571 3243 2662 septima
3301 2571 3509 2659 Iulii,
3575 2570 3957 2644 licentiatis

876 2692 1311 2766 Wladislaus
1366 2693 1520 2764 Rex
1574 2691 1936 2778 Poloniae,
1996 2695 2064 2762 et
2101 2690 2292 2763 abire
2329 2690 2690 2782 permissis
2729 2690 3083 2778 omnibuS,
3142 2711 3314 2781 quos
3371 2694 3681 2781 ceperat,
3738 2689 3954 2780 capti-

876 2813 1020 2901 via,
1094 2833 1386 2902 quorum
1451 2831 1783 2882 numerus
1848 2810 2260 2882 aestimatus
2325 2814 2431 2881 est
2496 2831 2707 2900 supra
2779 2809 3240 2901 quadraginta
3310 2810 3540 2882 millia
3602 2809 3956 2881 hominum

877 2931 1238 3017 habuisse,
1296 2931 1456 3000 dato
1511 2928 1613 3001 eis
1667 2926 2144 3000 munificentia
2198 2929 2388 3020 regia
2441 2929 2697 3001 viatico
2753 2935 2824 3000 et
2877 2929 3175 3015 vestitu,
3232 2928 3417 3000 datis
3473 2930 3762 3019 iusuper
3798 2927 3952 2998 fidis

880 3048 1446 3135 conductoribuS,
1504 3047 1625 3139 qui
1680 3047 1843 3119 illos
1899 3047 1971 3117 in
2024 3047 2420 3137 proximum
2459 3047 2788 3138 oppidum
2828 3046 3118 3119 Osterod
3149 3045 3210 3136 ³)
3267 3048 3758 3134 conducerent,
3813 3066 3954 3116 mo-

882 3174 1000 3240 vet
1053 3168 1287 3258 copias
1344 3166 1456 3238 sui
1509 3165 1895 3252 exercitus,
1952 3170 2021 3237 et
2074 3166 2161 3237 ad
2217 3172 2522 3238 castrum
2587 3165 3054 3257 oppidumque
3109 3167 3470 3238 Hoensten
3524 3165 3958 3256 perveniens,

882 3286 1145 3358 stativa
1198 3286 1405 3357 locat.
1461 3285 1681 3356 Facta
1733 3287 1967 3356 autem
2022 3284 2096 3356 in
2152 3305 2398 3356 manus
2453 3284 2682 3376 regias
2737 3289 2882 3356 tam
2937 3284 3151 3356 castri
3208 3305 3413 3376 quam
3455 3285 3692 3377 oppidi
3731 3285 3959 3356 Hoen-

882 3410 1037 3479 sten
1093 3404 1480 3490 deditione,
1547 3405 1704 3475 Rex
1767 3403 1895 3474 illa
1958 3403 2257 3474 Iohanni
2319 3404 2834 3494 Krethkowsky
2896 3404 2980 3476 de
3033 3403 3232 3474 domo
3296 3404 3614 3496 Dolanga
3677 3401 3965 3474 tradidit

884 3525 958 3596 in
1012 3528 1353 3596 tenutam.
1423 3523 1573 3614 Qua
1636 3521 1915 3612 quidem
1978 3522 2350 3609 modestia,
2418 3522 2844 3595 liberalitate
2909 3527 2981 3594 et
3044 3523 3444 3610 clementia,
3503 3544 3710 3613 quam
3763 3521 3962 3594 Wla-

884 3644 1152 3716 dislans
1210 3643 1363 3714 Rex
1419 3641 1733 3714 exercuit
1784 3641 1859 3712 in
1916 3641 2234 3732 captivos
2288 3647 2358 3714 et
2412 3640 2757 3729 devictOS‚
2823 3640 3384 3732 magnificentius
3447 3641 3806 3731 aliquanto
3861 3639 3966 3711 vi·

886 3763 1104 3836 ctoria
1158 3782 1329 3833 usus
1386 3781 1567 3848 esse,
1636 3781 1843 3851 quam
1908 3760 2162 3832 vicisse
2227 3760 2639 3832 aestimatus
2705 3767 2843 3832 est:
2910 3758 3292 3831 maximum
3347 3761 3684 3840 fructum,
3741 3759 3966 3829 maxi·

890 3900 1213 3970 mamque
1266 3881 1541 3952 laudem
1598 3879 2187 3964 mansuetudini8‚
2255 3880 2587 3951 solvendo
2652 3879 2925 3952 vinctos
2981 3883 3052 3950 et
3106 3879 3428 3966 miseros,
3497 3884 3567 3951 et
3620 3898 3760 3950 non
3817 3897 3966 3950 sae-

889 3999 1139 4071 viendo
1201 3998 1275 4069 in
1339 3997 1642 4085 deditos,
1710 4003 2127 4070 consecutus
2159 3999 2249 4086 4).
2307 3998 2520 4070 Venit
2583 4002 2816 4070 autem
2871 3998 2984 4069 die
3038 3997 3164 4069 illo
3217 3999 3304 4069 ad
3361 3999 3624 4088 Regem
3678 3996 3968 4070 nunt-ius

844 4117 1199 4208 'episcopi
1261 4116 1691 4187 Varmiensis
1756 4116 2125 4202 Iohannis,
2192 4136 2477 4208 rogans:
2546 4121 2627 4187 ut
2688 4116 2918 4206 ipsum
2985 4121 3053 4188 et
3115 4116 3297 4187 bona
3363 4115 3474 4187 sui
3529 4117 3968 4206 episcopatus

888 4235 1150 4308 habens
1188 4255 1311 4325 pro
1350 4234 1638 4322 deditis„
1696 4235 1991 4320 vastari,
2047 4235 2298 4324 urique
2335 4236 2463 4306 illa
2499 4256 2636 4306 non
2677 4235 2958 4307 sineret.
3018 4236 3114 4306 At
3151 4235 3338 4322 Reiz,
3395 4234 3644 4305 nuntio
3681 4253 3962 4323 respon-

896 4354 1118 4424 dendo
1150 4353 1237 4440 5),
1292 4357 1501 4443 negat
1564 4374 1668 4440 se,
1734 4373 1889 4424 cum
1946 4359 2015 4426 et
2068 4353 2360 4425 nuntius
2415 4354 2778 4445 ambiguae
2842 4353 3004 4424 fidei
3076 4354 3276 4425 homo
3348 4353 3761 4424 aestimatus
3837 4357 3963 4436 est,

894 4471 1214 4562 precibus
1280 4471 1791 4563 episcopalibus
1856 4473 2309 4544 annuiturum
2371 4477 2442 4544 et
2505 4477 2853 4544 staturum
2916 4491 3100 4558 esse3
3166 4492 3304 4542 non
3365 4472 3666 4542 abnuere
3734 4477 3956 4542 tamen

892 4611 1128 4683 preces
1184 4589 1367 4678 eins,
1425 4590 1486 4661 si
1538 4590 1998 4680 personaliter
2049 4592 2370 4678 venien8‚
2430 4612 2502 4664 se
2557 4595 2626 4662 et
2677 4592 2858 4663 bona
2911 4611 3038 4661 sua
3091 4589 3456 4662 dediderit.

1116 4860 1161 4940 1)
1208 4863 1520 4923 habentem
1570 4855 1721 4922 Cod.
1770 4856 1943 4922 Calv.
1993 4857 2048 4944 ²)
2094 4862 2390 4921 Polonicis
2435 4859 2560 4921 Ed.
2607 4858 2786 4942 Lips.
2845 4857 2898 4940 ³)
2943 4859 3266 4920 Hostem-od
3314 4854 3465 4920 Cod.
3516 4855 3690 4918 Calv.
3743 4856 3796 4936 ⁴)
3845 4877 3976 4918 con·

896 4969 1131 5024 secutus
1176 4970 1285 5023 est.
1334 4957 1483 5024 Cod.
1528 4959 1720 5024 Rozr.
1772 4961 1823 5040 ⁶)
1870 4963 2234 5038 respondens
2293 4958 2444 5024 cod.
2491 4960 2683 5022 Rozr.
