4342 6384
390 586 524 688 (Α.
559 588 654 662 D.
693 585 946 686 ⁸426.)
1559 608 1784 661 amun
1835 605 2293 661 annuemus.
3330 573 3475 650 341

391 796 748 871 obsidione
801 794 1055 887 cingit,
1111 798 1420 867 caeteras
1475 814 1666 865 arces
1721 791 2063 865 incendiis
2103 791 2156 880 ¹)
2214 794 2285 861 et
2319 790 2713 862 vastatione
2769 788 3101 861 villarum
3154 790 3370 859 terret
3407 787 3479 857 et

389 916 650 988 allidit.
710 915 966 988 Verum
1023 919 1102 987 ut
1157 916 1238 985 fit
1291 913 1362 987 in
1401 912 1586 987 bello
1641 911 1998 1003 aequitate
2051 909 2313 983 emissa
2350 913 2707 1000 suscepte,
2764 913 3057 983 eventus
3112 905 3479 980 desideriis

390 1034 778 1108 Alexandri
841 1033 1224 1106 Withawdi
1297 1054 1640 1125 nusquam
1712 1032 1945 1103 minus
2017 1030 2551 1121 respondebant.
2636 1028 2957 1120 Quinque
3031 1024 3481 1101 hebdomadis

389 1156 658 1229 coelum
719 1154 1034 1246 pluviam
1103 1154 1432 1240 fundens,
1507 1153 1678 1225 adeo
1741 1151 2032 1225 coelesti
2103 1150 2324 1223 imbre
2387 1152 2643 1223 terram
2718 1148 2947 1222 effecit
3022 1147 3480 1239 complutam,

390 1280 853 1366 consurgente
907 1275 1242 1361 Arcturo,
1301 1272 1612 1345 tonitrua
1667 1271 1880 1343 simul
1935 1275 2006 1341 et
2044 1271 2323 1362 fulgura
2377 1267 2725 1359 frequenti
2782 1272 3201 1360 tempestate
3253 1265 3479 1341 conci-

388 1396 678 1483 debant,
730 1393 1150 1485 praecipites
1205 1414 1242 1465 e
1297 1393 1488 1467 coelo
1544 1391 1798 1465 imbres
1865 1388 2361 1471 diffundentia,
2428 1394 2508 1459 ut
2562 1409 2776 1479 equos
2831 1393 3016 1461 terra
3070 1409 3207 1460 non
3262 1385 3477 1458 susti-

389 1536 594 1603 none,
651 1514 858 1587 undis
913 1514 1003 1585 ad
1054 1534 1280 1605 genua
1333 1512 1746 1584 involveret.
1803 1512 2015 1583 Terra
2052 1509 2341 1599 insuper
2394 1514 2643 1600 suapte
2673 1506 2737 1597 2)
2794 1507 3029 1581 mollis
3086 1512 3156 1579 et
3192 1526 3479 1597 aquosa,

387 1634 790 1726 pluviarum
854 1632 1310 1706 multitudine
1372 1632 1714 1719 resoluta,
1783 1629 2281 1722 quadrigarum
2344 1634 2415 1703 et
2479 1627 3005 1719 quadrupedum
3077 1625 3479 1711 transitum,

391 1754 530 1827 nisi
583 1753 916 1846 virgultis
971 1759 1042 1825 et
1095 1751 1478 1826 viminibus
1533 1755 1920 1839 const-rata,
1979 1771 2116 1822 nou
2174 1750 2462 1821 ferebat.
2532 1747 2753 1839 Equis
2806 1747 3201 1839 pabulatio,
3258 1744 3480 1818 homi·

389 1876 597 1947 nibus
653 1893 928 1965 quoque
981 1876 1440 1959 commeatus,
1499 1870 1816 1957 deerant3
1881 1870 2122 1961 plures
2186 1870 2516 1941 mortales
2582 1870 2761 1940 fame
2824 1866 3323 1958 disperiebant.
3394 1866 3483 1937 In

389 1992 876 2086 congressibus
941 1991 1419 2083 singularibus
1484 1989 1983 2077 Pskovienses‚
2057 2010 2228 2081 gens
2290 1987 2547 2079 pavida
2609 1993 2681 2059 et
2747 1989 2996 2078 fugax,
3064 1985 3351 2058 Polonis
3406 1988 3480 2057 et

389 2112 766 2186 Lithuanis
823 2112 1209 2185 evadebant
1263 2110 1656 2201 superiores
1688 2108 1780 2197 ³).
1838 2109 2087 2182 Omnia
2139 2108 2463 2200 incoepta
2516 2106 2907 2180 Alexandri
2942 2105 3326 2179 Withawdi
3374 2126 3485 2178 ce·

390 2233 647 2306 debant
699 2237 822 2305 aut
874 2231 948 2305 iu
1001 2232 1404 2318 adversum,
1463 2235 1586 2303 aut
1623 2230 1698 2302 in
1734 2228 2038 2303 irritum.
2097 2228 2433 2302 Pluribus
2486 2227 2725 2319 itaque
2760 2226 3109 2299 molestiis
3164 2230 3237 2299 et
3272 2245 3481 2317 ango-

388 2351 586 2425 ribus
639 2350 1042 2425 Alexander
1105 2348 1564 2442 defatigatus,
1633 2350 1906 2423 trahere
1977 2369 2132 2421 cum
2198 2348 2431 2421 animo
2496 2368 2621 2421 suo
2684 2346 2894 2419 auxie
2949 2346 3211 2438 coepit,
3278 2343 3481 2417 omit-

391 2474 658 2547 teretne
711 2471 976 2543 bellum
1031 2468 1341 2543 evidenti
1395 2468 1813 2541 infelicitate
1877 2468 2216 2541 hactenus
2270 2472 2539 2559 gestum
2560 2522 2579 2555 ,
2649 2488 2737 2539 an
2792 2468 3141 2555 fortunam
3204 2486 3483 2538 rursum

391 2590 849 2683 experiretur,
907 2610 1086 2682 quae
1157 2590 1396 2663 crebro
1467 2589 1582 2661 illi
1644 2589 1968 2677 adversa,
2035 2586 2391 2679 poenitere
2446 2608 2603 2661 eum
2658 2586 2770 2659 sui
2824 2585 3139 2673 consilii,
3206 2589 3277 2657 et
3330 2604 3483 2656 sero

392 2709 683 2802 Sbignei
735 2707 1214 2782 Cracoviensis
1279 2707 1588 2800 episcopi
1653 2707 2022 2781 memorari
2085 2707 2333 2801 coegit.
2407 2708 2661 2799 Itaque
2724 2707 2810 2779 ad
2864 2708 3105 2779 hostes
3170 2704 3482 2791 mittens,

388 2851 662 2923 pacem,
719 2828 782 2901 si
818 2828 1286 2902 conditionem
1325 2830 1630 2902 oblatam
1677 2828 1966 2919 implere
2005 2827 2263 2916 velint,
2303 2826 2525 2900 offert.
2584 2825 2963 2899 Pskovitae
3000 2829 3234 2898 autem
3274 2845 3477 2897 even-

390 2950 582 3023 tibus
638 2948 910 3040 aliquot
974 2948 1176 3038 elati‚
1243 2970 1482 3040 pacem
1547 2950 1898 3037 abnuunt,
1964 2947 2393 3039 nuntiosque
2456 2946 2606 3020 sine
2670 2945 2865 3038 pacis
2931 2966 3087 3037 spe,
3154 2943 3482 3017 felicitati

393 3090 562 3143 suae
621 3090 762 3141 non
823 3067 1196 3145 statuendo
1225 3069 1292 3157 ⁴)
1355 3068 1669 3156 modum,
1736 3088 1994 3143 vacuos
2055 3067 2452 3145 remittunt.
2536 3068 2853 3143 Mutatur
2914 3066 3107 3141 illico
3180 3068 3483 3152 fortuna,

391 3192 708 3261 mutatur
759 3194 830 3262 et
883 3188 1060 3261 coeli
1115 3187 1598 3279 intemperiae,
1663 3188 2038 3279 subitoque
2113 3209 2201 3262 ex
2256 3189 2447 3263 coelo
2512 3186 2895 3278 caliginoso
2970 3185 3309 3259 serenitas
3364 3206 3483 3256 vo-

391 3308 544 3381 tiva
595 3312 860 3397 coorta,
926 3308 1308 3381 exercitum
1375 3308 1591 3380 Ducis
1655 3306 2043 3380 Alexandri
2108 3329 2196 3380 ex
2262 3307 2439 3380 locis
2502 3306 2757 3379 vicinis
2830 3305 3139 3379 omnium
3212 3306 3481 3379 victua-

390 3428 566 3503 lium
596 3426 658 3518 5)
715 3427 984 3520 copiam
1038 3428 1445 3503 contrahere
1475 3427 1538 3517 ⁶)
1593 3427 1948 3520 permisit;
2005 3428 2247 3501 cedere
2303 3432 2373 3501 et
2410 3428 2649 3519 fugere
2686 3425 3189 3513 PskovienseS,
3248 3426 3483 3498 clades

391 3549 684 3641 insuper
735 3550 1131 3640 frequentes
1195 3546 1517 3639 excipere
1581 3547 1802 3621 coacti
1863 3551 2062 3635 sunt,
2129 3545 2525 3638 sensimque
2594 3546 2819 3621 omnis
2886 3548 3199 3634 fortuna,
3257 3546 3484 3617 omnis

390 3667 720 3755 victoria,
777 3668 865 3739 ad
920 3667 1400 3739 Alexandrum
1456 3666 1930 3740 Withawdum
1983 3667 2280 3739 redibat.
2359 3666 2505 3757 Quo
2560 3646 2765 3739 malo
2798 3664 3267 3741 Pskovienses
3336 3686 3487 3756 per-

393 3787 658 3875 territi,
715 3785 954 3861 missis
1008 3786 1316 3875 nuntiiS,
1379 3807 1653 3878 pacem,
1719 3808 1928 3877 quam
1984 3790 2425 3878 spreverant,
2490 3784 2877 3860 multifarie
2927 3788 3179 3877 rogant
3234 3789 3305 3857 et
3358 3784 3485 3857 im·

391 3910 696 3999 petrant.
772 3907 838 3979 A
893 3906 1148 3998 quibus
1204 3906 1606 3981 Alexander
1660 3906 2101 3981 Withawdus
2167 3928 2419 3999 magna
2472 3905 2627 3979 auri
2680 3910 2751 3979 et
2804 3904 3105 3998 argenti,
3165 3909 3307 3976 tam
3349 3904 3488 3977 fusi

393 4047 602 4119 quam
658 4026 924 4118 signati
954 4026 1038 4113 ⁷),
1107 4025 1501 4117 quantitate
1565 4030 1880 4117 accepta,
1949 4047 2158 4117 quam
2222 4026 2299 4099 in
2352 4028 2647 4101 barones
2702 4030 2771 4099 et
2827 4023 3097 4097 nobiles
3153 4023 3487 4098 Poloniae

395 4167 630 4219 secum
685 4145 1075 4219 militantes
1130 4144 1520 4219 liberaliter
1575 4146 1920 4239 erogavit,
1977 4167 2217 4237 pacem
2270 4144 2822 4221 Pskovieusibus
2873 4165 2997 4236 per
3053 4152 3279 4219 certas
3326 4166 3484 4219 cou-

393 4266 700 4339 ditiones
755 4269 826 4340 et
879 4265 1221 4356 capitula,
1289 4264 1544 4357 quibus
1600 4264 1935 4337 limitatio
1999 4269 2343 4339 terrarum
2398 4286 2525 4340 suo
2588 4263 2879 4337 arbitrio
2934 4263 3485 4355 relinquebatur,

393 4384 771 4473 concessit,
831 4386 1200 4478 solutaque
1253 4384 1469 4460 castri
1525 4384 1936 4460 Woroniecz
1963 4385 2026 4473 Β)
2082 4384 2474 4473 obsidione,
2532 4383 2904 4457 incolumis
2961 4406 3117 4457 cum
3174 4384 3487 4457 exercitu

395 4528 522 4579 suo
577 4504 652 4580 in
703 4503 1156 4579 Lithuaniam
1211 4504 1446 4580 rediit.
1503 4504 1676 4577 Erat
1727 4504 1914 4577 enim
1967 4504 2413 4579 Withawdus
2460 4505 2657 4593 Dux,
2698 4502 2897 4579 ‘sicut
2951 4502 3489 4579 adversantibus

392 4646 622 4717 asper,
677 4624 780 4698 ita
834 4623 1272 4717 supplicibus
1327 4630 1398 4697 et
1451 4645 1674 4716 aequa
1727 4624 2177 4699 offerentibus
2241 4623 2634 4717 placabilis.

610 4913 656 4995 ¹)
703 4916 975 4977 incendio
1025 4910 1176 4977 Cod.
1223 4912 1416 4977 Rozr.
1487 4914 1536 4994 2)
1583 4920 1792 4991 suapte
1834 4919 2048 4975 natura
2110 4909 2261 4976 God.
2310 4910 2503 4976 Rozr.
2569 4912 2619 4993 ⁸)
2665 4914 2957 5001 evadebat
3000 4914 3285 4989 superior.
3336 4906 3487 4973 Cod.

389 5017 586 5082 Rozr.
634 5016 686 5099 ⁴)
731 5024 1056 5080 statuentes
1101 5014 1227 5080 Ed.
1276 5016 1456 5101 Lips.
1507 5016 1560 5096 ⁵)
1606 5018 1902 5079 venalium
1949 5013 2102 5080 0001.
2154 5012 2331 5079 Cale.
2393 5014 2448 5095 ⁶)
2495 5017 2823 5079 convehere
2864 5012 2991 5079 Ed.
3039 5012 3219 5101 Lips.
3269 5012 3323 5093 7)
3368 5015 3485 5077 for-

387 5124 534 5187 mati
585 5117 736 5189 Cod.
769 5118 962 5187 Rozr.
1011 5119 1064 5203 ⁸)
1108 5122 1398 5185 Wronacz
1447 5115 1600 5186 eod.
1645 5118 1842 5186 Rozr.
