4342 6384
375 519 508 620 (Α.
547 520 638 611 D,-
679 520 933 623 ¹434.)
1531 550 1756 603 mmm
1809 549 2265 603 [monemus.
3318 520 3453 597 531

958 728 1408 796 Lithuanidum
1451 736 1630 797 tanta
1673 750 1996 815 nunquam
2039 729 2419 814 dignissima
2458 728 2671 814 proles

1042 830 1309 915 claruit,
1354 837 1456 899 ast
1499 834 1704 899 solum
1749 833 1884 900 fata
1926 832 2160 900 dedere
2204 832 2328 899 sibi

954 934 1075 1018 Te,
1123 953 1310 1017 quem
1353 934 1418 1000 in
1466 935 1640 1002 fasce
1682 936 1912 1020 bonus,
1959 936 2284 1003 meliorem
2327 937 2521 1019 stirpe
2565 936 2803 1001 creavit

1043 1036 1352 1122 Olgyerth
1385 1036 1434 1123 ¹)
1480 1039 1954 1122 magnanimus,
2000 1044 2102 1105 sat
2129 1037 2184 1124 ²)
2231 1038 2574 1104 meminere
2616 1038 2754 1103 viri.

953 1139 1172 1205 Prisca
1215 1158 1376 1222 gens
1417 1140 1630 1207 varios
1673 1140 1824 1207 dum
1868 1140 2118 1207 Christo
2163 1140 2409 1207 censuit
2450 1159 2680 1225 annos,

1037 1242 1337 1325 Milleque
1379 1243 1688 1325 trigentos
1713 1242 1765 1329 δ)
1811 1262 1954 1329 sex,
2000 1242 2118 1309 sed
2160 1249 2225 1309 et
2268 1248 2641 1328 octogenos,

951 1344 1128 1410 Alter
1172 1348 1236 1410 et
1279 1365 1322 1410 a
1362 1345 1519 1411 Iano
1564 1344 1801 1411 mensis
1845 1344 2142 1410 lustraret
2186 1344 2254 1409 in
2297 1344 2476 1429 orbe,

1037 1448 1174 1511 Iam
1219 1466 1468 1531 quoque
1509 1447 1802 1513 bissenas
1827 1445 1882 1532 ⁴)
1931 1448 2217 1513 volverat
2260 1446 2368 1514 ille
2410 1445 2584 1513 dies:

953 1551 1344 1618 Convolvere
1387 1550 1580 1615 simul
1617 1568 1939 1635 proceres,
1984 1555 2138 1616 natu
2184 1550 2373 1616 simul
2417 1550 2708 1617 meliores
2736 1552 2791 1637 ⁵)

1037 1652 1243 1735 Regni
1287 1652 1506 1737 totius,
1553 1653 1830 1719 culmina
1871 1652 2179 1737 iustitiae,

950 1757 1342 1841 Nosti-atum,
1389 1762 1652 1822 cunctas
1695 1762 1760 1823 te
1803 1756 2045 1837 Regem
2089 1754 2280 1821 chare
2306 1754 2362 1841 ⁸)
2408 1776 2522 1840 per
2564 1756 2781 1842 urbes,

1035 1858 1292 1924 Plenius
1337 1864 1402 1924 et
1443 1857 1786 1925 Dominum
1831 1856 2215 1923 constituere
2257 1876 2461 1925 suum.

949 1962 1088 2027 Hoc
1130 1966 1199 2025 tu
1242 1980 1371 2027 non
1413 1960 1714 2027 habuisse
1743 1959 1796 2047 ⁷)
1843 1965 1950 2025 tuo
1993 1966 2144 2026 tunc
2189 1960 2379 2028 corde
2422 1961 2687 2045 putasti,

1036 2064 1320 2146 Surgens
1364 2068 1608 2129 maturo
1638 2062 1694 2149 ⁸)
1739 2068 2050 2148 tempore,
2095 2082 2345 2147 quoque
2387 2063 2596 2147 thoro,

949 2166 1186 2249 Virgae
1230 2167 1332 2232 vel
1376 2166 1606 2231 calami
1649 2165 1940 2233 iaciendo
1983 2164 2188 2231 frusta
2226 2167 2493 2251 putasti,

1034 2269 1263 2336 Dicere
1308 2274 1524 2335 suetus
1569 2288 1740 2353 cras,
1786 2287 1824 2333 o
1868 2268 2257 2351 astripotens
2300 2289 2494 2353 apex,
2604 2308 2617 2321 -

945 2374 1084 2438 Rex
1125 2372 1258 2457 pie,
1302 2372 1442 2437 Rex
1485 2370 1690 2455 fortis,
1735 2375 1988 2453 praeter
2029 2375 2094 2436 te
2138 2369 2389 2437 Christe
2432 2370 2840 2457 Redemptor,

1033 2475 1210 2540 Haec
1254 2473 1438 2556 quasi
1481 2478 1710 2539 cuncta
1751 2492 1898 2539 mea
1938 2491 2088 2538 curo
2133 2472 2398 2539 subacta
2440 2493 2649 2540 manu.

947 2576 1229 2654 Quatuor
1270 2575 1420 2643 inde
1463 2595 1614 2642 suas
1658 2574 1810 2641 dum
1853 2575 2140 2641 Februus
2184 2594 2333 2643 ecce
2374 2575 2583 2664 dietas
2594 2626 2612 2659 ,

1031 2680 1237 2762 Atque
1282 2678 1502 2747 decem
1546 2678 1782 2763 rubuit,
1826 2697 1954 2744 non
1996 2678 2114 2743 tibi
2156 2677 2337 2745 triste
2382 2678 2502 2745 fuit

943 2782 1250 2867 Iagyeluo
1275 2781 1332 2868 ⁹)
1378 2782 1683 2865 abnuere,
1727 2780 2118 2849 wladislaus
2159 2799 2393 2849 nomen
2436 2782 2671 2851 habere

1029 2884 1340 2970 Baptismi
1383 2884 1592 2969 titulo,
1638 2883 1754 2951 sed
1797 2884 1912 2949 tibi
1957 2885 2123 2951 velle
2168 2884 2305 2951 fuit.

939 2989 1280 3071 Postquam
1324 2987 1464 3055 dies
1509 2987 1676 3053 Solis
1721 2987 1886 3053 sacri
1906 2987 2343 3072 *Baptismatis
2386 3008 2598 3073 usum,

1027 3090 1296 3157 Illustris
1339 3090 1593 3173 generis
1636 3089 1708 3155 fit
1747 3088 1862 3155 tibi
1905 3089 2122 3157 iuncta
2163 3108 2377 3158 comes

942 3192 1253 3275 Hedvigis
1297 3200 1545 3279 tenera,
1589 3193 1920 3275 praeclara
1963 3191 2159 3276 stirpe
2204 3198 2443 3276 creata,

1025 3296 1364 3377 Dignaque
1409 3293 1703 3377 coniugio
1745 3294 1957 3379 paruit
1996 3294 2110 3359 illa
2150 3300 2279 3360 tuo.

941 3398 1161 3465 Gloria
1201 3404 1350 3464 tunc
1395 3397 1632 3481 flieras,
1675 3396 1925 3481 patriis,
1971 3396 2257 3462 radiatus
2298 3396 2563 3483 honore,

1026 3500 1152 3579 Qui
1193 3520 1309 3585 per
1351 3507 1414 3565 te
1458 3499 1609 3567 fidei
1652 3498 1990 3566 collibuere
2033 3499 2179 3567 Dei.

938 3606 1147 3688 thue
1187 3602 1512 3689 neophyta
1554 3622 1716 3685 gens
1756 3601 1980 3687 patriis
2024 3602 2106 3667 tis
2140 3601 2222 3688 ¹⁰)
2267 3608 2455 3669 nacta
2498 3604 2617 3670 sub
2662 3604 2817 3688 oris,

1025 3708 1231 3789 Atque
1277 3705 1692 3789 Samagittica
1733 3724 1900 3787 gaza
1941 3703 2068 3771 fide
2111 3704 2331 3771 Deica.

937 3810 1056 3875 Ast
1095 3827 1285 3891 mage
1329 3812 1672 3891 nostrateS,
1715 3824 1976 3889 quorum
2009 3805 2124 3871 tibi
2167 3805 2302 3872 fata
2345 3806 2557 3873 favere
2590 3810 2608 3845 ¹
2622 3808 2670 3893 ¹)

1022 3910 1217 3993 Regis
1263 3910 1346 3975 tis
1379 3908 1459 3995 ¹²)
1505 3908 1652 3975 forti
1696 3916 1947 3992 sceptra
1991 3908 2213 3975 tulisse
2256 3929 2466 3975 manu.

939 4015 1058 4081 His
1102 4019 1214 4079 tua
1256 4012 1620 4078 muneribus
1662 4011 1861 4077 voluit
1903 4030 2265 4077 succurrere
2309 4010 2557 4096 dextra,

1022 4118 1144 4181 Pro
1187 4116 1388 4199 raptis
1420 4115 1500 4200 ¹²³)
1546 4114 1793 4179 tunicas
1837 4132 2032 4197 saepe
2075 4113 2309 4180 dedisti
2351 4134 2552 4182 novas

934 4218 1229 4302 Afflictis,
1274 4217 1549 4301 miseris,
1594 4217 1902 4301 aegrotis,
1945 4224 2127 4301 pater
2169 4217 2392 4299 egenis
2401 4266 2419 4301 ,

1019 4322 1260 4386 Horum
1304 4326 1441 4386 erat
1483 4318 1738 4385 auxiliis
1781 4318 1915 4384 vita
1955 4319 2195 4385 tuenda
2235 4320 2379 4385 tuis.

933 4424 1174 4489 Taliter
1217 4422 1460 4489 allectis
1506 4420 1752 4503 satagis
1795 4420 1943 4487 fidei
1987 4420 2123 4488 fore
2167 4430 2407 4507 custos,

1019 4526 1106 4591 Ut
1149 4523 1409 4590 stabiles
1454 4524 1710 4589 valeant
1751 4524 1996 4605 gratius
2040 4525 2205 4589 hanc
2249 4525 2453 4592 colere

931 4628 1117 4693 Flore
1162 4646 1326 4693 novo
1369 4626 1582 4709 pingis
1615 4625 1697 4711 ¹⁴)
1743 4627 1988 4708 patriae
2031 4628 2273 4694 telluris
2320 4648 2613 4714 acumen,

1015 4728 1286 4795 Torrida
1328 4748 1490 4809 quae
1535 4728 1726 4809 longo
1770 4735 2053 4812 tempore
2097 4729 2267 4795 culta
2309 4730 2444 4796 fuit.

1004 4950 1168 4957 *a—-—-

563 5094 606 5172 ¹)
656 5096 902 5173 Olgerdi
956 5092 1108 5158 cod.
1155 5092 1334 5157 Kost.
1384 5093 1436 5171 ²)
1481 5095 1594 5155 scit
1640 5090 1792 5157 Cod.
1844 5091 2020 5156 Calv.
2084 5092 2136 5173 ⁸)
2184 5096 2447 5171 trigenos
2504 5090 2656 5157 Cod.
2702 5092 2894 5157 Rozr.
2959 5091 3010 5173 ⁴)
3054 5098 3297 5173 Iamque
3342 5098 3436 5159 his

343 5216 526 5259 senas
574 5192 730 5261 Cod.
773 5196 951 5260 Kost.
1017 5193 1072 5279 ὅ)
1118 5198 1370 5258 maiores
1429 5192 1555 5259 Ed.
1601 5194 1784 5281 Ia‘ps.
1847 5195 1899 5275 ⁸)
1947 5216 2146 5258 carere
2196 5192 2347 5259 Cod.
2407 5194 2585 5258 Kost.
2646 5195 2695 5275 ⁷)
2741 5195 2999 5258 habuisti
3056 5193 3209 5260 Cod.
3259 5195 3436 5261 Calv.

337 5298 398 5379 ⁸)
443 5305 666 5361 mutato
713 5294 866 5361 Cod.
917 5294 1093 5361 Cal-v.
1157 5298 1208 5377 ⁹)
1253 5301 1518 5375 Iagielno
1575 5296 1726 5361 eod.
1772 5296 1948 5361 Kost.
2020 5296 2096 5376 ¹⁰)
2142 5300 2262 5359 tuis
2319 5292 2678 5376 Cod.{Kost.
2749 5297 2826 5377 ¹¹)
2866 5300 3030 5361 fuere
3074 5297 3200 5363 Ed.
3248 5299 3430 5385 Lips.

345 5398 426 5481 ¹²)
473 5403 650 5462 etiam
697 5397 849 5463 Cod.
895 5398 1087 5463 Rozr.
1147 5400 1214 5481 ¹³)
1259 5402 1376 5462 Pro
1420 5404 1582 5478 rapis
1637 5398 1786 5463 cod.
1832 5398 2009 5462 Kost.
2068 5397 2148 5483 ¹⁴)
2196 5402 2433 5477 pingvis
2482 5396 2632 5463 Cod.
2678 5398 2870 5464 Rozr.
