4342 6384
938 536 1093 609 488
2124 556 2355 609 muna
2406 554 2870 607 mucimus.
3474 530 3611 631 (Α.
3648 528 3747 603 D.
3784 528 4029 625 1432.)

939 740 1337 815 ticulariter
1398 761 1604 831 saepe
1665 740 1970 812 Polonos
2033 739 2444 829 infestabat,
2520 744 2591 812 et
2654 760 2863 831 saepe
2926 738 3479 830 particularibus
3548 734 4035 828 congressibus

939 862 1210 949 victus,
1266 859 1688 933 discedebat.
1746 858 2120 932 Exercitus
2176 864 2408 931 tamen
2463 860 2732 951 regius,
2802 860 2967 931 dum
3023 859 3297 931 Fothko
3350 857 3711 948 pugnandi
3775 856 4035 947 copiam

937 1001 1084 1053 non
1139 982 1428 1067 faceret,
1484 980 1570 1051 ad
1625 969 2219 1071 expugnationem
2272 985 2660 1051 castrorum
2716 999 2793 1050 se
2829 983 3273 1064 convertenS,
3336 979 3475 1049 fere
3528 976 3763 1047 omnia
3821 981 4039 1047 castra

940 1100 1015 1171 in
1069 1099 1394 1187 Podolia,
1452 1120 1628 1191 quae
1682 1121 1806 1191 pro
1863 1101 2052 1172 Duce
2110 1098 2471 1191 Switrigal
2522 1098 2965 1186 tenebantur,
3024 1096 3479 1188 conquisivit.
3536 1096 3891 1167 Restabat
3940 1116 4037 1165 ca-

947 1222 1170 1291 strum
1228 1220 1580 1291 Braczlaw
1619 1219 1700 1308 ¹),
1770 1220 1954 1311 quod
2016 1220 2373 1310 praefatus
2428 1220 2737 1305 Fethko,
2804 1218 3182 1290 adventum
3237 1218 3660 1289 Polonorum
3724 1234 4039 1305 praeseu-

941 1338 1165 1428 tienS,
1223 1359 1363 1410 una
1425 1358 1584 1411 cum
1647 1338 1935 1429 oppido,
2001 1358 2088 1411 no
2150 1338 2399 1410 Poloni
2456 1359 2535 1409 eo
2600 1338 3019 1429 potirentur,
3092 1335 3449 1409 cremavit.
3542 1334 3859 1406 Redibat
3916 1334 4041 1404 iam

944 1456 1308 1529 exercitus
1359 1456 1580 1549 Regis
1633 1458 1720 1529 ad
1774 1457 2086 1549 propria,
2150 1457 2481 1530 universa
2534 1456 2826 1535 Podolia
2870 1456 2965 1527 ‘in
3022 1455 3355 1528 ditionem
3422 1456 3641 1546 Regis
3697 1460 3771 1525 et
3828 1451 4041 1544 Regni

951 1578 1248 1651 subacta
1300 1582 1370 1649 et
1423 1579 1724 1669 expulso
1781 1577 2177 1663 Fethkone3
2233 1577 2510 1649 Fethko
2548 1580 2815 1663 tamen,
2873 1576 3073 1647 velut
3127 1574 3239 1647 vir
3276 1575 3418 1647 acri
3474 1574 3779 1665 ingenii,
3844 1574 4039 1644 mole-

954 1702 1064 1769 ste
1117 1698 1346 1771 ferens
1410 1702 1479 1769 et
1541 1695 2055 1786 ademptionem
2119 1696 2451 1767 Podoliae
2516 1700 2588 1767 et
2652 1716 2851 1766 suam
2914 1699 3191 1787 turpem
3254 1694 3769 1779 exclusionem,
3840 1712 4041 1765 novas

953 1820 1200 1908 gentes
1283 1836 1372 1888 ex
1445 1815 1808 1888 Thartaris
1889 1820 1959 1888 et
2030 1815 2398 1901 VaiachiS,
2473 1815 3023 1906 Besserabisque
3050 1814 3113 1904 ²)
3188 1814 3615 1902 conducens,
3691 1814 4041 1885 vindicare

953 1936 1254 2009 iniurias
1310 1957 1474 2008 suas
1526 1936 1841 2028 parabat.
1925 1935 2018 2006 Et
2073 1936 2239 2006 licet
2302 1939 2487 2007 esset
2550 1940 2621 2007 et
2672 1935 2917 2008 robore
2979 1938 3051 2007 et
3104 1954 3391 2007 numero
3454 1933 3777 2025 gentium
3836 1934 4041 2004 multo

955 2055 1296 2147 superior,
1353 2055 1762 2147 intelligens
1817 2060 2052 2127 tamen
2097 2056 2401 2126 Polonos
2458 2074 2545 2127 ex
2584 2054 3066 2146 superioribus
3118 2054 3498 2145 triumphis
3556 2053 3641 2124 de
3680 2074 3757 2124 se
3811 2050 4045 2125 relatis

951 2175 1301 2248 inescatos
1357 2190 1544 2263 esse,
1599 2175 2010 2247 nullatenus
2064 2174 2429 2247 decernere
2486 2174 2768 2264 statuit,
2826 2174 2965 2245 nisi
3020 2179 3393 2265 postquam
3427 2173 3732 2244 Polonos
3790 2172 4042 2263 iniqui·

952 2298 1102 2365 tate
1157 2294 1295 2367 loci
1352 2294 1621 2367 videret
1675 2293 2064 2366 inferiores.
2122 2294 2507 2385 Aliquanto
2562 2295 2803 2385 itaque
2836 2297 3147 2384 tempore
3200 2313 3325 2384 per
3362 2292 3582 2365 silvas
3636 2296 3709 2365 et
3745 2311 4045 2376 nemora,

953 2414 1245 2487 Polonis
1300 2412 1819 2507 ignorantibus,
1878 2418 2108 2487 castra
2145 2434 2382 2485 eorum
2422 2418 2739 2502 secutus,
2796 2414 2884 2485 ad
2920 2412 3215 2485 fluvium
3254 2410 3675 2497 Morachwa,
3732 2416 3811 2482 et
3846 2430 4047 2501 prope

951 2532 1200 2607 villam
1253 2533 1680 2625 Kopestrzin
1711 2531 1804 2622 ³),
1867 2532 2365 2623 paludinosum
2430 2538 2501 2607 et
2562 2533 2939 2605 dilatatum
3000 2532 3211 2625 ripiS,
3280 2532 3597 2604 occultus
3672 2536 3747 2603 et
3813 2536 4047 2621 septus

954 2652 1159 2725 silvia
1223 2653 1569 2742 consedit,
1637 2651 2044 2745 intelligens
2110 2653 2423 2725 futurum
2490 2673 2642 2725 esse
2707 2653 2989 2740 debere,
3055 2652 3241 2743 quod
3313 2652 3466 2723 illic
3518 2650 3887 2723 exercitus
3950 2670 4047 2721 re-

951 2771 1113 2863 gius
1167 2771 1463 2844 fluvium
1517 2771 1988 2863 praedictum,
2043 2790 2203 2844 cum
2258 2772 2429 2844 alibi
2484 2774 2771 2863 propter
2824 2772 3160 2844 alluviem
3216 2776 3287 2845 et
3322 2768 3807 2844 lubricitatem
3860 2792 4048 2841 suam

955 2895 1108 2963 erat
1158 2889 1737 2981 impermeabiliS,
1796 2895 1982 2963 esset
2035 2896 2517 2982 superaturae.
2575 2891 2724 2964 Nec
2780 2912 2936 2963 eum
2993 2891 3229 2983 opinio
3284 2892 3563 2964 fefellit.
3630 2889 3767 2963 Die
3820 2890 4051 2982 itaque

957 3009 1320 3082 Dominico
1388 3010 1628 3083 Sancti
1693 3011 2013 3083 Andreae
2076 3011 2404 3103 Apostoli
2465 3010 2788 3103 gloriosi,
2866 3033 3096 3100 mane,
3172 3013 3595 3084 Polonorum
3670 3010 4047 3093 exercituS,

960 3129 1085 3221 qui
1137 3130 1574 3202 Fethkonem
1627 3131 1794 3204 aliis
1845 3150 2291 3223 progressum
2355 3130 2731 3203 itineribus
2794 3152 2915 3223 per
2969 3134 3447 3223 exploratores
3480 3150 3639 3221 ·pro
3702 3137 4051 3221 comperto

959 3248 1260 3339 habena,
1318 3250 1799 3341 expectatione
1855 3251 2043 3326 omni
2097 3250 2417 3343 deposita
2468 3251 2719 3343 praelii
2776 3273 2857 3324 eo
2894 3251 3007 3325 die
3060 3250 3501 3338 conserendi,
3560 3250 3649 3322 ad
3686 3249 4052 3341 angustias

958 3368 1261 3462 praefati
1314 3370 1659 3460 fiuminiS,
1727 3370 1936 3444 motis
1992 3371 2274 3460 castriS,
2341 3372 2685 3463 pervenit.
2768 3373 2940 3444 Erat
2993 3378 3227 3445 autem
3291 3370 3391 3444 ibi
3446 3391 3657 3463 agger
3708 3369 4051 3461 piscinam

960 3489 1272 3563 fluminis
1326 3490 1724 3581 continens,
1799 3492 1984 3564 infra
2046 3512 2251 3582 quom
2315 3493 2453 3563 duo
2514 3494 2671 3566 loca
2732 3496 2957 3565 strata
3017 3490 3351 3585 virgultis
3418 3512 3507 3563 ex
3570 3490 3931 3562 industria
3992 3499 4053 3560 et

961 3609 1485 3701 capitaneorum
1541 3610 1742 3683 iussu
1796 3615 2030 3699 erant,
2087 3616 2168 3681 ut
2224 3611 2499 3684 facilior
2552 3617 2738 3685 esset
2790 3612 3135 3685 exercitui
3192 3611 3570 3697 transitus,
3627 3614 3699 3681 et
3750 3630 3843 3681 ne
3898 3628 4056 3700 pars

961 3728 1190 3803 media
1243 3727 1692 3803 invaderetur
1756 3731 1842 3803 ab
1896 3729 2257 3819 hostibuS,
2322 3733 2543 3805 altera
2606 3754 2745 3803 non
2799 3734 3079 3805 valente
3143 3734 3319 3805 ferre
3374 3730 3803 3815 subsidium;
3882 3748 4053 3820 quae

963 3848 1204 3923 omnia
1249 3850 1491 3923 callidi
1545 3852 1762 3923 Ducis
1799 3852 2189 3924 Fethkonis
2242 3852 2600 3945 ingenium
2636 3852 2915 3926 evenire
2970 3852 3361 3925 necessaria
3388 3852 3453 3938 ⁴)
3508 3850 3871 3941 sperabat,
3926 3847 4051 3921 ini-

965 3970 1240 4060 quitate
1292 3970 1430 4043 loci
1492 3990 1684 4062 spem
1749 3992 1948 4043 suam
2010 3971 2389 4044 nutriente.
2471 3973 2657 4043 Dum
2718 3974 2956 4064 itaque
3018 3992 3141 4064 per
3204 3973 3356 4044 loca
3422 3974 3645 4042 strata
3720 3968 4053 4061 virgultis

967 4087 1320 4161 exercitus
1373 4110 1536 4180 pars
1590 4090 1818 4163 media
1869 4090 2092 4183 ripam
2130 4091 2425 4164 alteram
2480 4112 2637 4163 cum
2676 4092 3049 4165 medietate
3104 4112 3429 4164 curruum
3468 4089 3851 4162 transisset
3908 4096 4051 4179 (pa-

965 4207 1216 4280 lustris
1270 4208 1454 4280 enim
1508 4210 1704 4281 locus
1734 4210 1796 4299 5)
1850 4210 2014 4282 hinc
2069 4215 2138 4283 et
2192 4212 2357 4283 hinc
2411 4212 2787 4283 transitum
2844 4212 3128 4285 extendi
3181 4210 3650 4302 prohibebat),
3705 4208 3839 4279 nec
3896 4208 4053 4279 dum

967 4326 1306 4400 medietas
1342 4328 1763 4401 Polonorum
1817 4350 2135 4422 aggerem
2194 4331 2651 4420 transiverat,
2708 4331 2943 4404 subito
2996 4352 3153 4403 eum
3191 4332 3674 4403 Ruthenorum
3732 4334 3806 4400 et
3842 4328 4053 4399 Thar-

967 4450 1278 4522 tarornm
1333 4448 1588 4540 copiis,
1663 4470 1865 4541 quem
1929 4450 2114 4522 nihil
2178 4470 2447 4540 eorum,
2516 4472 2694 4542 quae
2757 4450 3007 4523 Poloni
3062 4451 3392 4543 agebant,
3458 4450 4051 4547 latebatksuper·

967 4567 1261 4641 veniens
1312 4568 1587 4642 Fethko
1651 4569 2002 4642 destinata
2056 4571 2451 4662 exequitur,
2510 4575 2580 4643 et
2644 4576 2794 4643 tum
2849 4571 3157 4643 virorum
3212 4568 3669 4659 multitudine
3726 4568 4055 4657 (habebat

967 4688 1154 4761 onim
1209 4689 1294 4761 de
1349 4688 1668 4779 qualibet
1719 4694 1926 4781 gente
1981 4690 2255 4782 aliquot
2306 4691 2591 4780 millia),
2647 4696 2797 4762 tum
2836 4692 2974 4763 loci
3029 4690 3405 4783 iniquitate
3442 4690 3693 4776 statua,
3755 4688 4053 4759 Polonos

968 4808 1282 4881 animose
1333 4828 1490 4880 oum
1545 4808 1872 4880 tubarum
1926 4810 2365 4882 validissimo
2421 4812 2743 4903 clangore
2798 4810 3093 4883 invadit.
3159 4809 3424 4882 Incerti
3478 4829 3557 4881 ac
3608 4807 3878 4899 trepidi
3930 4808 4051 4879 Po·

968 4928 1151 5016 loni,
1208 4932 1279 5000 et
1335 4928 1504 5019 quid
1557 4928 1860 5019 primum
1915 4933 2233 5021 agerent,
2300 4930 2549 5018 nescii,
2616 4929 2957 5021 quomodo
3030 4930 3438 5002 resisterent
3508 4934 3578 5002 et
3642 4927 4049 5018 periculum,

970 5069 1107 5139 quo
1170 5050 1650 5139 comprehensi
1716 5050 2023 5136 fuerant,
2102 5050 2408 5141 qualiter
2481 5050 2883 5145 evaderent,
2958 5028 3097 5124 non
3170 5050 3507 5141 quomodo
3538 5048 3601 5137 ὃ)
3672 5049 4049 5131 vincerent,

1187 5319 1233 5401 ¹)
1278 5322 1545 5383 Braslaw
1609 5318 1760 5386 Cod.
1811 5318 1987 5385 Calv.
2066 5320 2116 5401 ²)
2159 5322 2629 5400 Bessarabisque
2678 5318 2831 5385 cod.
2877 5319 3068 5383 Rozr.
3148 5318 3198 5401 ³)
3246 5321 3607 5397 Kopostrzin
3670 5316 3825 5383 cod.
3870 5316 4049 5381 Rozr.

977 5420 1032 5505 ⁴)
1075 5412 1412 5487 necessario
1459 5420 1610 5489 Cod.
1657 5422 1850 5491 Rozr.
1901 5424 1954 5507 ⁵)
1996 5426 2163 5489 lacus
2206 5424 2333 5489 Ed.
2381 5424 2564 5510 Lips.
2628 5424 2680 5506 ⁰)
2728 5430 2789 5488 et
2830 5426 3121 5504 quomodo
3165 5444 3236 5488 ac
3278 5426 3533 5502 qualiter
3574 5420 3708 5488 Ed.
3754 5421 3935 5508 Lips-
