4342 6384
312 608 439 709 (Α.
478 607 573 684 D.
614 606 843 708 1419.)
1466 634 1693 688 numu
1742 635 2204 688 unnncnms.
3253 615 3402 688 229

313 819 819 893 nuntiationem
876 839 1075 892 suam
1130 821 1308 892 ferre
1364 819 1829 912 negligerent,
1888 819 2464 912 compromissum
2518 819 2820 913 regium,
2881 821 3058 894 festo
3107 821 3406 896 Sanctae

315 940 787 1035 Margarethae
840 939 1039 1031 lapso
1057 995 1075 1027 ,
1140 939 1663 1034 intelligeretur
1724 939 2114 1013 extinctum
2136 995 2153 1028 ,
2222 939 2788 1014 consultantibus
2855 945 2926 1015 et
2991 963 3406 1035 magnopere

318 1063 378 1136 id
442 1061 723 1134 salubre
796 1059 1275 1148 censentibuS‚
1351 1081 1437 1133 ex
1494 1060 1825 1134 Cassovia
1850 1117 1867 1148 ‚
1927 1060 2376 1154 Sigismundo
2431 1061 2622 1154 Rege
2693 1061 2900 1134 illum
2971 1061 3046 1135 in
3117 1063 3406 1156 longum

316 1185 802 1277 prosequente,
860 1179 1224 1254 discedens
1280 1180 1355 1253 in
1408 1180 1799 1275 Aperiasch
1836 1182 1893 1270 ¹)
1948 1180 2177 1254 venit:
2249 1179 2629 1274 Sbigueum
2687 1181 2770 1255 de
2825 1183 3121 1256 Brzesze
3150 1181 3214 1274 2)
3269 1183 3406 1256 Re·

317 1303 427 1400 gni
478 1302 813 1376 Poloniae
868 1301 1287 1374 marsalcum
1352 1301 1537 1393 apud
1604 1299 2133 1396 Sigismundum
2198 1301 2464 1394 Regem
2528 1307 2598 1375 et
2664 1302 2818 1375 eius
2873 1300 3138 1376 curiam
3191 1303 3406 1377 relin-

322 1446 561 1518 quens,
617 1423 707 1495 ad
762 1421 1255 1496 solicitandum
1311 1423 1607 1515 Regem,
1664 1427 1745 1495 ut
1798 1421 2096 1496 celerius
2151 1443 2310 1494 cum
2349 1423 2498 1495 suis
2552 1423 2924 1515 potentiis,
2985 1423 3315 1496 solatium
3346 1420 3409 1512 ³)

321 1544 703 1618 wladislao
766 1542 1101 1615 Poloniae
1164 1542 1347 1635 Regi
1419 1547 1661 1616 contra
1714 1541 2101 1616 cruciferos
2165 1544 2478 1631 laturus,
2556 1549 3036 1638 consurgeret,
3112 1548 3183 1617 et
3245 1563 3406 1616 con-

320 1670 710 1759 surgentem
764 1683 1009 1736 versus
1064 1662 1347 1735 Thorun
1400 1683 1525 1754 per
1576 1661 1980 1736 cracoviam
2032 1669 2105 1737 et
2159 1665 2494 1738 Brzescze
2523 1663 2590 1753 ⁴)
2645 1664 2960 1754 duceret,
3027 1661 3114 1737 de'
3167 1684 3405 1738 neces-

318 1785 515 1858 sariis
588 1783 727 1858 sibi
800 1787 870 1856 et
939 1783 1136 1874 genti
1209 1803 1375 1855 suae
1446 1781 1883 1874 provisurus.
1968 1783 2258 1877 Iamque
2331 1783 2770 1858 wladislaus
2843 1784 3176 1858 Poloniae
3249 1784 3407 1858 Rex

314 1909 381 1980 in
439 1905 763 1999 pluribus
827 1904 1001 1978 locis
1064 1903 1294 1998 Regni
1360 1903 1507 1992 sui,
1582 1924 1707 1995 per
1770 1925 1947 1996 quae
2013 1904 2542 1998 Sigismundum
2611 1905 2872 1998 Regem
2939 1905 3206 1978 iturum
3260 1925 3406 1978 cre-

314 2029 542 2114 debat,
600 2026 841 2098 vinum
862 2081 879 2113 ,
946 2028 1352 2116 caeteraqae
1415 2024 1755 2098 victualia
1819 2024 1893 2097 in
1948 2046 2201 2118 magna
2254 2025 2456 2118 copia
2519 2031 3016 2117 procuraverat
3068 2023 3403 2098 ordinari.

316 2147 445 2222 Sed
498 2151 569 2220 et
625 2144 1120 2238 Sigismundus
1174 2144 1646 2218 Romanorum
1701 2148 1771 2217 et
1824 2144 2233 2238 Hungariae
2270 2143 2460 2232 Rex,
2517 2165 2656 2218 non
2711 2165 2912 2219 secus
2967 2167 3177 2239 quam
3233 2167 3410 2238 quae

314 2267 724 2360 promiserat
803 2271 873 2338 et
943 2265 1337 2352 iuraverat,
1411 2264 1869 2356 impleturae,
1944 2265 2322 2359 Georgium
2396 2266 2480 2338 de
2553 2265 2829 2339 Holoch
2868 2266 2930 2356 5)
3005 2265 3408 2360 episcopum

314 2387 797 2462 Pataviensem
824 2443 842 2474 ,
915 2385 1447 2478 gubernatorem
1520 2385 2165 2478 archiepiscopatus
2239 2385 2748 2480 Strigoniensis
2830 2391 2901 2462 et
2973 2387 3404 2480 imperialem

314 2506 839 2594 cancellarium,
896 2509 969 2578 et
1022 2505 1405 2579 Iohannem
1460 2506 1795 2580 comitem
1861 2507 1945 2579 de
2000 2505 2282 2580 Herdek
2345 2507 2522 2579 alias
2588 2507 2672 2581 de
2726 2509 2942 2598 Recz,
3010 2507 3411 2582 necessaria

316 2635 383 2701 et
452 2649 645 2701 arma
714 2627 788 2699 in
862 2647 1061 2700 suam
1125 2631 1195 2699 et
1267 2627 1577 2701 militum
1642 2648 1925 2700 suornm
2000 2627 2516 2720 expeditionem
2583 2632 2976 2721 opportuna
3049 2649 3404 2722 compara-

312 2755 539 2840 turoS,
597 2747 999 2822 cracoviam
1056 2748 1544 2821 transmiserat
1574 2747 1663 2838 θ).
1737 2747 1874 2840 Qui
1926 2768 2051 2821 sex
2115 2746 2570 2822 hebdomadis
2635 2749 2820 2842 apud
2875 2749 3278 2824 cracoviam
3335 2749 3407 2822 in

314 2869 643 2963 expensis
696 2867 1079 2941 Wladislai
1142 2867 1475 2942 Poloniae
1530 2868 1746 2962 Regis
1811 2868 2250 2958 commorati,
2319 2867 2802 2962 intelligentes
2877 2867 3408 2963 Sigismundum

310 2991 571 3084 Regem
626 2989 859 3062 fluxae
912 2994 983 3060 et
1038 2987 1403 3061 variabilis
1466 2988 1629 3062 fidei
1698 2989 1841 3062 fore
1872 2989 1957 3078 ⁷),
2025 3009 2112 3061 ex
2179 2988 2512 3062 cracovia
2575 2988 3012 3064 discedentes
3077 2989 3153 3063 in
3208 2991 3408 3063 Hun-

306 3111 575 3204 gariam
629 3109 1009 3183 redierunt.
1087 3108 1355 3200 Quibus
1408 3109 1900 3198 redeuntibuS,
1970 3114 2041 3182 et
2095 3108 2447 3202 Sbigneus
2501 3109 2586 3182 de
2642 3111 2938 3184 Brzesze
2991 3110 3222 3203 Regni
3275 3111 3407 3184 Po·

310 3231 541 3304 leniae
614 3229 1001 3303 marsalcus
1025 3286 1042 3317 ,
1117 3228 1365 3302 videns
1438 3235 1510 3302 et
1582 3231 1876 3322 palpans
1952 3229 2272 3322 singulas
2345 3229 2898 3323 pollicitationes
2973 3229 3411 3325 Sigismundi

307 3353 527 3446 Regis
590 3351 925 3426 recidisse
988 3349 1063 3422 in
1126 3350 1440 3440 irritum,
1516 3356 1588 3424 et
1650 3351 1886 3423 nullas
1950 3350 2153 3423 illum
2220 3351 2491 3442 copias,
2558 3351 3076 3442 quantumlibet
3135 3357 3408 3440 tenues,

306 3473 703 3561 ordinasse,
778 3491 918 3543 non
981 3471 1131 3544 sine
1194 3492 1323 3544 suo
1388 3477 1457 3544 et
1520 3471 1737 3564 Regis
1800 3470 1913 3543 sui
1976 3470 2317 3559 ludibrio,
2393 3469 2940 3544 ludificationem
3015 3471 3232 3565 Regis
3297 3471 3411 3544 sui

306 3599 371 3666 et
424 3613 724 3666 suorum
778 3591 1083 3684 amplius
1148 3594 1324 3665 ferre
1386 3613 1525 3664 non
1581 3592 1859 3678 valenS,
1926 3612 2015 3665 ex
2068 3591 2264 3663 curia
2329 3589 2764 3683 Sigismundi
2821 3591 3038 3684 Regis
3114 3590 3412 3666 discedit

303 3718 367 3787 et
419 3714 517 3786 ad
577 3712 1051 3785 wladislaum
1117 3711 1451 3784 Poloniae
1514 3712 1811 3804 Regem,
1881 3711 2017 3783 iam
2082 3715 2254 3784 tunc
2317 3711 2392 3784 in
2448 3710 2838 3784 cruciferos
2892 3711 3408 3804 expeditionem

302 3837 665 3927 agentem,
740 3831 985 3920 rediit,
1060 3831 1497 3925 Sigismundi
1569 3831 1787 3924 Regis
1858 3829 2409 3924 pollicitationes
2483 3852 2692 3923 quam
2761 3832 2974 3924 probe
3048 3838 3407 3926 expertuS.

300 3953 635 4029 Habebat
705 3952 889 4026 enim
957 3952 1451 4046 Sigismundns
1516 3953 1673 4027 Rex
1744 3952 2161 4026 calliditatis
2218 3953 2452 4027 vafrae
2522 3951 2955 4045 permixtum
3025 3951 3409 4048 ingenium,

298 4075 493 4147 aliud
554 4075 882 4146 clausum
946 4077 1233 4166 gestans
1294 4077 1605 4166 pectore,
1673 4073 1868 4146 aliud
1933 4073 2344 4165 depromens
2410 4072 2686 4166 lingua,
2753 4073 2926 4146 adeo
2992 4073 3066 4164 in
3119 4074 3411 4166 promit·

173 4161 177 4204 ἰ
299 4196 507 4268 tendo
568 4194 910 4282 blandus,
978 4199 1059 4266 ut
1111 4193 1427 4266 crederes
1489 4193 1729 4282 illum,
1797 4192 1981 4284 quod
2034 4191 2369 4266 mollibus
2434 4197 2505 4266 et
2559 4192 2898 4267 suavibus
2951 4193 3410 4286 pollicitatio-

298 4313 505 4388 nibus
572 4315 953 4402 obtulerat,
1011 4313 1361 4387 effectuali
1388 4312 1452 4402 θ)
1508 4333 1712 4406 opere
1764 4312 2258 4406 impleturum,
2316 4317 2386 4386 et
2436 4314 2709 4386 nullam
2763 4313 3124 4388 vafriciem
3179 4313 3414 4388 verbis

297 4434 439 4510 suis
500 4432 825 4524 includi,
883 4439 953 4507 et
1008 4433 1128 4526 qui
1182 4434 1485 4507 multum
1537 4433 1790 4507 habuit
1842 4433 2142 4528 ingenii,
2201 4433 2432 4506 minus
2487 4433 2740 4508 cordis.

508 4729 561 4810 ¹)
620 4727 953 4807 Operiasch
1001 4723 1154 4791 Coa.
1198 4723 1391 4790 Rozr.
1440 4724 1492 4804 ²)
1535 4726 1777 4788 Brzezie
1826 4720 1979 4788 Coa.
2024 4721 2218 4788 Rozr.
2269 4723 2324 4807 ³)
2369 4725 2652 4787 auxilium
2701 4719 2852 4789 Cod.
2899 4721 3092 4788 Rozr.
3142 4723 3194 4805 ⁴)
3238 4725 3414 4786 Βηθ-

293 4834 437 4896 ιαίο
488 4829 673 4898 Cod.
717 4829 895 4895 Kost.
958 4830 1008 4911 ³)
1055 4830 1245 4894 Oloch
1292 4826 1444 4893 Cod.
1490 4827 1668 4892 Kost.
1714 4828 2135 4909 (Hohenlohe).
2197 4825 2256 4910 ⁸)
2299 4829 2661 4891 transmittit.
2711 4823 2866 4892 cod.
2919 4824 3112 4892 Rozr.
3185 4825 3236 4908 ⁷)
3281 4845 3416 4889 esse

299 4933 437 5001 cod.
486 4935 709 5000 Rozr.
756 4931 814 5022 ⁸)
862 4936 1246 4998 effectualiter
1288 4931 1415 4996 Ed.
1464 4930 1643 5017 [Αἶρε.
