4342 6384
319 598 452 701 (Α.
489 598 582 675 D.
623 597 876 699 1430.)
1499 624 1726 679 mann
1775 624 2240 680 monemus.
3259 606 3415 681 425

319 828 562 899 nyecz,
621 807 1076 901 significando
1131 808 1206 880 in
1260 813 1520 899 quanto
1574 809 1885 901 periculo
1941 815 2208 884 essent:
2265 812 2529 903 Regem
2582 811 2765 884 nihil
2801 832 2889 885 ex
2926 812 3216 885 arbitrio
3253 834 3413 905 pro-

318 926 472 1018 prio
525 948 764 1021 agere;
817 928 1222 1000 mandatum
1277 929 1362 1002 de
1413 929 1831 1021 resignando
1887 934 2113 1003 castro
2151 930 2637 1023 Kamyenyecz
2692 932 3149 1005 constrictum
3188 954 3315 1004 sua
3357 937 3429 1006 et

323 1066 606 1121 suorum
645 1047 1092 1139 captivitate,
1137 1037 1411 1121 fecisse.
1449 1049 1614 1140 Ipse
1651 1049 2073 1138 attenderet,
2115 1050 2455 1141 quomodo
2486 1056 2794 1124 servaret
2821 1052 3149 1125 honorem
3182 1074 3428 1139 suum,

320 1171 390 1239 et
441 1187 529 1239 ne
583 1167 671 1239 ad
725 1166 1094 1259 imperinm
1148 1168 1400 1261 Regis,
1456 1168 1531 1240 in
1583 1168 1878 1241 alterius
1917 1190 2127 1241 manu
2164 1174 2235 1243 et
2270 1174 2635 1261 potestate
2672 1170 2876 1243 velut
2913 1170 3227 1245 vinctum
3265 1192 3425 1245 con·

321 1286 688 1375 stitutum,
746 1286 998 1359 castris
1053 1286 1253 1360 cedat
1307 1292 1376 1360 et
1427 1308 1574 1361 rem
1610 1287 1964 1378 publicam
2017 1289 2345 1360 vulneret
2399 1292 2468 1362 et
2522 1289 2931 1377 contristet;
2989 1292 3112 1364 sed
3148 1292 3211 1363 si
3247 1290 3429 1383 Regi

320 1409 390 1479 et
443 1406 686 1498 Regno
741 1410 1019 1499 gratum
1074 1412 1428 1498 praestare
1482 1406 1894 1497 obsequium
1951 1406 2245 1499 satagit,
2286 1411 2430 1479 tam
2468 1408 2836 1481 Tarlonem
2859 1465 2877 1495 ,
2918 1430 3127 1501 qnam
3162 1410 3425 1482 Ducem

319 1524 516 1597 Baba
567 1524 1012 1614 Michaelem‚
1067 1524 1142 1597 in
1197 1525 1514 1613 vincula,
1579 1530 1831 1617 negato
1890 1530 2117 1599 castro
2135 1582 2154 1615 ,
2222 1526 2572 1599 coniiciat.
2642 1526 2887 1601 Litera
2939 1528 3111 1601 haec
3150 1530 3205 1618 ¹)
3260 1527 3427 1603 dnm

317 1645 553 1735 palam
609 1644 772 1718 ferri
825 1645 1146 1737 nequiret
1175 1643 1262 1735 ²),
1319 1645 1688 1718 ducalibus
1751 1645 2162 1718 custodibus
2229 1645 2462 1719 omnia
2516 1646 2673 1719 loca
2727 1651 2799 1719 et
2850 1647 3087 1720 aditus
3141 1647 3421 1739 perqui-

315 1764 669 1853 rentibuS,
735 1764 1036 1856 praefati
1099 1764 1418 1838 Andreas
1481 1764 1967 1857 Thanczinsky
2022 1770 2094 1837 et
2145 1765 2485 1838 Nicolaus
2540 1767 2988 1858 Drzewiczky
3043 1766 3323 1840 literam
3354 1764 3416 1857 ³)

314 1883 391 1956 in
428 1884 664 1957 orbem
701 1885 1164 1973 convolvunt,
1205 1888 1275 1958 et
1311 1884 1386 1956 in
1423 1883 1964 1958 similitudinem
2002 1883 2219 1972 cerei,
2276 1904 2433 1958 cera
2472 1885 2819 1973 vestiunt3
2877 1906 3154 1979 quoque
3182 1887 3246 1975 ⁴)
3286 1885 3414 1958 mi-

309 2024 444 2075 nor
495 2008 683 2077 esset
740 2003 886 2076 doli
941 2002 1249 2094 suspicio
1269 2058 1286 2091 ‚
1344 2004 1556 2077 litera
1609 2004 1834 2077 medio
1873 2003 2148 2077 inclusa
2182 2003 2268 2093 ⁵),
2326 2026 2367 2077 a
2418 2009 2617 2096 parte
2654 2010 2952 2097 utraque
2988 2004 3260 2078 lumina
3296 2026 3419 2097 po·

320 2128 504 2195 nunt
567 2122 726 2215 igne
781 2128 854 2195 et
905 2122 1184 2195 flamma
1230 2122 1552 2211 initiata;
1608 2124 1966 2197 candelam
2021 2124 2249 2215 ipsam
2287 2145 2501 2216 puero
2539 2122 2815 2199 cuidam
2852 2123 3217 2198 Zakliczae
3254 2124 3421 2197 'l'ar-

317 2241 506 2314 lonis
561 2243 883 2331 tradunt,
940 2241 1242 2333 dataque
1295 2242 1434 2315 sibi
1488 2263 1630 2314 una
1681 2264 1912 2316 marca
1957 2243 2263 2315 latorum
2309 2263 2744 2335 grossorum,
2800 2247 2884 2317 ut
2936 2264 3122 2332 eam,
3178 2264 3421 2335 quam-

319 2361 626 2454 primum
663 2361 739 2434 in
765 2362 1253 2454 Kamyenyecz
1290 2362 1596 2451 venerit,
1637 2361 1965 2435 Michaeli
1996 2362 2401 2454 Buczaczky
2437 2361 2713 2449 reddat,
2764 2363 2971 2437 facile
3006 2362 3423 2457 perliciunt3

319 2502 538 2573 puero
592 2481 884 2572 insuper
919 2481 1250 2553 mandata
1286 2480 1602 2554 verbalia
1655 2482 1928 2553 adiecta
1956 2482 2051 2570 ⁶):
2111 2484 2459 2573 quatenus
2513 2482 2923 2573 Bnczaczky
2977 2480 3421 2573 capitaneum

320 2605 397 2674 et
449 2601 772 2675 consules
835 2600 1440 2692 Kamyenecenses
1473 2602 1534 2689 ⁷)
1589 2604 1867 2673 moneat
1894 2598 1983 2689 8),
2049 2606 2131 2671 ut
2188 2600 2249 2673 si
2304 2620 2533 2673 errare
2594 2621 2735 2673 non
2797 2600 3025 2675 velint
3051 2600 3140 2691 ⁹),
3198 2620 3285 2673 ex
3342 2622 3423 2675 ea

321 2720 614 2793 candela
667 2719 805 2793 sibi
857 2720 1096 2793 lumen
1150 2723 1509 2811 quaerant.
1565 2718 1716 2792 Nec
1769 2739 1886 2791 eos
1925 2724 2219 2791 eventus
2257 2718 2359 2791 rei
2396 2718 2641 2792 taliter
2678 2720 3103 2811 compositae
3138 2718 3420 2792 fefellit.

321 2840 622 2913 Zaklika
657 2839 862 2911 Tarlo
896 2839 1288 2930 praefatuS,
1344 2839 1509 2911 dum
1557 2860 1642 2911 ex
1681 2837 2096 2925 Lithnania‚
2155 2837 2341 2910 datis
2380 2842 2659 2910 centum
2709 2838 3079 2931 sexagenis
3116 2839 3425 2911 latorum

320 2980 726 3051 grossorum
777 2978 902 3051 per
954 2958 1218 3031 Ducem
1273 2957 1662 3051 Switrigal,
1721 2978 1856 3049 quo
1909 2958 2192 3031 fidelius
2244 2979 2389 3031 rem
2440 2962 2743 3049 gereret,
2801 2978 2926 3049 pro
2981 2978 3299 3045 munere,
3357 2962 3427 3030 et

323 3076 766 3171 amplissima
819 3097 942 3169 spe
997 3077 1082 3149 de
1137 3078 1361 3150 multo
1415 3078 1624 3169 plura
1675 3076 1990 3150 habendo
2012 3133 2030 3166 ‚
2087 3076 2150 3149 si
2204 3098 2351 3150 rem
2388 3071 2787 3167 conficeret,
2826 3076 2901 3149 in
2938 3077 3425 3169 Kamyenyecz

328 3197 688 3290 pervenit,
745 3197 1076 3270 mandata
1109 3196 1328 3289 Regis
1366 3218 1754 3290 exponens,
1792 3201 1876 3269 ut
1911 3202 2142 3270 castra
2176 3196 2509 3270 Podoliae
2544 3196 2993 3289 resignentur
3027 3196 3207 3269 Duci
3250 3194 3421 3268 Swi-

323 3318 578 3409 111381,
642 3316 888 3389 instat.
961 3315 1112 3390 Nec
1171 3336 1347 3409 puer
1409 3338 1582 3389 suus
1646 3315 2111 3389 cunctandum
2172 3320 2374 3388 ratus
2392 3371 2409 3404 ,
2476 3315 2669 3389 illico
2724 3316 3083 3389 candelam
3138 3314 3425 3387 missam

328 3435 564 3509 reddit
616 3436 976 3528 capitaneo
1032 3436 1363 3510 Michaeli
1410 3436 1842 3527 Buczaczky.
1901 3434 2035 3527 Qui
2074 3434 2487 3527 mysterium
2526 3434 2811 3526 aliquod
2847 3436 3027 3508 ferre
3067 3455 3249 3522 eam,
3306 3455 3425 3506 ne-

326 3577 467 3649 que
519 3556 822 3629 otiosum
875 3555 1027 3630 eius
1082 3537 1584 3648 significatum,
1641 3560 1976 3646 tantoque
2028 3575 2171 3628 rem
2211 3553 2573 3643 maiorem,
2632 3558 2892 3647 quanto
2932 3552 3271 3627 occultior
3306 3574 3422 3627 es·

325 3680 472 3765 set,
525 3680 758 3765 ratus,
812 3680 1023 3767 rupta
1057 3676 1377 3765 candela,
1433 3676 1713 3749 literam
1751 3676 2095 3749 inclusam
2135 3675 2224 3763 10)
2280 3673 2652 3765 comperit,
2722 3678 2793 3746 et
2856 3678 3001 3745 tam
3054 3673 3425 3745 Tarlonem

325 3816 538 3887 quam
592 3796 854 3867 Ducem
908 3795 1136 3881 Baba,
1193 3794 1266 3869 in
1323 3793 1608 3868 vincula
1661 3794 2072 3882 coniiciens,
2137 3793 2320 3866 turri
2381 3792 2714 3881 includit,
2785 3797 2855 3867 et
2906 3814 2995 3866 ne
3050 3797 3237 3864 terra
3288 3792 3423 3863 Po·

324 3914 562 3989 doliae
597 3915 712 4003 1¹),
767 3912 969 3987 cuius
1023 3914 1506 3987 fertilissimus
1543 3936 1707 4007 ager
1743 3918 1884 4002 est,
1925 3918 1996 3986 et
2032 3913 2395 3986 abundans
2450 3911 2640 3984 omni
2693 3911 2892 4004 copia
2944 3911 3213 3999 mellis,
3272 3912 3417 3982 fru-

323 4033 552 4107 menti
603 4039 674 4107 et
724 4053 1053 4126 pecorum
1105 4032 1332 4125 regio,
1390 4054 1430 4105 a
1482 4031 1712 4125 Regni
1766 4031 2102 4105 Poloniae
2156 4032 2680 4105 abstraheretur
2734 4051 3049 4123 corpore,
3107 4027 3358 4103 effecit.

547 4338 592 4421 1)
638 4342 771 4402 Hae
813 4341 1021 4401 literae
1069 4334 1220 4403 Cod.
1266 4337 1460 4402 Rozr.
1521 4336 1576 4419 ²)
1619 4339 1932 4415 nequirent
1979 4332 2131 4400 Cod.
2180 4334 2373 4399 Rozr.
2436 4335 2491 4415 ³)
2538 4338 2743 4399 literas
2808 4334 2959 4399 0001.
3008 4332 3200 4398 Rozr.
3265 4330 3318 4411 ⁴)
3368 4340 3430 4396 et

321 4462 451 4521 quo
514 4438 664 4506 cod.
727 4440 921 4505 Rozr.
983 4439 1036 4525 ⁸)
1083 4443 1272 4505 literis
1330 4443 1392 4502 in
1435 4442 1629 4502 medio
1687 4442 1931 4502 inclusis
1994 4434 2148 4501 C'od.
2212 4436 2405 4501 Rozr.
2468 4436 2524 4519 ⁶)
2570 4440 2801 4500 adiecta
2846 4444 2983 4499 sunt
3031 4432 3182 4500 Cod.
3227 4434 3423 4497 Rozr.

325 4544 386 4625 ⁷)
435 4544 963 4624 Oamyenyeczkye
1026 4539 1179 4608 Coa.
1245 4539 1422 4607 Calv.
1471 4544 1864 4605 Gamenenses
1917 4537 2045 4602 Ed.
2105 4538 2289 4623 Lipe.
2354 4539 2406 4610 ⁸)
2450 4546 2687 4601 moveat
2726 4537 2853 4601 Ed.
2899 4538 3080 4623 Lipe.
3138 4536 3189 4617 ⁹)
3237 4538 3429 4598 nolint

326 4643 492 4713 Cod.
533 4646 726 4711 Rozr.
781 4646 862 4719 ¹⁰)
907 4649 1112 4711 literas
1153 4648 1414 4709 inclusas
1462 4641 1613 4709 cod.
1659 4642 1852 4707 Rozr.
1907 4642 1988 4723 ¹¹)
2031 4648 2193 4704 terra
2234 4644 2517 4704 Podoliae
2562 4648 2623 4704 et
2664 4644 2828 4721 regio
2877 4637 3029 4706 Cod.
3076 4638 3269 4702 Rozr.

387 5636 438 5681 J.
469 5632 658 5689 magon.
684 5632 857 5678 mutor.
885 5634 1046 5678 Polou.
1073 5635 1124 5679 Τ.
1151 5632 1232 5679 IV.
3083 5612 3156 5667 54
