4342 6384
95 586 162 662 ,Μ

395 618 528 720 (Α.
569 619 660 693 D.
701 614 954 714 1430.)
1557 637 1784 689 unna
1833 637 2293 690 monemus.
3328 615 3475 688 427

405 823 849 916 „ambitionis
902 825 1246 897 hnmanae
1301 821 1670 895 consilium
1727 820 2128 913 inspiranti.
2184 822 2485 894 Paterno
2530 821 2769 912 itaque
2807 819 2938 893 tibi
2976 820 3478 912 compatientes

403 947 730 1036 „affectu,
787 964 867 1016 ac
919 943 1280 1034 cupientes
1336 943 1640 1015 animam
1693 948 1886 1014 tuam
1925 963 1966 1013 a
2004 941 2187 1014 tanti
2241 941 2508 1033 peccati
2546 941 2828 1013 vinculo
2868 940 3199 1029 liberare,
3250 946 3319 1013 et
3355 939 3473 1012 ab·

402 1075 747 1159 „stergere
816 1064 902 1137 de
974 1062 1254 1135 nomine
1325 1067 1448 1134 tuo
1502 1062 1844 1134 maculam
1915 1061 2128 1134 huius
2202 1061 2558 1148 infamiae,
2632 1081 2959 1154 rogamus
3032 1059 3477 1132 nobilitatem

401 1194 670 1278 „tuam,
743 1183 1154 1256 mandantes
1219 1182 1680 1254 nihilominus
1735 1180 1868 1252 tibi
1940 1180 2012 1253 in
2067 1181 2331 1253 virtute
2388 1186 2669 1253 sanctae
2734 1179 3199 1262 obedientiae,
3268 1201 3476 1270 quam

403 1309 798 1398 „praestare
849 1302 1052 1375 nobis
1108 1301 1367 1374 teneris
1422 1301 1684 1373 vicario
1737 1301 1904 1373 Iesu
1959 1301 2253 1387 Christi,
2310 1307 2393 1372 ut
2444 1298 2815 1372 humiliato
2873 1299 3075 1373 corde
3137 1304 3208 1372 et
3253 1299 3479 1390 petita

401 1425 647 1516 „venia
691 1445 732 1496 a
769 1425 984 1496 fratre
1037 1426 1158 1493 tuo
1213 1421 1298 1493 de
1352 1419 1612 1493 iniuria
1666 1419 1805 1492 sibi
1859 1421 2092 1509 illata,
2153 1439 2311 1492 eum
2365 1420 2705 1512 pristinae
2758 1419 3074 1491 libertati
3110 1418 3470 1507 restituae,

401 1550 514 1637 „et
566 1567 722 1619 cum
776 1564 855 1616 eo
907 1561 1233 1614 reversus
1287 1540 1361 1612 in
1416 1539 1745 1633 gratiam,
1803 1544 1884 1612 nt
1936 1561 2064 1632 par
2117 1546 2257 1627 est,
2315 1541 2598 1612 fratrem
2653 1551 2727 1612 et
2779 1540 3040 1632 Regem
3096 1539 3351 1631 diligas
3404 1543 3475 1612 et

400 1667 756 1757 „honores
813 1662 972 1735 Non
1029 1660 1211 1734 enim
1265 1659 1702 1748 dubitamus,
1761 1660 1963 1753 quin,
2021 1660 2082 1732 si
2138 1661 2333 1732 voles
2386 1659 2825 1732 reconciliari
2872 1657 3101 1749 sibi1)
3156 1664 3226 1732 et
3261 1658 3334 1730 id
3372 1660 3471 1729 fa-

401 1806 594 1877 „cere
649 1784 832 1876 quod
887 1781 1326 1867 mandamus,
1383 1800 1742 1871 rogamuS,
1800 1780 2231 1852 consulimus
2272 1785 2341 1852 et
2381 1780 2753 1852 suademus
2803 1779 2964 1868 tibi,
3024 1780 3207 1870 quod
3254 1779 3475 1850 statui

399 1910 512 1995 „et
563 1903 811 1977 honori
865 1907 985 1973 tuo
1041 1899 1370 1974 convenit
1421 1903 1492 1972 et
1546 1899 1764 1971 saluti
1817 1899 2091 1972 animae
2145 1904 2339 1987 tuae,
2398 1898 2549 1990 ipse
2608 1899 2762 1972 Rex
2819 1900 3095 1972 veniam
3133 1898 3474 1991 largietur

401 2023 659 2116 „errori
713 2027 867 2110 tuo,
923 2024 994 2094 et
1049 2041 1124 2093 se
1160 2018 1522 2091 exhibebit
1559 2040 1722 2111 erga
1759 2023 1827 2091 te
1865 2018 2264 2107 liberalem,
2305 2019 2711 2092 munificum
2760 2023 2828 2092 et
2875 2019 3285 2111 benignum,
3328 2021 3469 2089 sta-

398 2149 726 2235 „tumque
779 2148 979 2213 tuum
1033 2138 1438 2230 ampliorem
1493 2143 1563 2211 et
1617 2137 1946 2211 tutiorem
2011 2139 2306 2230 ipsemet
2362 2139 2603 2228 faciet,
2672 2160 2880 2232 quam
2936 2139 2999 2211 si
3053 2144 3295 2212 contra
3349 2158 3471 2208 vo-

400 2266 784 2356 „luntatem
838 2281 1036 2332 suam
1066 2257 1128 2348 ²)
1185 2263 1402 2329 totam
1466 2256 1919 2329 Lithuaniam
1983 2279 2386 2348 occupares:
2455 2279 2663 2350 quam
2726 2261 3065 2350 profecto,
3124 2280 3201 2332 eo
3257 2257 3472 2330 etiam

398 2385 788 2475 „existente
840 2379 1116 2470 captivo
1171 2378 1287 2449 vel
1339 2382 1644 2465 mortu0‚
1703 2381 1942 2449 contra
1994 2376 2381 2468 potentia-m
2434 2384 2755 2450 natorum
2794 2399 3078 2451 suorum
3108 2377 3170 2467 ³)
3226 2383 3297 2451 et
3332 2379 3471 2451 Rc-

396 2503 559 2597 „gni
611 2500 944 2574 Poloniae
983 2498 1448 2583 voluntatem,
1507 2496 1915 2570 devotorum
1953 2497 2370 2570 Serenitatis
2408 2518 2575 2570 suae
2604 2499 2692 2588 4),
2754 2504 2987 2590 tenere
3024 2519 3162 2569 non
3198 2519 3465 2592 posses.

395 2623 808 2713 „Involvere
869 2625 1102 2691 antem
1133 2617 1194 2706 5)
1248 2619 1448 2707 potes
1513 2637 1695 2704 eam,
1761 2616 1948 2689 bello
2013 2616 2307 2690 miscere
2368 2637 2523 2690 cum
2588 2617 2947 2689 Thartaris
3013 2623 3081 2690 et
3134 2617 3461 2691 vastitati

393 2741 777 2833 „subiicere
829 2759 986 2810 cum
1041 2741 1274 2827 strage
1326 2733 1637 2807 fidelium
1693 2739 1764 2806 et
1818 2734 2154 2808 effusione
2210 2735 2571 2827 sanguinis
2627 2736 2997 2809 christiani
3060 2742 3130 2809 et
3158 2737 3221 2826 ⁶)
3277 2737 3460 2829 peri-

395 2862 592 2951 „culo
656 2854 1273 2930 innumerabilium
1335 2853 1754 2941 animarum,
1822 2854 2077 2945 quibus
2132 2855 2393 2927 nostris
2449 2856 2879 2948 temporibus
2944 2858 3133 2929 Deus
3189 2858 3465 2949 aperuit

395 2983 670 3072 „lumen
724 2976 1046 3059 veritatis
1102 2979 1172 3047 et
1224 2973 1385 3047 fidei
1449 2995 1640 3046 suae.
1707 2974 1980 3065 Quanto
2045 2995 2208 3047 vero
2271 2975 2747 3066 praestantius
2802 2981 2941 3065 est,
3008 2998 3164 3050 cum
3221 2985 3343 3049 tua
3396 2981 3468 3049 et

394 3105 712 3192 „tuorum
768 3096 1002 3188 quiete
1056 3099 1127 3167 et
1178 3113 1380 3184 pace,
1438 3113 1789 3182 securum,
1849 3093 2244 3167 unanimem
2303 3100 2372 3168 et
2425 3097 2825 3170 concordem
2884 3119 3039 3170 cum
3096 3099 3307 3170 fratre
3342 3100 3464 3168 tuo

393 3219 702 3311 „vivere,
761 3237 967 3310 quam
1020 3219 1250 3287 tecum
1303 3214 1580 3286 trahere
1633 3234 1831 3284 suam
1863 3215 1923 3302 ⁷)
1980 3218 2050 3285 et
2104 3219 2297 3287 tuam
2363 3217 2663 3307 patriam
2717 3216 2792 3288 in
2846 3216 3152 3305 ruinam,
3220 3223 3291 3289 et
3344 3237 3463 3288 ex-

391 3359 684 3432 „ponere
737 3335 1038 3409 animam
1077 3341 1269 3405 tuam
1307 3333 1617 3424 periculo
1662 3332 2078 3424 perditionis
2115 3341 2463 3408 aeternae.
2520 3335 2704 3408 Certi
2744 3337 2929 3409 enim
2967 3358 3241 3423 sumus,
3300 3337 3467 3430 quia

393 3457 802 3550 „notissima
856 3463 963 3528 est
1015 3452 1216 3525 nobis
1272 3453 1642 3525 clementia
1699 3474 1825 3525 sua
1879 3458 1949 3524 et
2003 3453 2394 3526 liberalitas
2451 3459 2521 3527 et
2576 3456 2982 3546 prudentia,
3040 3456 3221 3547 quod
3260 3457 3345 3527 ab
3386 3477 3463 3528 eo

392 3577 696 3672 „poteris
751 3581 1013 3646 statum
1067 3572 1441 3663 impetrare
1495 3594 1700 3663 quem
1753 3572 1969 3646 voles.
2028 3573 2245 3664 Quem
2302 3579 2383 3646 ut
2435 3575 2863 3666 assequariS,
2923 3574 3274 3648 offerimus
3330 3576 3462 3649 tibi

391 3694 988 3790 „procurationem
1044 3697 1114 3763 et
1159 3692 1728 3765 intercessionem
1763 3700 2073 3765 nostram
2112 3694 2298 3784 apud
2335 3696 2722 3785 praefatum
2759 3695 3053 3787 Regem,
3096 3715 3301 3786 quem
3339 3717 3460 3767 no-

391 3817 562 3908 „stri
615 3813 1006 3888 reverentia
1058 3818 1129 3886 et
1181 3813 1409 3904 pietas
1465 3811 1572 3884 tui
1625 3811 1996 3885 inclinabit
2050 3813 2136 3884 ad
2192 3813 2736 3887 misericordiam
2776 3820 2847 3887 et
2884 3815 2966 3886 ad
3009 3837 3275 3888 omnem
3314 3837 3458 3887 am-

390 3934 822 4028 „plissimam
875 3932 1173 4025 gratiam
1228 3951 1388 4024 erga
1442 3935 1512 4002 te
1567 3933 1880 4017 fratrem,
1939 3931 2062 4025 qui
2114 3932 2326 4006 etiam
2382 3953 2543 4025 erga
2570 3931 2635 4022 8)
2688 3935 2927 4008 hostes
2980 3935 3086 4006 uti
3140 3935 3449 4008 modera-

389 4055 650 4144 „tione‚
693 4050 1225 4126 mansuetudine
1261 4058 1334 4124 et
1370 4051 1796 4123 liberalitate
1835 4051 2221 4124 consuevit.
2263 4052 2519 4143 Quare,
2559 4053 2663 4125 fili
2701 4055 2985 4142 dilecte,
3026 4055 3204 4127 velis
3245 4075 3456 4128 exau-

390 4174 578 4263 „dire
630 4193 868 4244 vocem
922 4177 1229 4243 nostram
1285 4171 1371 4242 de
1423 4169 1837 4263 longinquo,
1896 4170 2275 4244 salubriter
2326 4173 2804 4246 consulentem
2844 4175 3065 4246 statui
3104 4183 3173 4246 et
3210 4175 3457 4247 honori

387 4298 584 4383 „tno,
650 4298 719 4366 et
783 4290 1256 4382 obtemperare
1319 4289 1666 4361 mandatis
1730 4291 2028 4379 nostris,
2105 4313 2283 4382 quae
2346 4291 2478 4364 tibi
2542 4293 2625 4364 ad
2685 4294 3089 4396 salvandam
3158 4294 3460 4367 animam

386 4419 652 4503 „tuam,
711 4431 798 4484 ex
854 4411 1262 4502 Apostolica
1316 4408 1522 4498 Sede,
1581 4410 1710 4482 sub
1763 4431 1984 4502 poena
2021 4411 2233 4483 etiam
2272 4411 3013 4486 excommunicationis
3063 4418 3133 4486 et
3180 4413 3459 4488 divinae

385 4529 965 4622 „indignationis,
1023 4528 1482 4621 iniungimus.
1539 4529 1795 4600 Datum
1853 4529 2112 4602 Romae
2166 4531 2354 4622 apud
2410 4531 2703 4603 Sanctos
2766 4533 3175 4624 Apostolos,
3243 4532 3459 4606 Sext-o

384 4650 764 4740 „Calendas
817 4648 1214 4734 Februarii,
1273 4648 1734 4720 Pontificatus
1787 4649 2010 4722 nostri
2067 4671 2247 4721 anno
2302 4650 2938 4741 quatuordecimo“.

587 4768 973 4858 „Martinus
1027 4768 1417 4860 Episcopus
1439 4767 1527 4855 ⁹),
1595 4789 1838 4839 servus
1886 4789 2249 4841 servorum
2298 4769 2459 4856 Dei,
2526 4769 3063 4842 Venerabilibns
3122 4711 3457 4843 fratribus

381 4887 808 4980 „episcopis‚
848 4892 919 4960 et
954 4887 1232 4960 dilectis
1297 4885 1466 4958 filiis
1511 4886 1866 4959 nobilibus
1912 4887 2120 4976 viris,
2171 4887 2466 4960 consilio
2505 4889 2852 4962 carissimi
2888 4889 2963 4961 in
3001 4890 3278 4963 Christo
3320 4890 3454 4963 filii

585 5193 634 5271 ι)
679 5196 734 5255 ei
783 5189 934 5257 cod.
983 5191 1175 5256 Rozr.
1223 5191 1271 5272 ⁹)
1317 5194 1444 5254 eius
1494 5189 1646 5255 Cod.
1693 5191 1886 5256 Rozr.
1935 5193 1986 5266 ³)
2031 5195 2221 5271 ipsius
2268 5191 2421 5259 cod.
2462 5192 2652 5258 Rozr.
2700 5191 2757 5272 ⁴)
2788 5195 3131 5256 devotorum
3163 5197 3323 5257 illius
3354 5197 3455 5258 Se-

363 5297 607 5359 renitati
655 5292 806 5360 Cod.
855 5293 1046 5358 Rozr.
1097 5294 1149 5374 ⁶)
1194 5301 1392 5356 tamen
1441 5290 1592 5358 Cod.
1639 5293 1832 5357 Rozr.
1879 5301 2105 5356 tantum
2149 5295 2276 5359 Ed.
2325 5294 2505 5380 Lips.
2569 5295 2621 5376 ⁶)
2666 5317 2737 5358 ac
2786 5291 2937 5360 Cod.
2988 5295 3177 5359 Rozr.
3230 5295 3283 5367 ⁷)
3328 5301 3455 5360 eius

367 5393 523 5462 Coa.
569 5395 764 5460 Rozr.
812 5397 868 5478 ⁸)
913 5403 1118 5460 contra
1165 5393 1317 5460 cod.
1363 5393 1556 5460 Rozr.
1607 5395 1658 5476 ⁹)
1709 5398 2074 5460 consiliariis
2118 5399 2311 5477 Regni
2354 5400 2655 5461 Poloniae.
2679 5433 2762 5444 -—
2790 5401 3079 5462 Martinus
3124 5401 3483 5482 Episcopus·

375 5498 536 5564 cod.
583 5498 776 5564 Rozr.
