4342 6384
407 601 541 702 (Α.
581 602 672 677 D.
715 598 944 700 1410.)
1583 626 1811 678 LIBER
1862 625 2323 679 UNDECIMUS.
3406 605 3503 691 29

409 810 708 885 bellicus
763 810 875 883 illi
931 812 1124 883 furor
1179 812 1520 903 suggerit,
1581 812 1651 884 id
1707 814 2264 904 prosequendum
2331 812 2674 900 decrevit;
2730 834 2869 883 non
2925 810 3313 903 aequitate,
3371 834 3507 884 non

409 932 591 1020 iure,
649 953 786 1004 non
842 931 1372 1024 compositione,
1433 955 1571 1005 non
1625 931 1924 1025 denique
1963 931 2100 1006 viri
2137 931 2439 1006 alicuius
2476 932 2766 1005 arbitrio
2803 954 3062 1024 passus
3102 936 3209 1005 est
3246 931 3506 1021 dirimi,

412 1054 531 1127 sed
589 1055 768 1126 ferro
825 1056 895 1126 et
948 1052 1172 1126 Marte
1227 1053 1521 1126 absolvi.
1581 1054 1750 1126 Cum
1816 1054 2054 1146 itaque
2109 1054 2603 1147 Sigismundus
2656 1052 3065 1146 Hungariae
3128 1054 3316 1141 Rex,
3390 1074 3506 1125 cu-

410 1174 520 1246 ius
575 1173 926 1266 legatione
980 1174 1273 1246 barones
1339 1174 1475 1247 mei
1541 1175 1960 1267 funguntur,
2019 1174 2116 1247 sit
2170 1174 2470 1247 Romani
2514 1173 2803 1267 Imperii
2842 1173 3202 1263 Vicarius,
3261 1178 3330 1246 et
3368 1194 3509 1244 non

410 1294 577 1367 licet
633 1293 770 1366 sibi
825 1291 1239 1386 Magistrum
1296 1299 1365 1367 et
1404 1293 1732 1368 Ordinem
1779 1295 2320 1382 Cruciferorum,
2380 1293 2503 1387 qui
2538 1296 2850 1367 Romano
2891 1295 3133 1367 subest
3172 1292 3503 1385 Imperio,

411 1414 484 1486 in
538 1413 892 1505 praesenti
955 1434 1192 1486 eorum
1257 1414 1702 1487 necessitatis
1768 1415 2084 1489 deserere
2149 1415 2481 1499 articulo:
2552 1419 2976 1508 quapropter
3030 1414 3343 1487 eiusdem
3399 1413 3507 1486 Si-

411 1534 766 1628 gismundi
823 1534 1228 1627 Hungariae
1290 1534 1504 1628 Regis
1570 1535 2029 1608 diffidationis
2081 1536 2390 1624 literam,
2450 1556 2587 1628 qua
2624 1536 2680 1625 ¹)
2745 1540 2939 1608 tuam
2996 1531 3511 1607 Excellentiam

413 1653 485 1727 in
542 1655 848 1728 favorem
905 1654 1227 1747 Magistri
1275 1660 1344 1729 et
1391 1655 1673 1729 Ordinis
1721 1656 2026 1744 diffidat,
2084 1661 2247 1729 tuae
2287 1655 2663 1729 Serenitati
2703 1654 2903 1727 iussu
2931 1656 3269 1728 baronum
3308 1655 3508 1726 Hun-

410 1775 645 1868 gariae
697 1781 1090 1867 praesento.
1146 1774 1586 1849 Wladislaus
1643 1780 1875 1849 autem
1947 1777 2104 1850 Rex
2169 1797 2503 1868 responso
2567 1774 2765 1848 finali
2828 1776 2913 1849 de
2977 1796 3117 1847 non
3174 1774 3513 1866 speranda

405 1917 574 1987 pace
631 1901 700 1968 et
754 1896 1202 1969 diffidatoriis
1257 1896 1488 1970 literis
1545 1896 1982 1990 Sigismundi
2029 1897 2438 1990 Hungariae
2474 1896 2692 1989 Regis
2732 1894 3075 1986 acceptis,
3132 1899 3513 1987 utrumque

406 2036 734 2089 arcanum
797 2016 1122 2089 districta
1186 1998 1404 2089 celari
1461 2017 1596 2089 fide
1659 2017 2044 2109 praecepit,
2113 2038 2201 2089 ne
2267 2016 2327 2089 si
2384 2015 2728 2089 diffidatio
2787 2014 3224 2108 Sigismundi
3292 2013 3511 2106 Regis

410 2135 816 2229 Hungariae
871 2136 957 2209 ad
1013 2135 1337 2209 notitiam
1393 2136 1702 2209 militum
1738 2135 2166 2228 perveniret,
2228 2136 2444 2209 animi
2484 2157 2718 2210 eorum
2759 2159 2800 2209 a
2834 2136 3187 2228 praesenti
3224 2156 3513 2207 munere

411 2256 616 2345 belli,
655 2256 1028 2329 imminuta
1063 2256 1383 2344 audacia,
1441 2260 1922 2331 averterentur
1949 2256 2038 2346 2).
2100 2257 2473 2350 Suggessit
2518 2257 2720 2330 Fricz
2767 2256 3059 2329 nuntius
3113 2253 3509 2329 Wladislao

412 2378 592 2470 Regi
645 2376 922 2449 nomine
977 2377 1312 2449 baronum
1367 2377 1804 2469 Hungariae,
1863 2379 1954 2461 ad⁸
2003 2383 2310 2468 partem,
2370 2382 2713 2470 quatenus
2770 2377 3274 2450 diffidationem
3314 2376 3512 2447 Hun-

412 2497 648 2591 gariae
703 2495 920 2589 Regis
976 2495 1413 2588 Sigismundi
1466 2518 1590 2589 pro
1645 2498 1870 2570 nihilo
1925 2499 2291 2590 penderet,
2350 2520 2509 2571 cum
2548 2498 3065 2571 diffidationum
3106 2517 3391 2589 suarum
3428 2495 3515 2568 li-

414 2623 605 2691 terae
660 2639 818 2691 caro
875 2615 1050 2689 satis
1105 2616 1363 2708 pretio,
1423 2617 1888 2711 quadraginta
1942 2618 2273 2692 videlicet
2327 2618 2647 2692 millibus
2702 2618 3150 2706 florenorum,
3208 2638 3333 2709 per
3370 2617 3514 2689 Ma-

415 2738 716 2832 gistrum
773 2741 843 2810 et
897 2736 1224 2811 Ordinem
1281 2738 1789 2811 cruciferorum
1844 2739 2030 2830 apud
2083 2738 2251 2812 illos
2306 2742 2776 2832 comparatae,
2845 2740 2929 2811 ad
2988 2743 3322 2811 terrorem
3360 2740 3514 2809 tan-

417 2858 773 2931 tummodo
812 2859 1195 2946 confectae,
1235 2860 1513 2932 nullum
1553 2861 1779 2933 forent
1816 2860 2134 2933 effectum
2169 2860 2550 2952 pariturae.
2602 2857 2891 2931 Animat
2928 2858 3176 2931 deiude
3216 2858 3514 2951 Regem:

416 2984 498 3051 ut
553 2982 905 3070 coeptum,
965 2979 1281 3070 quolibet
1335 2984 1597 3052 terrore
1652 2980 2180 3071 circumscripto
2213 2979 2298 3071 3),
2358 2980 2748 3069 continuet,
2809 2982 2879 3051 et
2924 3000 3081 3052 cum
3119 2977 3515 3066 cruciferis,

421 3100 542 3192 qui
596 3099 904 3188 viribuS,
960 3097 1324 3192 gentibuS,
1382 3100 1594 3172 armis
1634 3103 1703 3174 et
1741 3101 2055 3193 qualibet
2121 3100 2518 3174 conditione
2579 3100 3088 3193 dignoscuntur
3115 3100 3179 3189 ⁴)
3235 3097 3517 3171 inferio-

419 3242 563 3309 reS,
623 3223 883 3311 quanto
941 3219 1238 3293 celerius
1294 3219 1620 3313 congredi
1675 3243 1814 3311 non
1869 3219 2178 3309 differat,
2236 3224 2498 3294 certam
2553 3220 2954 3309 victoriam,
3022 3219 3520 3311 propitiatione

421 3340 690 3428 divina,
749 3339 1189 3428 habiturum;
1256 3360 1606 3430 asserenS,
1677 3342 2082 3435 Hungariae
2142 3342 2437 3415 barones
2505 3363 2642 3413 nou
2707 3340 3031 3434 Magistri
3086 3344 3157 3413 et
3213 3339 3518 3425 OrdiniS,

423 3461 543 3534 sed
606 3460 822 3553 Regis
891 3460 1002 3532 sui
1069 3460 1505 3552 Sigismundi
1570 3464 1642 3535 et
1701 3461 2004 3553 propriis
2072 3462 2485 3551 commodiS,
2550 3461 2624 3533 in
2681 3482 2831 3533 eam
2885 3460 3068 3533 diem
3132 3460 3519 3531 vacavisse.

423 3582 612 3672 Quae
666 3580 949 3673 quidem
1004 3580 1365 3653 Friczonis
1419 3582 1668 3654 relatio
1723 3603 1846 3673 pro
1905 3581 2177 3655 sincera
2224 3586 2294 3655 et
2331 3581 2521 3656 fideli
2569 3584 2807 3673 (prout
2844 3583 3025 3670 erat)
3064 3584 3347 3670 accepta
3387 3584 3516 3652 est.

423 3700 668 3792 Neque
724 3699 909 3772 enim
945 3700 1236 3773 barones
1277 3699 1680 3794 Hungariae
1711 3700 1773 3792 5)
1828 3702 2170 3793 praedicti
2208 3702 2401 3794 pacis
2441 3700 2907 3775 conficiendae
2944 3704 3268 3792 respectu
3304 3700 3520 3771 Prus-

425 3820 600 3893 siam
655 3842 696 3892 a
751 3818 1200 3913 Sigismuudo
1257 3821 1448 3913 Rege
1502 3821 1704 3893 missi
1759 3827 1986 3894 erant:
2045 3822 2307 3914 quippe
2362 3822 2484 3913 qui
2537 3821 2801 3894 bellum
2858 3824 3179 3893 exortum
3218 3820 3524 3891 malebat

423 3939 742 4033 produci,
780 3962 1010 4034 ,quam
1063 3940 1286 4029 finiri;
1345 3941 1464 4013 sed
1519 3946 1599 4013 ut
1653 3941 1791 4013 viis
1849 3942 2164 4015 subdolis
2221 3947 2291 4015 et
2344 3942 2647 4034 ingeniis
2678 3962 2743 4023 ‚a
2782 3937 3119 4032 Magistro
3160 3943 3230 4012 et
3269 3938 3525 4011 Ordine

423 4083 702 4150 aurum,
752 4062 836 4133 de
875 4082 1010 4153 quo
1047 4062 1223 4133 false
1253 4063 1315 4149 ⁰)
1355 4061 1690 4154 vulgatus
1739 4063 1964 4134 fuerat
2002 4062 2254 4135 turrim
2290 4083 2500 4134 unam
2538 4061 2901 4153 implesse,
2961 4059 3423 4133 emunxisset.
3462 4060 3525 4147 ⁷)

423 4181 782 4253 Patefacto
839 4181 1078 4272 itaque
1117 4184 1186 4253 et
1223 4182 1571 4254 declarato
1611 4181 2015 4270 Cruciferis,
2075 4182 2260 4277 quod
2296 4182 2541 4254 literas
2589 4180 3047 4254 diffidationis
3090 4179 3525 4273 Sigismundi

423 4300 830 4393 Hungariae
892 4301 1110 4394 Regis
1173 4322 1297 4392 pro
1364 4302 1702 4394 Magistro
1771 4307 1841 4375 et
1905 4301 2160 4376 Ordine
2230 4306 2299 4376 et
2361 4306 2605 4375 contra
2667 4301 3138 4374 Wladislaum
3193 4300 3528 4372 Poloniae

423 4422 685 4514 Regem
741 4442 976 4495 secum
1032 4422 1322 4509 ferrent,
1379 4422 1826 4495 declararunt
1883 4445 1957 4496 se
2013 4422 2223 4495 etiam
2290 4422 2695 4494 mandatum
2760 4424 2831 4493 et
2884 4420 3385 4493 instructiones
3440 4420 3527 4493 ab

426 4542 662 4614 eodem
719 4540 1169 4634 Sigismundo
1227 4564 1352 4613 suo
1409 4542 1600 4635 Rege
1653 4542 2037 4634 accepisse,
2096 4542 2279 4633 quod
2336 4542 2742 4614 nullatenus
2796 4539 3200 4613 huiusmodi
3254 4538 3525 4612 diffida-

427 4660 644 4733 tionis
699 4661 944 4733 literas
1000 4661 1395 4734 Wladislao
1449 4663 1872 4734 Polonorum
1927 4663 2106 4755 Regi
2161 4664 2719 4754 praesentarent,
2788 4662 3003 4733 donec
3066 4660 3167 4733 eis
3233 4660 3527 4753 quadra-

424 4781 624 4873 ginta
680 4781 906 4853 millia
959 4801 1328 4855 aureorum
1386 4784 1610 4855 forent
1662 4804 1786 4874 per
1823 4782 2238 4875 Magistrum
2278 4786 2347 4855 et
2387 4781 2713 4855 Ordinem
2750 4782 3134 4874 persoluta.
3193 4779 3531 4873 Magister

424 4901 663 4994 itaque
719 4905 788 4974 et
844 4900 1024 4974 Ordo
1063 4901 1602 4991 Cruciferorum,
1663 4924 1979 4996 magnam
2017 4902 2194 4991 vim,
2254 4902 2647 4975 subsidium
2686 4906 2755 4977 et
2793 4900 3319 4994 importantiam
3361 4922 3530 4975 suae

427 5042 710 5110 causae,
779 5022 1029 5113 suique
1093 5023 1465 5115 triumphi,
1538 5023 1613 5095 in
1673 5021 2075 5096 huiusmodi
2139 5022 2655 5096 diffidatiouum
2718 5023 2949 5096 literis
3020 5023 3331 5095 clausam
3388 5022 3531 5094 fore

645 5313 692 5394 ¹)
741 5315 971 5391 literae,
1017 5316 1232 5391 quibus
1281 5308 1432 5375 Cod.
1479 5312 1676 5375 Rozr.
1735 5312 1783 5393 2)
1830 5318 2281 5375 reverterentur.
2333 5309 2483 5377 Cod.
2525 5311 2717 5375 Rozr.
2774 5312 2827 5393 ³)
2874 5314 3313 5389 circumscripto
3357 5318 3537 5388 atque

427 5419 702 5493 neglecto
751 5412 904 5479 Cod.
949 5414 1140 5479 Rozr.
1193 5412 1244 5495 ⁴)
1291 5417 1672 5477 dinoscantur
1720 5412 1870 5480 Cod.
1916 5414 2108 5480 Rozr.
2167 5415 2221 5497 ⁵)
2272 5418 2614 5494 Hungariae
2657 5417 2842 5494 Regis
2898 5412 3052 5479 cod.
3101 5414 3299 5478 Rozr.
3348 5413 3401 5495 ⁶)
3448 5416 3532 5475 fa-

432 5522 545 5581 cile
589 5518 716 5583 Ed.
763 5518 944 5603 Lips.
996 5518 1048 5601 ⁷)
1097 5526 1440 5597 emungeret
1488 5514 1639 5582 Cod.
1685 5517 1879 5583 Rozr.
