4342 6384
394 593 531 697 (Α.
571 597 663 673 D.
704 595 959 697 1420.)
1564 618 1793 676 Lmen
1842 619 2303 676 monemus.
3349 601 3498 680 265

398 803 782 896 quisitione
832 805 1080 879 adniti.
1154 806 1249 878 Et
1301 806 1469 879 licet
1519 808 1761 899 plures
1816 829 2101 881 numero
2156 808 2451 882 barones
2509 810 2888 883 Bohemiae
2943 809 3016 882 in
3071 812 3402 885 solatium
3443 815 3496 903 ¹)

398 925 851 1017 sigismundo
905 925 1086 1017 Regi
1141 926 1634 1015 accessissent,
1690 927 2017 1000 nonnulli
2054 933 2288 1000 tamen
2327 949 2415 1000 ex
2455 929 2589 1017 eie,
2629 950 2786 1001 cum
2827 929 3278 1022 Sigismundo
3319 933 3500 1024 Regi

394 1066 641 1135 parum
696 1045 851 1134 fidi,
910 1066 1299 1138 parumque
1352 1046 1512 1138 puri
1568 1048 1827 1135 forent,
1893 1047 2366 1139 Pragensibus
2434 1069 2708 1140 quoque
2763 1051 2983 1142 Regis
3038 1071 3290 1122 arcana
3343 1073 3500 1143 pro-

398 1165 689 1239 debant:
748 1187 837 1238 ex
895 1187 1031 1258 quo
1084 1167 1161 1239 in
1214 1167 1691 1259 Pragensibus
1746 1167 1969 1239 maior
2022 1167 2358 1238 animatio
2413 1169 2500 1239 ad
2537 1168 3012 1241 resistentiam
3071 1171 3321 1243 fortius
3377 1192 3498 1262 op·
3615 1191 3622 1200 ·

399 1286 791 1376 ponendam
845 1287 1243 1378 erigebatur
1271 1285 1359 1376 2),
1416 1288 2061 1380 Almannorumque
2115 1287 2349 1360 clades
2404 1288 2650 1360 dietim
2704 1289 3178 1379 proveniebat.
3237 1290 3504 1363 Videns

400 1404 639 1497 itaque
668 1405 732 1495 ³)
788 1405 1288 1498 Sigismundus
1350 1406 1509 1479 Rex
1562 1428 1639 1479 se
1692 1407 1992 1498 Pragam
2057 1407 2466 1498 conquirere
2529 1429 2668 1479 non
2732 1429 2972 1499 posse,
3043 1409 3128 1479 ad
3195 1415 3504 1481 castrum

402 1524 644 1597 Sancti
706 1525 1107 1599 Wenceslai
1170 1547 1328 1598 cum
1393 1525 1849 1598 multitudine
1912 1531 2334 1598 armatorum
2401 1528 2794 1619 ingressus,
2867 1549 2940 1600 se
2995 1529 3070 1600 in
3126 1529 3504 1602 Bohemiae

402 1643 667 1737 Regem
721 1645 835 1718 die
890 1646 1255 1719 Dominico
1304 1646 1545 1718 Sancti
1584 1645 1824 1719 Iacobi
1861 1647 2223 1737 Apostoli,
2265 1667 2305 1718 a
2343 1647 2652 1719 Conrado
2717 1647 3000 1720 natione
3063 1647 3504 1740 Westphalo,

400 1765 744 1857 Pragcnsi
797 1766 1349 1858 archiepiscopo,
1406 1765 1723 1838 coronari
1777 1770 1849 1836 et
1903 1765 2151 1858 inungi
2207 1767 2635 1857 procuravit.
2703 1767 3296 1861 Coronationeque
3350 1790 3504 1860 per-

404 1885 617 1973 fecta,
676 1886 1037 1959 molestias
1094 1887 1208 1958 sui
1262 1885 1649 1973 exercitam,
1706 1884 1791 1958 de
1846 1885 2200 1957 solutione
2255 1886 2460 1958 illum
2498 1887 2937 1978 impetentis,
2993 1910 3132 1960 non
3170 1889 3504 1978 tolerans,

400 2003 763 2077 obsidione
826 2006 1091 2094 solnta,
1156 2010 1437 2096 recepta
1499 2006 1743 2078 lancea
1806 2005 2087 2076 Domini
2162 2009 2234 2076 et
2286 2006 2520 2094 clavo,
2587 2007 2890 2099 aliisque
2955 2008 3276 2080 omnibus
3345 2029 3504 2080 san-

403 2124 729 2214 ctuariis,
788 2125 1200 2199 Sanctorum
1254 2125 1613 2216 reliquiis,
1671 2125 2047 2212 clenodiis,
2102 2125 2490 2214 thesauriS,
2541 2125 2747 2199 libris
2785 2127 3165 2216 localibuS,
3205 2131 3349 2198 tam
3386 2147 3510 2219 per

404 2244 873 2336 Imperatores
926 2246 1397 2319 Romanorum
1452 2267 1659 2337 quam
1717 2245 2094 2316 Bohemiae
2158 2245 2387 2336 Reges
2452 2246 2638 2336 apud
2701 2248 3000 2338 Pragam
3063 2249 3135 2319 et
3199 2250 3504 2317 castrum

406 2363 713 2436 Karsten
742 2365 829 2455 ⁴),
888 2366 1073 2458 quod
1138 2386 1306 2438 suae
1362 2365 1653 2438 ditionis
1706 2369 1887 2453 erat,
1952 2364 2293 2455 depositis
2373 2369 2583 2456 (quae
2655 2367 2889 2439 omnia
2951 2365 3290 2457 temporis
3348 2387 3505 2458 pro-

406 2503 608 2556 cessu
679 2485 935 2558 ductus
1006 2487 1427 2559 necessitate
1450 2541 1467 2574 ,
1552 2489 1676 2557 aut
1748 2467 2105 2572 vendidit,
2181 2488 2304 2556 aut
2376 2484 2786 2574 distraxit),
2863 2489 3141 2577 recepta
3217 2485 3508 2577 insuper

408 2603 761 2676 materiali
794 2625 1051 2678 corona
1089 2606 1497 2694 Bohemiae,
1562 2605 1638 2678 in
1674 2604 2145 2698 Hungariam,
2214 2603 2578 2676 licentiato
2627 2604 2972 2692 exercitu,
3013 2605 3212 2677 nullo
3250 2626 3504 2677 memo-

404 2723 615 2796 rabili
668 2723 743 2796 in
796 2725 1097 2799 rebelles
1152 2727 1499 2798 Bohemos
1554 2725 1741 2798 edito
1795 2745 2033 2815 opere,
2091 2723 2334 2812 rediit,
2393 2745 2481 2796 ex
2535 2745 2755 2816 eoque
2811 2729 3121 2816 tempore
3160 2745 3234 2796 se
3275 2725 3505 2796 Bohe-

406 2842 585 2916 miae
630 2844 903 2935 ,Regem
956 2845 1303 2918 titulavit.
1362 2845 1511 2937 Quo
1566 2845 1996 2933 discedente,
2053 2850 2362 2917 castrum
2418 2843 2878 2937 Wischegrad
2936 2843 3188 2916 fortius
3244 2865 3286 2914 a
3331 2844 3498 2915 Pra-

406 2963 742 3055 gensibus
808 2965 1008 3056 quati
1072 2969 1143 3039 et
1204 2964 1509 3038 obsideri
1574 2969 1897 3055 coeptum
1961 2968 2093 3036 est.
2161 2963 2462 3036 Zischka
2514 2964 2701 3054 apud
2755 2966 3052 3056 Pragam
3108 2983 3355 3056 agenS,
3413 2983 3504 3036 ex

406 3083 701 3156 consilio
756 3105 1042 3157 suorum
1098 3084 1534 3158 sacerdotum
1598 3105 1836 3157 omnes
1888 3081 2225 3156 basilicas
2271 3083 2502 3156 delere
2548 3083 2834 3156 adortus
2891 3089 3031 3171 est,
3089 3105 3267 3175 quae
3331 3084 3503 3156 San-

407 3205 679 3276 ctorum
742 3205 1143 3278 nominibus
1208 3205 1479 3278 dicatae
1543 3205 1851 3292 fuerant3
1914 3223 2139 3295 neque
2204 3203 2390 3275 enim
2456 3204 2559 3275 fas
2625 3223 2778 3276 esse
2843 3203 3198 3292 dicebant,
3267 3204 3499 3292 alteri,

406 3343 615 3414 quam
673 3324 810 3397 soli
863 3325 1007 3397 Deo
1062 3325 1327 3416 templa
1380 3325 1669 3398 sacrari:
1723 3323 1891 3396 hinc
1944 3324 2252 3416 plurima
2305 3323 2760 3412 monasteria,
2819 3323 3228 3415 nobilesque
3283 3325 3503 3396 eccle-

405 3442 584 3533 siae,
658 3465 799 3516 uno
862 3445 1129 3537 impetu
1192 3445 1267 3518 in
1321 3444 1609 3519 civitate
1681 3445 2039 3518 disiectae.
2116 3445 2202 3517 Id
2266 3444 2430 3516 dum
2495 3443 2882 3536 Pragenses
2947 3463 3149 3535 aegre
3215 3445 3500 3532 ferrent,

402 3564 666 3654 quibus
723 3565 1141 3638 servandum
1198 3565 1409 3638 decus
1462 3565 1936 3639 aedificiorum
1993 3564 2392 3654 videbatur,
2449 3565 2712 3637 sensim
2768 3564 2852 3636 ob
2907 3568 3264 3654 repentem
3319 3563 3502 3636 sedi-

400 3683 668 3758 tionem
724 3705 1063 3758 evasurus
1116 3684 1417 3758 Zischka
1470 3705 1629 3758 cum
1684 3685 1835 3758 suis
1888 3684 2097 3773 abiit,
2172 3685 2606 3775 templaque,
2671 3683 2985 3756 fidelium
3038 3683 3223 3771 loca,
3282 3703 3503 3774 expu-

397 3825 664 3896 gnanS,
722 3806 1114 3878 sacerdotes
1178 3805 1309 3879 Dei
1374 3811 1445 3878 et
1504 3805 1877 3897 utriusque
1944 3825 2157 3877 sexus
2221 3803 2538 3877 homines
2603 3803 2814 3877 etiam
2877 3823 3032 3876 cum
3087 3801 3503 3890 infantibuS,

400 3929 533 3996 aut
583 3925 749 4018 igne
802 3925 1217 4014 combussit,
1276 3930 1399 3998 aut
1450 3925 1687 4018 gladio
1742 3924 2078 3998 extinxit.
2136 3925 2309 3997 Fuit
2361 3929 2435 3997 et
2487 3923 2630 3996 alia
2683 3922 2758 3995 in
2814 3909 3149 3996 Bohemia
3201 3923 3503 3995 haereti-

398 4063 647 4116 corum
694 4045 939 4133 factio,
997 4044 1438 4118 Orebitarum
1474 4047 1861 4138 appellata,
1920 4065 2097 4136 quae
2132 4045 2538 4118 territorum
2575 4043 2921 4117 (irecense
2952 4042 3037 4132 ⁵),
3095 4042 3504 4133 vicinasque

396 4163 723 4238 fidelium
776 4169 1053 4258 genteS,
1120 4167 1393 4259 magnis
1457 4165 1691 4240 affecit
1754 4164 2095 4239 cladibus.
2163 4165 2250 4238 In
2305 4185 2462 4238 arce
2515 4163 3130 4255 Wischegradensi
3198 4163 3376 4234 fame
3431 4162 3506 4233 in

396 4283 561 4358 dies
616 4289 1001 4375 crescente,
1071 4306 1227 4360 cum
1292 4291 1564 4359 caetera
1626 4286 1981 4374 deessent,
2049 4285 2344 4378 equinae
2407 4305 2649 4357 carnes
2704 4281 3116 4375 aliquandiu
3169 4303 3295 4374 pro
3351 4282 3504 4355 cibo

398 4405 635 4492 fuere;
692 4405 780 4478 ad
835 4410 1223 4479 extremum
1277 4405 1420 4478 nisi
1474 4406 1563 4478 ad
1616 4411 1874 4478 certam
1928 4405 2113 4478 diem
2160 4403 2509 4476 auxilium
2547 4403 3044 4496 sigismundus
3083 4403 3324 4491 ferret,
3387 4402 3502 4476 de·

390 4524 589 4596 ditio
622 4525 1003 4617 promissa,
1048 4526 1306 4616 lexque
1342 4524 1709 4617 promissis
1746 4525 2047 4612 adiecta,
2087 4528 2169 4598 ut
2206 4523 2871 4616 Wischegradenses
2901 4523 2989 4612 6),
3047 4521 3500 4614 Sigismundo

392 4643 734 4718 veniente
747 4698 766 4734 ,
822 4665 1109 4738 prorsus
1162 4645 1607 4736 quiescerent
1636 4645 1723 4734 ⁷).

628 4938 673 5019 Ι)
716 4941 1001 5001 auxilium
1049 4933 1201 5001 Cod.
1245 4934 1439 4999 Rozr.
1492 4933 1544 5014 ἰ)
1590 4937 1889 4997 oriebatur
1936 4929 2088 4998 Cocl.
2132 4930 2312 4998 Koat.
2359 4935 2706 5012 exigebatur
2753 4929 2904 4996 C'od.
2949 4931 3141 4994 Rozr.
3205 4931 3257 5010 ³)
3303 4937 3517 5014 autem·

385 5039 531 5106 Ed.
585 5038 767 5126 Lipa.
812 5039 870 5122 ⁴)
913 5041 1216 5104 Karsthen
1272 5035 1424 5102 Ood.
1478 5035 1656 5101 Oalv.
1702 5037 2075 5118 (Karlstein).
2132 5035 2189 5120 δ)
2232 5040 2534 5100 Hrecense
2582 5033 2734 5100 Cod.
2779 5035 2972 5099 Rozr.
3035 5033 3088 5115 θ)
3134 5036 3502 5112 Vischegrad

391 5142 567 5210 eod.
622 5142 808 5208 Rozr.
859 5143 911 5225 ⁷)
956 5146 1305 5222 quiesceret.
1354 5137 1507 5205 Cod.
1550 5139 1744 5205 Rozr.

438 5663 495 5705 J.
520 5659 730 5708 muana.
754 5657 929 5699 maor.
954 5655 1115 5698 roien.
1141 5653 1195 5696 ‘r-
1222 5654 1303 5698 rv.
3089 5633 3160 5689 34
