4342 6384
1268 443 1421 523 478
2431 467 2660 528 mnan
2711 474 3171 528 uunucnms.
3801 453 3935 556 (Α.
3975 444 4068 531 D.
4111 448 4342 555 14:324

1265 656 1687 746 Hammone,
1727 658 2200 749 praesentatis
2230 658 2624 732 Wladislao
2657 659 2710 748 ¹)
2749 659 2963 753 Regi,
3005 660 3308 752 Sophiae
3347 661 3691 754 Reginae,
3732 663 4115 752 Praelatis,
4158 664 4339 737 Prin

1262 776 1537 868 cipibus
1593 782 1663 851 et
1718 778 2177 870 optimatibus
2233 780 2414 868 suis,
2473 779 2751 852 nomine
2787 779 2945 852 Iani
2982 780 3199 873 Regis
3236 781 3478 874 Cypri,
3520 783 3693 855 satis
3731 783 4166 856 notabilibus
4209 807 4342 857 mu·

1270 895 1592 987 neribus,
1646 898 2052 973 flaminibus
2108 898 2440 974 videlicet
2512 900 2896 974 subtilibus
2968 900 3147 974 varii
3218 888 3470 975 coloris
3545 902 3632 976 de
3701 903 4101 977 Czamletho
4131 904 4225 993 ²),
4284 906 4342 976 li

1258 1038 1475 1110 gnum
1538 1019 1761 1108 aloes,
1830 1023 2143 1092 aromata
2205 1020 2517 1112 pretiosa
2582 1025 2653 1094 et
2716 1020 3032 1114 virgulas
3097 1022 3434 1113 quasdam
3507 1022 3884 1097 odoriferas
3915 1023 4023 1115 ,3),
4094 1026 4342 1097 fumun

1263 1151 1551 1213 suavem
1606 1138 1987 1230 spirantes,
2045 1140 2466 1234 legationem
2522 1162 2751 1230 suam,
2820 1140 3105 1215 obtenta
3157 1141 3547 1231 audientia,
3615 1143 3884 1216 orditus
3915 1145 4002 1233 ⁴),
4060 1165 4336 1218 comme

1261 1256 1563 1330 mol-avit
1625 1260 1888 1333 vulnus
1941 1260 2440 1354 gravissimum
2511 1260 2743 1354 Regni
2809 1260 3018 1353 Cypri
3075 1265 3145 1339 et
3196 1257 3464 1335 cladem
3517 1283 3643 1354 per
3696 1264 4080 1337 Soldanum
4131 1266 4337 1356 Baby

1259 1377 1491 1450 loniae
1543 1379 1856 1452 habitam
1885 1379 1973 1470 Β),
2030 1382 2152 1473 qui
2209 1381 2412 1454 Anno
2467 1380 2747 1453 Domini
2819 1380 3197 1455 Millesimo
3271 1382 3958 1476 quadringentesimo
4022 1383 4342 1457 vicesim«

1261 1502 1495 1587 sexto,
1554 1518 1711 1572 cum
1766 1522 2019 1594 magna
2055 1522 2357 1575 suorum
2396 1500 2711 1593 potentia
2747 1502 3067 1595 Regnum
3105 1503 3314 1596 Cypri
3351 1502 3777 1595 irrumpens,
3835 1504 4069 1595 ipsum
4107 1505 4342 1576 Ianun

1262 1616 1402 1690 sibi
1450 1637 1606 1692 cum
1669 1619 2119 1695 dimicatione
2175 1624 2645 1695 occurrentem
2710 1622 3028 1695 conflixit
3057 1623 3144 1712 θ),
3203 1625 3274 1697 et
3326 1624 3677 1696 desertum
3731 1647 3773 1696 a
3827 1624 4012 1714 suia,
4070 1646 4239 1697 cum
4289 1627 4334 1697 fi

1260 1736 1364 1841 lio⁴
1412 1739 1823 1830 captivavit.
1880 1741 2029 1814 Nec
2082 1742 2292 1815 aliter
2344 1741 2669 1815 liberatio
2725 1764 2852 1815 sua
2890 1747 2960 1815 et
2998 1742 3131 1815 filii
3169 1743 3279 1816 sui
3316 1742 3558 1817 haberi
3594 1748 3903 1835 poterat,
3942 1745 4165 1816 donec
4204 1746 4342 1818 Rei

1260 1860 1636 1950 spopondit
1689 1883 1842 1934 esse
1896 1862 2185 1936 Soldani
2241 1863 2690 1951 tributarius,
2751 1866 2822 1936 et
2874 1864 3211 1955 penderet
3264 1864 3402 1937 sibi
3455 1885 3579 1955 pro
3635 1885 3864 1937 annuo
3919 1864 4195 1937 tributo
4238 1866 4342 1937 flo

1256 1998 1580 2052 renerum
1635 1980 1863 2054 millia
1916 1982 2450 2077 quinquaginta.
2508 1983 2803 2058 Petebat
2855 1983 3128 2075 itaque:
3185 1989 3267 2056 ut
3320 1984 3759 2057 Wladislaus
3813 1983 4153 2057 Poloniae
4209 1986 4342 2058 Re}

1261 2103 1701 2174 mutuaretur
1754 2102 1925 2174 Iano
1980 2103 2189 2195 Cypri
2244 2104 2422 2196 Regi
2476 2103 2778 2176 ducenta
2843 2124 3208 2177 aureorum
3275 2103 3535 2193 millia,
3603 2126 3759 2177 cum
3816 2104 4076 2196 quibus
4098 2162 4117 2194 ‚
4176 2126 4337 2177 com

1257 2219 1524 2308 paratis
1588 2221 1950 2314 gentibue,
2017 2229 2259 2314 posset
2323 2229 2394 2296 et
2457 2223 2912 2316 ignominiam
2979 2224 3252 2297 illatam
3320 2224 3837 2297 christianitati
3903 2229 4243 2298 excutere
4301 2247 4338 2297 e

1260 2338 1637 2429 tributum3
1694 2342 2024 2431 offerenS,
2082 2343 2288 2434 quasi
2324 2366 2448 2436 pro
2487 2343 2725 2432 vadio,
2773 2345 3094 2437 Regnum
3131 2345 3536 2418 universum
3575 2345 3816 2437 Cypri,
3858 2344 3959 2416 ita
3996 2345 4342 2418 videlicet

1255 2462 1337 2530 ut
1392 2460 1828 2535 Wladislaus
1882 2463 2039 2536 Rex
2094 2463 2269 2535 duas
2325 2464 2399 2535 in
2455 2463 2580 2536 illo
2637 2464 2924 2537 haberet
2979 2486 3184 2537 voces
3240 2467 3310 2537 et
3363 2464 3537 2536 duas
3587 2464 3892 2537 omnium
3932 2463 4342 2536 introituuu

1252 2581 1645 2671 portiones,
1702 2583 1915 2656 tertia
1969 2584 2108 2675 ipsi
2162 2585 2336 2656 Iano
2391 2584 2571 2676 Regi
2624 2584 2831 2676 Cypri
2869 2585 3139 2657 relicta.
3197 2585 3415 2657 Item:
3473 2588 3553 2656 ut
3588 2585 3807 2656 filiam
3846 2606 4044 2656 suam
4085 2585 4342 2656 Hedvi-

1253 2700 1433 2792 giin,
1492 2725 1699 2795 quam
1754 2704 1982 2777 adhuc
2037 2703 2491 2777 existimabat
2544 2704 2814 2792 vivere,
2871 2704 3309 2777 Wladislaus
3363 2706 3519 2777 Rex
3572 2705 3907 2776 Poloniae
3960 2703 4112 2775 filio
4150 2705 4342 2777 unic<

1254 2819 1414 2891 Iani
1478 2822 1694 2914 Regis
1756 2823 1964 2916 Cypri
2029 2825 2484 2916 desponsaret
2547 2824 2621 2897 in
2676 2846 2989 2896 uxorem.
3056 2824 3494 2897 Wladislaus
3558 2828 3792 2896 autem
3846 2824 4035 2911 Rex,
4107 2826 4342 2897 habita

1257 2960 1467 3031 super
1520 2941 1921 3015 huiusmodi
1985 2944 2368 3037 propositis
2433 2966 2589 3016 cum
2651 2944 3002 3017 Praelatis
3058 2949 3127 3017 et
3179 2943 3557 3017 baronibus
3613 2944 3762 3017 suis
3818 2943 4337 3017 deliberatione

1252 3058 1394 3150 ipsi
1449 3061 1811 3135 Baldwino
1864 3064 2255 3155 respondit:
2314 3087 2388 3137 se
2444 3064 2725 3156 quidem
2780 3064 3213 3155 amplissime
3269 3064 3354 3136 de
3391 3063 3579 3135 omni
3617 3084 3783 3136 casu
3821 3070 3892 3135 et
3926 3063 4342 3150 infortunio<¹

1254 3179 1377 3269 qui
1408 3178 1471 3268 ¹)
1524 3180 1695 3253 Iano
1751 3173 1930 3275 Regi
1986 3183 2194 3275 Cypri
2242 3189 2311 3256 et
2367 3194 2492 3255 suo
2548 3179 2822 3275 Regae,
2883 3183 3020 3256 imo
3078 3182 3211 3254 toti
3265 3182 3783 3255 Christianitati
3821 3182 4109 3270 accidit,
4170 3195 4342 3256 inoe-

1256 3303 1445 3372 stum
1500 3316 1681 3390 esse,
1740 3303 1811 3376 et
1863 3317 2000 3375 non
2057 3304 2286 3376 solum
2339 3302 2689 3395 pecuniiS,
2750 3303 2869 3376 sed
2907 3309 2978 3377 et
3013 3302 3343 3395 gentibus
3384 3302 3566 3391 suia,
3606 3302 3838 3393 ipsum
3875 3303 4342 3375 relevaturun

1255 3420 1429 3510 fore,
1485 3443 1611 3512 pro
1665 3417 2048 3516 reparando
2102 3445 2270 3496 casu
2327 3428 2470 3495 tam
2526 3424 2720 3496 foedo
2775 3428 2846 3497 et
2898 3423 3130 3516 gravi,
3189 3422 3250 3495 si
3304 3423 3624 3515 Regnum
3681 3422 3906 3513 ipsius
3962 3422 4338 3496 Thartaris

1255 3540 1693 3631 fortioribuS,
1752 3563 1927 3634 quos
1980 3543 2195 3616 habet
2232 3542 2468 3630 Orbis,
2533 3543 2882 3632 barbaris,
2949 3545 3463 3616 confrontatum
3493 3542 3556 3631 Β)
3612 3563 3750 3614 non
3805 3548 4022 3630 esset,
4083 3542 4342 3634 quibus

1248 3660 1723 3735 resistentiam
1796 3663 2198 3736 continuam
2273 3680 2555 3735 suorum
2633 3662 2941 3735 militum
3007 3682 3350 3755 opponere
3421 3662 3728 3755 cogitur,
3804 3668 3875 3735 et
3938 3660 4342 3754 quotidiam

1250 3781 1474 3855 Marte
1536 3781 1707 3856 belli
1770 3783 1949 3856 ferre
2015 3784 2389 3855 fortunam.
2458 3783 2778 3875 Rogabat
2843 3782 2980 3855 sibi
3043 3804 3182 3854 non
3234 3776 3671 3878 succenseri,
3737 3781 3800 3854 si
3853 3781 4155 3874 petitum
4213 3804 4342 3853 non

1248 3905 1640 3991 praestaret
1692 3906 2045 3975 mutuum:
2114 3899 2388 3997 magnis
2445 3902 2580 3976 sibi
2638 3901 2973 3994 impensis
3035 3924 3160 3994 pro
3217 3901 3625 3974 sustinendo
3688 3902 3875 3974 bello
3941 3901 4342 3974 Thartaric‹

1253 4032 1429 4112 opus
1467 4032 1650 4110 esse3
1710 4035 1934 4115 neque
1970 4035 2302 4116 aequum,
2361 4045 2487 4097 nec
2522 4023 2823 4112 iustum,
2864 4021 3104 4115 Regno
3144 4022 3424 4115 proprio
3462 4021 3849 4114 indigente,
3891 4020 4189 4093 alterius
4231 4043 4342 4094 ne-

1245 4140 1677 4230 cessitatem,
1738 4152 1861 4215 suo
1918 4144 2194 4218 deserto
2232 4148 2304 4216 et
2337 4143 2676 4235 periculis
2732 4142 3083 4235 exposito,
3150 4144 3500 4234 supplere.
3566 4140 4087 4213 Matrimonium
4156 4141 4342 4215 filiae

1242 4261 1506 4334 frustra
1558 4262 1706 4353 peti
1757 4263 2025 4354 pridem
2081 4264 2249 4338 fatis
2305 4267 2669 4355 exceptae3
2728 4263 2789 4335 si
2844 4267 3076 4335 tamen
3131 4262 3403 4335 viveret
3432 4263 3518 4351 9),
3575 4281 3714 4332 non
3769 4260 4069 4333 abnuere
4116 4281 4194 4333 se
4233 4262 4342 4332 af-

1244 4380 1588 4456 finitatem
1643 4388 1787 4455 tam
1842 4384 2091 4478 optimi
2147 4386 2219 4457 et·
2271 4384 2445 4456 clari
2501 4383 2749 4475 RegiS,
2827 4388 2897 4456 et
2959 4384 3102 4455 tale
3165 4383 3492 4455 daturum
3558 4400 3633 4453 se
3685 4401 4132 4471 responsum,
4208 4401 4342 4469 qut

1244 4501 1492 4575 merito
1546 4504 1852 4577 laetatus
1907 4504 2184 4578 fuisset.
2242 4504 2559 4596 Benigne
2614 4503 2830 4595 Regis
2866 4503 3246 4576 Wladislai
3282 4501 3643 4593 responsio
3681 4523 3722 4572 a
3760 4499 4120 4572 Baldwino
4161 4500 4342 4571 Mar-

1244 4623 1433 4695 salco
1500 4628 1795 4716 excepta
1858 4628 1997 4697 est:
2068 4625 2329 4717 quippe
2393 4629 2466 4697 et
2528 4624 2824 4716 ipsemet
2886 4623 3331 4716 intelligebat
3392 4622 3769 4714 prudenter
3833 4623 3904 4692 et
3958 4618 4342 4693 formalitel'

1240 4762 1677 4836 responsum.
1743 4745 2071 4818 Remissa
2136 4749 2305 4818 sunt
2369 4745 2543 4817 Iano
2607 4742 2816 4835 Cypri
2871 4743 3050 4835 Regi
3106 4748 3178 4816 et
3229 4742 3378 4815 filio
3433 4762 3559 4814 suo
3613 4740 3688 4812 in
3743 4739 3934 4812 vasis
3986 4736 4342 4829 pretiosis¹

1457 5036 1507 5121 ¹)
1553 5040 1836 5101 Poloniae
1885 5033 2037 5102 Cod.
2084 5036 2278 5102 Rozr.
2330 5035 2382 5116 ²)
2428 5035 2580 5097 varii
2625 5035 2840 5096 coloris
2885 5034 3206 5096 undulatae
3250 5033 3464 5111 vestis,
3510 5048 3664 5107 quae
3708 5030 3889 5105 vulgo
3937 5028 4204 5089 Czamlct
4244 5046 4342 5088 vt>

1242 5149 1408 5205 catur
1456 5137 1609 5206 cod.
1653 5139 1847 5205 Rozr.
1899 5138 1956 5223 ⁸)
2003 5141 2347 5204 coloriferas
2395 5134 2549 5202 cod.
2595 5135 2790 5199 Rozr.
2839 5133 2892 5216 ⁴)
2939 5154 3109 5197 orsus
3157 5130 3310 5198 cod.
3342 5131 3535 5197 Rozr.
3586 5130 3640 5213 ε5)
3686 5133 3899 5192 factam
3948 5124 4102 5192 cod.
4153 5127 4342 5191 Rozr.

1243 5245 1300 5327 ⁶)
1341 5245 1684 5326 profligavit
1730 5239 1882 5311 God.
1928 5241 2122 5306 Rozr.
2175 5242 2230 5323 'O
2258 5241 2418 5320 quod
2453 5235 2606 5305 Cod.
2646 5237 2841 5303 Rozr.
2876 5237 2929 5319 ⁸)
2962 5240 3191 5301 conflue
3223 5232 3375 5300 Cod.
3405 5233 3598 5299 Roma
3632 5233 3691 5315 ⁹)
3718 5235 3970 5295 vixisset
3995 5229 4125 5294 Ed.
4161 5230 4342 5315 Lips.
