4342 6384
364 550 497 651 (Α.
538 551 627 627 D.
670 548 924 649 1443.)
1520 578 1747 633 nrann
1798 575 2310 631 Duonncnms.
3305 550 3454 625 685

1262 996 1686 1110 ANNUS
1761 995 2220 1109 DOMINI
2288 994 2562 1106 1443.

736 1236 1127 1309 Wledielens
1168 1237 1309 1309 nex
1354 1237 1837 1327 expeditionem
1881 1238 2171 1309 bellicam
2217 1239 2446 1311 contre
2489 1238 2723 1311 tureos
2767 1236 3080 1307 decernit.

570 1483 879 1559 Praelati
933 1487 1003 1557 et
1056 1484 1347 1557 barones
1386 1484 1820 1577 Hungariae,
1880 1489 2101 1559 morte
2142 1483 2511 1559 Elisabeth
2549 1485 2819 1569 secuta,
2878 1481 2950 1553 in
2988 1479 3454 1555 obedientiam

363 1608 435 1676 et
490 1602 991 1677 subiectionem
1049 1603 1427 1680 Wladislai
1464 1604 1681 1696 Regis
1718 1605 1904 1677 ultro
1943 1604 2407 1677 confluebant.
2465 1602 2535 1674 N
2540 1620 2628 1678 on
2665 1602 2722 1691 ι)
2777 1605 2926 1674 erat
2980 1598 3274 1690 aliquis,
3333 1597 3456 1689 qui

364 1746 564 1796 suam
619 1723 1080 1797 Serenitatem
1133 1745 1259 1814 pro
1314 1723 1720 1817 Hungariae
1775 1724 1967 1817 Rege
2021 1746 2160 1799 non
2205 1727 2757 1815 recognosceret,
2815 1726 3091 1812 praeter
3127 1718 3456 1801 civitates

364 1843 663 1917 rebelles
717 1848 787 1917 et
840 1849 1071 1917 castra
1122 1864 1245 1934 per
1298 1844 1624 1917 Giskram
1654 1842 1717 1933 2)
1774 1850 2139 1935 occupata,
2207 1844 2280 1917 in
2337 1842 2592 1935 quibus
2655 1840 2998 1931 reliquiae
3048 1836 3456 1911 rebellionis

362 1962 591 2039 adhuc
642 1968 1140 2037 remanserant.
1197 1963 1653 2036 Considerans
1708 1963 1947 2055 itaque
1982 1963 2421 2036 wladislaus
2461 1962 2614 2035 Rex
2651 1962 2972 2053 Regnum
3009 1978 3212 2030 suum
3251 1958 3452 2028 Hun-

361 2081 597 2173 gariae
651 2103 692 2154 a
744 2084 933 2156 bello
987 2082 1325 2157 intestino
1362 2082 1436 2154 in
1472 2088 1671 2174 parte
1706 2082 1953 2155 maiori
1998 2083 2414 2175 respirasse,
2470 2081 2758 2159 induxit
2809 2080 2882 2152 in
2938 2077 3277 2163 animum,
3333 2097 3456 2167 po-

362 2222 527 2275 nere
582 2202 671 2275 ad
700 2200 761 2290 3)
826 2200 1303 2277 executionem
1368 2208 1686 2275 sanctum
1750 2203 2218 2295 propositum,
2287 2202 2470 2293 quod
2531 2201 2738 2273 illum
2801 2200 2890 2272 ad
2952 2196 3452 2289 acceptandum
3539 2268 3546 2273 .

364 2320 769 2414 Hungariae
825 2322 1145 2414 Regnum
1196 2322 1692 2410 inclinaverat,
1750 2328 1821 2396 et
1874 2321 2200 2413 deinceps
2266 2321 2624 2395 intendere
2680 2340 2804 2412 pro
2859 2316 3260 2391 defensione
3315 2316 3450 2387 Re·

362 2439 487 2533 gni
538 2441 944 2533 Hungariae
998 2445 1069 2515 et
1105 2440 1401 2515 liberare
1429 2442 1491 2530 4)
1547 2442 1731 2517 illud
1768 2444 1853 2515 ab
1892 2442 2340 2534 oppressione
2378 2441 2771 2527 barbarica,
2831 2459 3038 2530 quam
3075 2438 3456 2512 Turcorum

364 2560 665 2633 saevitia
726 2566 969 2633 contra
1028 2561 1211 2633 illud
1276 2561 1479 2635 annis
1533 2563 1859 2653 pluribus
1914 2562 2375 2636 continuavit.
2447 2560 2784 2635 Solicitus
2839 2563 3074 2630 autem
3129 2560 3278 2629 erat
3333 2556 3452 2627 Iu-

366 2680 601 2753 lianus
654 2680 1043 2754 Cardinalis
1098 2682 1441 2773 Legatus,
1500 2687 1833 2773 tanquam
1888 2682 2000 2754 vir
2050 2683 2356 2774 prudens
2411 2687 2482 2760 et
2532 2677 2961 2765 industrius,
3019 2680 3090 2753 et
3145 2674 3452 2755 wladis-

366 2802 558 2873 laum
609 2800 871 2894 Regem
927 2804 997 2875 et
1050 2800 1491 2878 consiliarios
1545 2822 1709 2874 suos
1764 2802 2009 2878 multis
2076 2802 2308 2875 verbis
2363 2806 2434 2879 et
2485 2797 3058 2893 persuasionibus
3113 2796 3200 2877 ad
3254 2816 3450 2869 assu·

366 2921 687 2993 mendam
742 2920 1211 2999 defensionem
1266 2921 1429 3000 fidei
1482 2926 1553 2996 et
1605 2922 1835 3014 Regni
1889 2922 2296 3015 Hungariae
2349 2923 2768 3007 confortare,
2828 2923 2898 2991 et
2952 2918 3039 2990 ad
3093 2919 3448 2989 maturan-

366 3040 526 3113 dam
578 3040 750 3118 belli
806 3040 1321 3132 expeditionem
1375 3046 1615 3117 contra
1651 3042 1911 3118 Turcos
1951 3042 2308 3117 inducere:
2367 3046 2438 3118 et
2477 3062 2610 3133 quo
2649 3038 2930 3113 facilius
2967 3035 3280 3117 animum
3315 3034 3450 3107 Re-

364 3159 477 3253 gis
530 3165 601 3233 et
654 3159 1213 3233 consiliariorum
1276 3182 1401 3253 pro
1466 3162 1651 3234 bello
1719 3160 2120 3235 huiusmodi
2188 3160 2630 3253 suscipiendo
2686 3157 3122 3243 accenderet,
3180 3152 3458 3227 nomine

366 3278 667 3373 Eugenii
730 3281 965 3371 Papae
1032 3280 1267 3371 quarti
1331 3280 1533 3353 offert
1595 3280 1904 3353 notabile
1966 3282 2422 3373 pecuniarum
2487 3279 2882 3355 subsidium
2947 3282 3018 3350 et
3071 3275 3456 3369 multorum

366 3400 639 3493 Regum
694 3403 765 3473 et
818 3398 1225 3491 Principum
1278 3400 1779 3474 catholicorum
1834 3399 1907 3474 in
1958 3400 2289 3493 gentibus
2344 3406 2766 3475 armatorum
2823 3416 3252 3471 succursum.
3311 3393 3454 3475 Ita·

368 3541 504 3611 que
559 3524 703 3595 tam
754 3518 1134 3593 Wladislai
1188 3519 1437 3613 Regia,
1496 3520 1617 3610 qui
1672 3521 1759 3592 ad
1812 3520 2218 3593 huiusmodi
2271 3521 2539 3596 bellum
2575 3517 2952 3611 gerendum
2993 3513 3208 3587 nimio
3247 3513 3454 3595 devo·

368 3639 585 3713 tionis
638 3638 991 3711 ferebatur
1044 3639 1317 3726 ardore,
1377 3660 1585 3730 quam
1640 3640 2123 3715 Praelatorum
2162 3646 2234 3713 et
2269 3641 2605 3713 baronum
2643 3635 3050 3729 Hungariae
3087 3653 3452 3719 consensu,

364 3759 687 3853 generale
742 3762 981 3831 contra
1034 3760 1321 3847 Turcos‚
1382 3758 1626 3831 multis
1681 3758 1883 3831 annis
1937 3764 2061 3831 aut
2096 3761 2524 3852 neglectum,
2580 3763 2705 3832 aut
2741 3755 3118 3830 infeliciter
3153 3758 3454 3845 gestum,

367 3879 809 3951 instauratur
861 3883 931 3951 et
984 3878 1380 3951 decernitur
1432 3879 1867 3971 passagium,
1935 3886 2005 3951 et
2058 3884 2139 3951 ut
2192 3900 2304 3951 res
2360 3879 2514 3970 ipsa
2569 3878 2767 3949 modo
2821 3876 3001 3949 bono
3055 3878 3294 3965 posset
3347 3892 3452 3943 or·

366 3998 597 4071 dinari
654 4002 723 4071 et
776 3998 1015 4091 dirigi,
1085 4002 1365 4071 tenetur
1424 4020 1548 4089 pro
1616 4000 1789 4072 festo
1854 4000 2304 4073 Pentecostes
2368 3997 2608 4071 Budae
2660 3994 3008 4089 generalis
3063 3990 3455 4079 conventio,

366 4118 443 4190 in
498 4140 637 4209 qua
690 4118 875 4191 votis
932 4116 1365 4210 singulorum
1421 4123 1491 4191 et
1544 4117 2165 4223 deliberationibus
2225 4117 2591 4205 scrutatis,
2649 4136 2886 4188 omnes
2941 4111 3458 4205 expeditionem

366 4237 772 4311 huiusmodi
836 4237 1296 4310 necessariam
1352 4242 1421 4311 et
1476 4239 1855 4311 salutarem
1920 4239 2248 4329 probant,
2321 4236 2793 4311 Wladislaum
2857 4255 3134 4325 quoque
3197 4232 3459 4324 Regem

368 4358 644 4450 magnis
699 4361 901 4429 orant
952 4357 1309 4448 precibuS,
1385 4378 1471 4429 ne
1526 4379 1701 4449 opus
1775 4364 2093 4431 sanctum
2158 4358 2640 4449 quoquomodo
2712 4355 3057 4449 negligat,
3123 4374 3209 4425 ne
3264 4372 3454 4443 spem

368 4478 457 4551 de
510 4498 585 4551 se
636 4476 949 4550 habitam
1006 4480 1340 4549 extenuet
1393 4482 1464 4550 et
1518 4477 1753 4564 fallat,
1812 4499 1897 4550 ne
1943 4478 2410 4551 defensionem
2465 4476 2627 4549 fidei
2683 4476 3106 4550 christianae
3161 4471 3298 4545 sibi
3347 4492 3452 4544 re-

372 4601 721 4674 servatam
776 4594 1326 4688 praetermittat,
1394 4596 1692 4671 offerunt
1753 4618 2113 4688 personas,
2180 4598 2484 4677 offerunt
2537 4598 2883 4685 fortunas,
2939 4600 3022 4673 ut
3075 4616 3198 4687 pro
3253 4590 3459 4671 libito

369 4738 499 4788 suo
555 4716 665 4788 his
721 4719 995 4805 utatur,
1052 4720 1457 4807 precantur,
1514 4716 1933 4807 pollicentes
1989 4741 2062 4792 se
2116 4718 2269 4796 eius
2334 4718 2625 4815 imperio
2681 4716 2754 4793 in
2811 4714 3132 4795 omnibus
3189 4712 3456 4805 paritu-

368 4858 507 4909 ros,
564 4836 983 4909 Ferventins
1038 4837 1539 4927 quodammodo
1578 4838 1981 4930 Stephanus
2020 4838 2314 4911 Rasciae
2351 4845 2420 4912 et
2459 4835 2802 4910 Albaniae
2833 4836 2894 4926 ⁵)
2950 4836 3301 4926 Despotus
3339 4853 3459 4906 ex-

367 4956 795 5048 peditionem
848 4956 1251 5029 huiusmodi
1306 4957 1647 5030 sollicitat
1702 4963 1772 5031 et
1824 4964 2218 5049 promovet,
2279 4963 2349 5031 et
2400 4956 2626 5050 magis
2672 4953 2954 5032 fletibus
2993 4975 3201 5045 quam
3237 4952 3458 5044 preci·

368 5077 503 5151 bus
558 5074 1030 5148 Wladislaum
1068 5076 1329 5168 Regem
1366 5077 1709 5166 obsecrat,
1770 5082 2117 5169 quatenus
2162 5080 2530 5169 depressae
2567 5098 2734 5150 suae
2771 5080 2840 5151 et
2878 5072 3262 5153 miserabili
3300 5094 3460 5145 con-

590 5349 635 5427 ¹)
678 5351 809 5412 Nec
856 5345 1007 5415 cod.
1052 5347 1227 5416 Kost.
1292 5348 1344 5430 ²)
1390 5352 1617 5417 Iskram
1677 5348 1803 5414 Ed.
1852 5349 2033 5433 Lips.
2096 5349 2148 5427 ³)
2195 5352 2256 5414 in
2307 5346 2458 5413 cod.
2503 5346 2681 5414 Kost.
2743 5346 2799 5429 ⁴)
2843 5354 2904 5415 ot
2947 5348 3162 5419 deinde
3210 5348 3465 5409 liberare

366 5450 497 5520 Ed.
544 5449 725 5536 Εὗρε.
776 5451 830 5533 ⁸)
878 5454 1151 5517 Oroatiae
1198 5450 1349 5518 Cod.
1395 5452 1570 5525 Koet.
1617 5456 1951 5523 Dalmatiae
1993 5452 2121 5517 Ed.
2168 5450 2352 5539 Lips.
