4342 6384
369 572 501 673 (Α.
544 572 634 647 D.
677 567 929 669 1434.)
1534 588 1761 643 mnan
1814 588 2273 643 unnacnms.
3319 574 3462 647 527

369 802 540 854 sana
595 783 859 868 mente,
918 778 1193 871 integra
1245 778 1549 866 ratione,
1610 776 1935 868 spiritum
1996 798 2200 848 suum
2257 777 2561 853 nobilem
2600 782 2670 851 et
2706 799 3116 871 generosum
3174 781 3470 854 Domino

364 903 511 974 Deo
568 899 1086 988 commendanS,
1145 897 1318 971 feria
1373 896 1707 985 secunda,
1766 918 1943 988 quae
1997 896 2133 969 fuit
2189 898 2444 970 ultima
2499 898 2698 987 Maii,
2757 901 2927 971 hora
2963 899 3189 972 noctis
3231 902 3463 990 tertia,

368 1023 565 1095 velut
620 1043 844 1113 agnus
910 1017 1557 1107 mansuetissimus,
1625 1017 1810 1090 inter
1872 1038 2121 1090 manus
2189 1018 2823 1092 ecclesiasticarum
2879 1024 2950 1093 et
3005 1021 3473 1094 saecularium

378 1163 867 1235 personarum,
907 1139 1225 1214 certatim
1258 1159 1621 1212 excessum
1660 1138 1932 1211 animae
1971 1138 2122 1211 eius
2160 1139 2742 1231 complorantium
2781 1145 2851 1213 et
2885 1141 3313 1234 lugentium,
3355 1142 3472 1215 ob-

368 1262 734 1351 dormivit,
792 1266 861 1335 et
916 1260 1143 1353 Regni
1198 1260 1523 1333 coelestis
1577 1279 1700 1351 pro
1758 1258 2027 1333 meritis
2085 1260 2270 1348 suis,
2331 1260 2692 1352 signanter
2743 1281 2867 1354 pro
2923 1262 3087 1335 fidei
3143 1262 3468 1335 orthodo-

370 1404 501 1457 xae
554 1382 1000 1470 dilatatione,
1057 1380 1325 1473 palatia
1377 1381 1771 1473 ingressae,
1832 1382 2090 1453 Beatae
2146 1380 2517 1453 Trinitatis
2556 1381 2859 1471 visione,
2920 1387 2991 1455 et
3029 1382 3468 1473 Sanctorum,

372 1526 699 1597 quorum,
760 1503 833 1575 in
889 1501 1037 1574 vita
1089 1502 1400 1593 posituS‚
1458 1500 1705 1575 honori
1742 1505 1891 1574 erat
1927 1499 2244 1589 deditus,
2296 1501 2524 1574 laetus
2565 1502 2825 1573 fruitur
2859 1502 3257 1575 consortiis,
3315 1504 3470 1579 Pri-

371 1625 482 1697 die
521 1625 575 1713 ¹)
630 1628 897 1713 autem,
956 1643 1164 1713 quam
1220 1622 1645 1713 expirasset,
1703 1620 2061 1693 advocatis
2117 1620 2503 1711 militibus,
2561 1626 2764 1694 natos
2813 1622 2961 1695 illis
3003 1644 3200 1712 suOS,
3261 1624 3469 1697 fervi-

372 1745 531 1817 dius
586 1750 818 1817 tamen
874 1742 1204 1816 maiorem
1260 1746 1431 1815 natu
1488 1742 1995 1829 Wladislaum,
2066 1740 2251 1834 quod
2307 1743 2527 1815 forma
2582 1743 2785 1814 illum
2845 1747 2914 1815 et
2969 1742 3203 1817 indole
3259 1743 3469 1835 liqui-

371 1866 531 1937 dius
604 1863 1101 1957 expressisset,
1177 1862 1720 1951 commendavit,
1800 1862 2360 1953 sententiamque
2433 1883 2663 1951 suam,
2739 1868 2819 1935 ut
2885 1863 3024 1937 sibi
3090 1864 3163 1935 in
3224 1864 3468 1956 Regno

374 1986 807 2074 succederet,
877 1984 1185 2057 ostendit
1249 1983 1453 2055 illum
1520 1983 1745 2055 filium
1801 2003 2006 2055 suum
2062 1988 2133 2055 et
2190 2003 2276 2055 ex
2329 1980 2594 2055 lumbis
2651 1982 2801 2055 suis
2858 1988 3124 2072 satum,
3182 1985 3474 2056 formam

374 2128 573 2178 suam
638 2111 708 2179 et
771 2128 1020 2179 nomen
1080 2104 1485 2190 habentem,
1554 2102 1693 2175 sibi
1754 2102 2216 2195 persimilem,
2287 2124 2508 2176 mores
2575 2124 2851 2195 quoque
2917 2108 2988 2176 et
3049 2103 3472 2196 probitatem

374 2248 574 2298 suam
626 2226 1031 2299 habiturum
1087 2223 1471 2311 disserena,
1529 2244 1781 2315 rogans
1836 2228 1909 2295 et
1962 2224 2355 2311 obtestans,
2415 2228 2494 2296 ut
2550 2244 2726 2315 quae
2778 2223 3036 2297 illicite
3092 2229 3162 2298 et
3197 2229 3474 2317 praeter

374 2347 801 2439 aequitatem
857 2343 1162 2418 subditis
1219 2343 1643 2430 abstulerat,
1700 2342 1788 2415 ad
1826 2342 2178 2436 integrum
2215 2341 2692 2417 redderentur.
2752 2344 2939 2417 Huic
2979 2350 3215 2417 tamen
3269 2366 3469 2438 roga-

376 2466 554 2539 tioni
608 2488 745 2538 non
800 2465 938 2538 fuit
990 2464 1324 2557 paritum.

589 2587 1011 2661 Germanum
1066 2606 1267 2656 suum
1312 2583 1782 2655 Wladislaum
1820 2582 2156 2656 Poloniae
2195 2584 2491 2677 Regem,
2549 2584 2954 2658 Alexandra
2991 2586 3290 2660 Ducissa
3326 2588 3472 2659 Ma-

377 2708 645 2796 soviae,
701 2706 951 2779 relicta
1006 2704 1173 2777 olim
1232 2704 1576 2777 Semoviti
1632 2703 1960 2790 senioriS,
2019 2702 2238 2776 Ducis
2277 2704 2664 2793 Masoviae,
2723 2707 3172 2798 praecedens,
3213 2707 3326 2780 die
3362 2708 3471 2780 lu-

374 2847 505 2901 nae
562 2827 893 2900 vicesima
947 2824 1255 2917 ApriliS,
1314 2824 1498 2916 apud
1552 2825 1928 2897 Ploczkam
1982 2824 2167 2897 diem
2225 2824 2400 2897 obiit
2431 2822 2518 2913 2).

508 3186 747 3275 Gorpus
790 3180 1127 3254 wladislai
1172 3181 1469 3252 roloniae
1515 3180 1711 3271 Regis
1756 3199 1840 3253 cx
1884 3178 2134 3253 Grodek
2181 3180 2550 3253 cracoviam
2595 3181 2964 3269 deducitur,
3013 3185 3083 3254 ot
3128 3184 3331 3273 legati

1154 3301 1239 3372 ad
1284 3300 1628 3372 Goncilium
1671 3299 2029 3372 Basilionso
2074 3300 2257 3373 nissi
2300 3304 2711 3374 revocantur.

450 3644 457 3651 ⁸
588 3552 843 3623 Secuta
897 3548 1273 3621 Wladislai
1331 3548 1549 3640 Regis
1605 3554 1859 3637 morte,
1918 3547 2111 3621 illico
2170 3548 2559 3622 consiliarii
2615 3549 2862 3641 Regis,
2922 3550 3044 3642 qui
3100 3556 3270 3623 tunc
3319 3551 3476 3623 ade-

379 3678 570 3759 rant,
614 3693 819 3743 suum
858 3690 1222 3743 excessum
1261 3690 1296 3741 e
1334 3669 1483 3741 vita
1520 3668 1819 3760 primum
1860 3668 2161 3760 Sophiae
2202 3668 2545 3761 Reginae,
2587 3669 2836 3743 deinde
2873 3670 3226 3743 universis
3263 3671 3470 3742 Prae-

378 3793 549 3864 latis
604 3795 674 3863 et
729 3790 1105 3863 baronibus
1160 3789 1422 3881 Regni,
1480 3788 2003 3861 denuntiarunt.
2081 3788 2310 3861 Veriti
2365 3793 2631 3878 autem,
2708 3810 2795 3862 ne
2851 3811 3034 3862 mors
3089 3789 3282 3883 regia
3329 3790 3475 3861 ani-

380 3933 529 3984 mos
587 3896 931 3983 Ducibus'
959 3908 1385 4002 Switrigello
1426 3915 1495 3981 et
1529 3909 1882 3981 Fethkoni
1939 3908 2315 3982 invadendi
2353 3910 2579 4001 Regni
2619 3915 2839 3983 terras
2879 3909 3478 3999 subministraret3

380 4052 617 4104 omnes
674 4031 1029 4103 curienses
1084 4029 1314 4121 regios
1362 4050 1607 4102 versus
1645 4028 2039 4116 Podoliam,
2099 4029 2172 4100 in
2213 4030 2424 4101 armis
2466 4030 2867 4121 expeditOS,
2909 4028 3476 4117 transmiserunt,

380 4152 469 4223 ad
524 4151 1001 4242 repellendum
1059 4148 1329 4221 subitas
1386 4149 1806 4238 Fethkonis,
1865 4170 2039 4240 quas
2077 4170 2236 4221 cum
2273 4150 2635 4222 Thartaris
2673 4150 3006 4238 faciebat,
3045 4150 3476 4224 invasiones

380 4270 769 4363 Moratique
826 4274 991 4342 sunt
1044 4269 1397 4342 curienses
1452 4268 1629 4361 regii
1684 4290 1807 4360 pro
1863 4269 2184 4342 custodia
2239 4274 2309 4341 et
2357 4269 2762 4343 defensione
2797 4276 3139 4342 terrarum
3178 4270 3480 4343 Russiae

381 4392 465 4465 ab
522 4391 877 4479 hostibus,
936 4390 1151 4462 donec
1204 4388 1712 4482 primogenitus
1768 4388 1983 4481 Regis
2040 4388 2113 4460 in
2168 4389 2404 4461 locum
2471 4389 2608 4462 fuit
2638 4388 2699 4478 ³)
2755 4389 2980 4482 patris
3046 4390 3480 4463 substitutus

381 4518 453 4583 et
506 4515 900 4584 coronatus.
958 4510 1222 4601 Corpus
1279 4509 1557 4582 tandem
1610 4509 1882 4602 regium
1938 4509 2009 4581 in
2068 4508 2318 4581 cistam
2365 4509 2705 4603 ligneam,
2761 4509 2917 4603 pice
2953 4510 3323 4602 resinaque
3361 4511 3478 4584 ob-

377 4632 612 4720 litam,
671 4629 1107 4722 impositum,
1165 4630 1487 4701 indutum
1544 4629 1898 4722 regalibus
1955 4634 2025 4701 et
2080 4649 2365 4718 corona,
2423 4630 2822 4703 Cracoviam
2860 4631 2948 4702 ad
2988 4631 3479 4704 tumulandum

382 4752 799 4838 ducebatur,
858 4722 1109 4842 magna
1162 4749 1622 4822 multitudine
1678 4753 1748 4821 et
1804 4748 2196 4841 frequentia
2230 4750 2592 4822 hominum
2629 4750 2810 4823 illud
2848 4754 3334 4843 prosequente.
3391 4752 3478 4824 In

382 4872 705 4945 omnibus
762 4878 993 4944 autem
1048 4869 1255 4958 locis,
1314 4892 1438 4962 per
1493 4892 1669 4961 quae
1724 4870 1905 4942 illud
1961 4870 2122 4942 duci
2179 4870 2653 4963 contingebat,
2715 4870 2951 4963 magni
2996 4873 3294 4944 honores
3333 4892 3479 4945 cor-

382 4993 534 5085 pori
587 4993 1101 5079 deferebantur,
1161 4991 1325 5062 dum
1382 4990 1741 5082 quaelibet
1793 4989 2045 5062 civitas
2104 4996 2176 5063 et
2230 4990 2406 5062 villa
2459 5012 2583 5081 pro
2641 5011 2715 5063 se
2770 4991 3170 5064 enitebatur
3208 4994 3280 5064 et
3317 5012 3480 5064 con-

382 5113 711 5186 tendebat
765 5112 878 5203 pio
936 5110 1340 5199 certamine,
1399 5116 1550 5183 tum
1604 5110 2047 5202 processione
2103 5109 2379 5183 obviam
2418 5110 2531 5183 illi
2571 5112 2928 5199 exeund0,
2986 5115 3135 5183 tum
3177 5113 3484 5204 complo-

384 5234 651 5306 ratione
690 5236 761 5307 et
796 5210 1155 5317 lamentiS,
1207 5236 1357 5303 tum
1396 5232 1633 5304 missis
1674 5232 2194 5325 exequialibus,
2236 5230 2562 5323 psalmis,
2604 5230 2877 5325 vigiliis
2917 5236 2985 5305 et
3025 5231 3484 5323 orationibuS,

600 5489 646 5571 ¹)
692 5489 984 5551 Postridie
1034 5484 1187 5551 Cod.
1239 5485 1415 5550 Calv.
1464 5488 1513 5568 ²)
1561 5507 1895 5566 supremum
1935 5489 2089 5549 diem
2120 5490 2352 5550 clausit.
2383 5486 2512 5550 Ed.
2543 5486 2730 5573 Lips.
2765 5488 2817 5570 3)
2855 5491 3066 5550 fuisset
3107 5486 3258 5554 cod.
3291 5486 3484 5555 Rom·-
