4342 6384
388 577 519 680 (Α.
561 582 650 656 D.
692 581 922 681 1410.)
1545 568 1769 659 mann
1822 607 2278 660 monemus.
3389 589 3482 659 75

390 789 527 863 lius
584 791 954 880 relatione,
1013 792 1478 867 innotesceret
1532 792 1861 865 conditio.
1920 794 2111 886 Rege
2166 799 2398 864 autem
2455 793 2637 884 apud
2695 792 3141 886 Marienburg
3180 791 3480 865 obsidio·

388 933 541 984 nem
598 918 878 1005 agente,
937 935 977 984 a
1033 913 1367 987 fratribus
1425 919 1494 986 et
1548 912 2083 1006 consanguineis
2140 912 2480 986 Iohannis
2538 913 2762 984 Socha
2800 912 3186 1000 interfecti,
3247 913 3331 986 de
3371 935 3479 985 oc-

386 1031 648 1106 cisione
713 1054 839 1105 sua
903 1035 1221 1107 Mroczek
1284 1037 1646 1126 culpatus,
1716 1033 1976 1107 iudicio
2042 1032 2466 1120 instaurato,
2534 1032 2792 1105 crimen
2860 1032 3206 1106 obiectum
3272 1032 3484 1106 diluit

390 1153 835 1226 iureiurando
891 1153 1208 1226 militari.

389 1509 677 1582 oestrum
736 1508 1032 1599 nzyrgon
1092 1525 1363 1580 vacuum
1420 1509 1811 1595 horninibus,
1872 1508 2278 1599 omniumque
2337 1525 2546 1580 rerum
2605 1508 2790 1598 copia
2849 1507 3158 1580 refertum
3202 1455 3481 1598 eapitur,

1127 1629 1405 1719 indeque
1449 1628 1519 1701 iu
1562 1627 1886 1700 Poloniaru
1929 1627 2249 1718 imagines
2295 1630 2733 1718 asportantur.

591 1876 799 1949 Feria
854 1876 1186 1965 secunda,
1244 1875 1316 1948 in.
1372 1874 1484 1950 die
1542 1876 1837 1948 Sanctae
1893 1875 2267 1963 Praxedis,
2336 1874 2672 1948 vicesima
2723 1875 2952 1967 prima
3006 1876 3212 1964 Iulii,
3281 1876 3476 1949 Wla-

388 1997 653 2069 dislaus
709 1995 1047 2069 Poloniae
1100 1997 1291 2085 Rex,
1352 1997 1559 2069 motis
1616 1995 1861 2086 cattis„
1922 1995 2186 2068 stativa
2241 2017 2454 2086 supra
2507 1996 2736 2067 lacum
2787 1997 3117 2069 Dolstath
3157 1998 3209 2086 1)
3265 2019 3480 2089 prope

388 2116 715 2208 oppidum
770 2119 841 2189 et
894 2121 1201 2188 castrum
1256 2118 1578 2209 Dzyrgon
1604 2116 1669 2206 2)
1726 2119 1932 2190 locat.
1981 2116 2192 2189 Feria
2230 2137 2391 2189 vero
2429 2116 2671 2200 tertia,
2730 2116 2804 2188 in
2841 2116 2955 2190 die
2996 2118 3294 2190 Sanctae
3333 2118 3475 2189 Ma-

387 2237 525 2311 riae
579 2237 1067 2330 Magdalenae,
1122 2237 1457 2310 vicesima
1512 2238 1813 2310 secunda
1866 2237 2072 2326 Iulii,
2139 2236 2462 2328 pervenit
2515 2236 2603 2308 ad
2658 2241 2964 2308 castrum
3021 2242 3090 2310 et
3145 2237 3476 2328 oppidum

390 2358 732 2450 Dzyrgon.
800 2359 1027 2450 Quod,
1096 2359 1292 2430 nullo
1348 2357 1791 2448 prohibente,
1848 2357 2220 2430 Fratribus
2274 2357 2359 2429 de
2414 2356 2670 2429 Ordine
2727 2362 2796 2428 et
2851 2356 3014 2430 aliis
3069 2378 3194 2447 pro
3251 2358 3478 2430 tutela

388 2477 579 2550 illius
634 2478 935 2566 relictiS‚
994 2479 1296 2550 adventu
1352 2479 1542 2572 regio
1601 2477 1871 2565 audito,
1928 2498 2186 2569 pavore
2235 2475 2450 2548 nimio
2490 2475 2990 2565 consternatis,
3049 2497 3136 2564 ex
3174 2476 3302 2548 illo
3340 2476 3472 2548 dif-

388 2597 851 2692 fugientibus,
917 2598 1073 2672 Rex
1138 2597 1535 2689 ingrediens
1569 2595 1630 2683 ³)
1698 2596 2067 2689 coquinam
2132 2598 2516 2669 ferventem
2573 2600 2644 2668 et
2699 2596 2977 2668 tabulas
3043 2597 3477 2670 mensalibus

386 2720 709 2807 vestitaS,
778 2717 1064 2792 cellaria
1126 2738 1399 2808 quoque
1465 2721 1535 2790 et
1608 2716 2085 2808 promptuaria
2152 2715 2344 2804 vino,
2411 2736 2660 2804 avena,
2726 2715 3055 2804 cervisia,
3129 2716 3471 2807 piscibuS‚

386 2840 737 2927 carnibuS,
808 2838 1177 2911 frumentis
1240 2837 1529 2929 insuper
1582 2837 1963 2910 cuiuslibet
2013 2835 2325 2930 generi8‚
2384 2838 2668 2924 referta,
2727 2835 2895 2909 item
2951 2857 3296 2913 cameram
3353 2858 3472 2910 ve·

386 2959 729 3048 stiariam,
775 2958 847 3030 in
882 2957 1161 3051 vulgari
1209 2957 1637 3030 Theutonico
1695 2955 2266 3053 Trappariam,
2324 2956 2656 3048 purpuris
2707 2961 2776 3030 et
2823 2956 3076 3048 pannis
3115 2957 3470 3049 pretiosiS,

388 3080 547 3152 item
602 3079 923 3153 vestibus
980 3077 1395 3152 Cruciferico
1442 3077 1687 3150 Ordini
1734 3077 2314 3170 congruentibuS,
2370 3078 2580 3168 plena
2638 3076 2956 3150 offendit:
3017 3099 3103 3150 ex
3143 3099 3281 3169 qna
3317 3079 3474 3150 Rex

383 3200 615 3291 plures
670 3220 1017 3291 purpuras
1072 3203 1143 3270 et
1198 3203 1431 3271 vestes
1469 3198 1542 3269 in
1581 3197 1845 3270 milites
1901 3197 2293 3271 liberaliter
2347 3195 2684 3289 erogavit.
2743 3197 3136 3270 Universus
3175 3198 3474 3290 deniqne

378 3320 609 3412 regius
680 3318 1065 3405 exercitus,
1132 3319 1325 3422 Rege
1386 3317 1869 3409 permittente,
1938 3318 2212 3390 abunde
2281 3321 2352 3390 et
2405 3317 2492 3388 ad
2546 3315 2946 3390 satietatem
3002 3317 3088 3390 de
3143 3317 3470 3390 victuali-

380 3441 510 3514 bus
571 3441 645 3512 in
708 3444 937 3512 castro
1002 3439 1324 3530 Dzyrgon
1385 3436 1683 3530 repertis
1757 3437 1973 3528 cepit,
2054 3442 2123 3510 et
2189 3435 2564 3528 quadrigas
2633 3457 2797 3508 suas
2873 3435 3203 3524 cervisia,
3282 3437 3468 3526 vino,

380 3581 612 3649 earne,
674 3559 867 3651 pisce
930 3564 1001 3632 et
1056 3560 1431 3646 frumento,
1500 3557 1929 3649 caeterisque
1994 3557 2492 3630 commeatibus
2547 3555 2894 3648 implevit.
2954 3556 3256 3630 Audivit
3312 3559 3469 3630 Rex

380 3681 493 3754 (116
545 3680 670 3752 1116
727 3679 1011 3752 missam
1066 3679 1142 3751 in
1196 3681 1423 3751 castro
1489 3679 1847 3770 Dzyrgom
1914 3679 2033 3750 sed
2090 3683 2161 3750 et
2215 3678 2508 3751 alteram
2563 3676 2780 3764 diem,
2839 3676 3080 3748 feriam
3137 3675 3470 3750 videlicet

380 3806 729 3892 quartam,
772 3799 1177 3874 vicesimam
1213 3800 1495 3872 tertiam
1533 3797 1741 3886 Iulii,
1800 3798 1951 3870 11116
1988 3797 2404 3889 absumpsit.
2461 3795 2980 3868 Pulcherrimas
3022 3801 3256 3868 autem
3297 3796 3466 3868 ima-

374 3921 605 4012 gineS,
662 3941 750 3993 ex
806 3921 997 4012 ligno
1053 3919 1267 4008 cisaS‚
1326 3919 1399 3991 in
1456 3920 1725 4010 capella
1778 3917 1993 3990 castri
2049 3917 2434 4006 offendens,
2495 3937 2610 3990 eas
2649 3915 2722 3987 in
2762 3917 3083 4008 Regnum
3133 3917 3470 3991 Poloniae

376 4039 623 4114 deduci
676 4061 1087 4132 procurans,
1150 4039 1483 4112 ecclesiae
1540 4040 1835 4112 Sanctae
1892 4037 2151 4111 Mariae
2209 4036 2759 4110 Sandomiriensi
2799 4037 3277 4109 cracoviensis
3316 4037 3462 4109 dio-

373 4162 588 4248 66616,
642 4182 781 4232 una
836 4181 993 4232 cnm
1031 4179 1230 4232 cruce
1271 4164 1599 4250 argentea
1635 4159 1999 4246 deaurata,
2058 4159 2131 4230 in
2188 4157 2576 4230 Brodnicza
2631 4162 2882 4249 expost
2935 4163 3245 4249 recepta,
3304 4157 3468 4229 illas

370 4281 691 4354 donavit:
758 4261 937 4373 (inae
1002 4279 1589 4354 Sandomiriensis
1652 4279 1945 4354 ecclesia
1997 4277 2256 4351 retinet
2309 4299 2435 4369 pro
2492 4278 2912 4370 sempiterno
2983 4278 3337 4369 triumpho
3395 4282 3464 4350 et

369 4401 554 4474 dono
608 4399 1040 4475 memorabili
1096 4421 1317 4492 usque
1375 4399 1446 4471 in
1502 4399 1913 4471 hodiernum
1971 4399 2180 4472 diem.

362 4729 758 4802 vladislaus
802 4729 971 4816 Rex,
1028 4729 1349 4818 neglectis
1404 4728 1657 4799 nuntiis
1710 4726 1960 4798 Eenrici
2005 4729 2086 4798 (16
2130 4727 2390 4798 Plaweu
2436 4725 3012 4810 commendatoris,
3062 4726 3144 4795 ad
3184 4727 3467 4805 castrum

1252 4846 1654 4935 larienburg
1699 4864 1838 4917 curu
1886 4845 2179 4917 exercitu
2225 4845 2584 4916 contendit.

576 5070 779 5143 Feria
836 5068 1111 5161 quinta,
1170 5067 1241 5141 in
1300 5067 1547 5158 vigilia
1604 5067 1845 5140 Sancti
1880 5063 2117 5140 Iacobi
2158 5065 2517 5157 Apostoli,
2574 5063 2904 5138 vicesima
2960 5068 3210 5154 quarta
3265 5063 3464 5150 Iulii,

360 5190 807 5263 wladislaus
861 5188 1194 5261 Poloniae
1249 5188 1403 5260 Rex
1460 5193 1687 5260 castro
1743 5190 2067 5280 Dzvrgon
2099 5188 2161 5277 ⁴)
2218 5187 2292 5259 in
2347 5185 2656 5278 regimen
2711 5190 2782 5256 et
2835 5186 3254 5274 potestatem
3305 5182 3458 5255 Sbi-

358 5335 503 5345 *-

588 5395 633 5473 1)
674 5397 943 5458 Bolstath
989 5393 1116 5457 Ed.
1166 5392 1347 5476 Lips.
1398 5390 1452 5470 ²)
1499 5394 1831 5470 Dzierzgon
1882 5388 2033 5458 Cocl.
2086 5390 2275 5453 Rozr.
2329 5388 2380 5460 ³)
2427 5392 2732 5467 ingressus
2781 5383 2932 5450 Cod.
2967 5385 3158 5448 Ros-r.
3193 5383 3250 5467 ⁴)
3280 5389 3466 5464 Dzyr-

356 5501 521 5580 bony
574 5494 729 5561 Cod.
786 5495 963 5566 Calv.
1010 5500 1363 5574 Dzyerzgon
1412 5491 1563 5562 Cod
1611 5493 1803 5563 Rozr,
