4342 6384
375 574 500 677 (Α.
540 577 631 651 D.
673 574 928 675 1440.)
1505 600 1731 652 mnan
1782 598 2297 652 111101111οω113.
3314 583 3469 654 625

373 784 873 870 temnentibns3
931 784 1113 856 unde
1169 804 1324 857 cum
1389 786 1748 876 praefatus
1811 784 2128 859 Isidorus
2194 784 2586 859 cardinalis
2653 788 2723 859 et
2786 786 3098 879 Legatus
3153 789 3238 860 ad
3307 809 3472 861 suos

375 904 842 997 suffraganeos
906 905 978 976 in
1045 904 1378 977 Russiam
1444 909 1514 976 et
1581 905 1943 997 Mosquam
1979 907 2035 996 1)
2101 906 2414 979 venisset
2483 911 2553 979 et
2607 906 2807 980 illam
2872 906 3201 979 unionem
3274 906 3376 981 013
3408 906 3471 996 ²)

375 1026 830 1115 praedicaret,
887 1025 1314 1116 persuadens
1355 1024 1456 1097 eis
1512 1026 1597 1097 de
1633 1027 2055 1100 necessitate
2110 1028 2365 1099 salutis
2404 1026 2761 1099 Ecclesiae
2800 1028 3157 1100 Romanae
3212 1032 3283 1099 et
3322 1028 3475 1100 0103

379 1145 699 1217 Pontifici
755 1144 1246 1231 obediendum,
1305 1165 1429 1234 per
1482 1145 1850 1237 Principes
1905 1146 2237 1237 Mosquae
2268 1144 2329 1235 ³)
2386 1146 2661 1237 capitur
2714 1151 2785 1219 et
2839 1148 2910 1219 in
2967 1168 3311 1220 carcerem
3366 1169 3472 1220 re-

376 1265 681 1337 cluditur
710 1264 800 1353 4),
868 1270 937 1336 01
1002 1264 1325 1337 0111011103
1390 1265 1775 1354 thesauris,
1844 1287 2016 1357 quos
2082 1266 2221 1337 iam
2286 1265 2634 1338 notabiles
2692 1266 3244 1359 conquisiverat,
3304 1289 3463 1360 spo-

375 1387 620 1471 liatur;
677 1389 930 1477 expost
983 1390 1216 1456 tamen
1273 1386 1358 1457 de
1392 1385 1796 1457 huiusmodi
1835 1385 2273 1477 captivitate,
2314 1387 2548 1458 favore
2603 1385 2843 1459 divino
2898 1408 3021 1479 per
3059 1388 3293 1480 fugam
3334 1388 3470 1460 fuit

375 1508 670 1578 solutus,
728 1507 953 1577 Tenor
1007 1508 1241 1578 autem
1299 1505 1701 1578 huiusmodi
1756 1506 2118 1579 literarum
2176 1506 2721 1598 apostolicarum
2779 1512 2929 1580 erat
2982 1508 3185 1581 talis:

585 1625 986 1719 „Eugenius
1042 1626 1464 1718 Episcopus,
1525 1648 1769 1699 servus
1827 1648 2187 1701 servorum
2226 1626 2387 1715 Dei,
2456 1628 2544 1699 ad
2598 1632 3002 1719 perpetuam
3057 1628 3162 1701 rei
3217 1649 3471 1703 memo-

384 1747 628 1836 „riam,
689 1747 1180 1819 Consentiente
1235 1748 1320 1818 ad
1381 1747 1830 1839 infrascripta
1903 1748 2264 1821 carissimo
2322 1747 2472 1820 filio
2528 1747 2946 1840 Palaeologo
3001 1748 3475 1821 Romanorum

385 1869 850 1959 „Imperatore
905 1866 1174 1939 illustri
1231 1874 1301 1939 et
1355 1868 1584 1940 locum
1639 1872 1921 1943 tenente
1979 1867 2487 1943 venerabilium
2544 1869 2842 1940 fratrum
2887 1871 3283 1940 nostrorum
3338 1868 3473 1941 Pa-

384 1988 915 2078 „triarcharum,
973 1992 1044 2059 et
1081 1987 1376 2060 caeteris
1433 1988 1841 2061 orientalem
1881 1988 2269 2061 Ecclesiam
2319 1986 3032 2079 repraesentantibus.
3088 1987 3476 2061 Laetentur

384 2107 601 2197 „coeli
657 2113 726 2181 et
781 2108 1058 2179 exultet
1114 2112 1331 2179 terra:
1409 2108 1734 2181 sublatus
1797 2114 1906 2181 est
1971 2108 2154 2181 enim
2220 2108 2305 2181 de
2360 2106 2587 2181 medio
2642 2106 2906 2200 1101103,
2976 2107 3098 2199 (101
3162 2107 3474 2181 0001ᾶο11-

383 2229 636 2317 „talem
693 2232 762 2300 et
819 2227 1228 2300 orientalem
1296 2227 1652 2300 dividebat
1722 2228 2141 2317 Ecclesiam,
2210 2234 2282 2302 et
2320 2228 2484 2320 'pax
2534 2234 2762 2328 atque
2817 2227 3183 2301 concordia
3238 2228 3473 2316 rediit,

384 2347 550 2436 „illo
605 2347 927 2439 angulari
967 2346 1200 2437 lapide
1237 2346 1512 2419 Christo
1545 2347 1630 2436 5),
1689 2348 1813 2439 qui
1851 2348 2015 2420 fecit
2053 2354 2353 2440 utraque
2390 2370 2639 2437 unum,
2680 2349 2963 2421 vinculo
3003 2348 3388 2421 fortissimo
3412 2349 3475 2437 ⁶)

384 2467 742 2555 „caritatis
799 2471 868 2541 et
921 2468 1116 2559 pacis
1171 2472 1546 2559 utrumque
1621 2468 1952 2561 iungente
2007 2468 2345 2559 parietem
2380 2469 2468 2559 ⁷),
2543 2475 2920 2561 perpetuae
2978 2470 3277 2541 unitatis
3334 2470 3471 2541 foe-

385 2590 584 2677 „dere
639 2589 1013 2680 copulante
1071 2593 1140 2661 et
1195 2587 1596 2661 continente
1626 2586 1714 2678 ⁸),
1772 2589 2022 2680 110319)
2080 2590 2359 2682 longam
2415 2590 2768 2663 moeroris·
2806 2590 3133 2663 nebulam
3192 2596 3260 2663 et
3296 2590 3476 2661 hanc

382 2708 703 2796 „dissidii
768 2708 1089 2780 diuturni
1153 2714 1412 2791 atram,
1492 2708 1839 2799 ingrat-am
1915 2710 2322 2802 caliginem,
2400 2731 2720 2782 serenum
2795 2710 3119 2783 omnibus
3194 2709 3475 2781 unionis

381 2833 706 2920 „optatae
761 2828 965 2900 iubar
1020 2828 1288 2899 illuxit.
1351 2828 1670 2901 Gaudeat
1727 2834 1795 2900 et
1851 2834 2072 2902 mater
2126 2829 2473 2919 Ecclesia,
2545 2851 2723 2922 quae
2776 2830 2962 2903 filios
3017 2851 3181 2902 3003
3236 2830 3471 2901 hacte-

383 2971 558 3037 „nus
614 2948 1002 3021 adinvicem
1059 2948 1478 3020 dissidentes
1548 2948 1686 3020 iam
1751 2948 1946 3022 videt
2009 2949 2084 3021 in
2138 2949 2519 3038 unitatem,
2586 2970 2967 3043 pacemque
3021 2950 3347 3039 rediisse,
3406 2954 3477 3021 et

381 3091 602 3161 „quae
657 3073 862 3143 antea
917 3068 992 3140 in
1030 3090 1266 3141 eorum
1306 3068 1747 3159 separatione
1802 3069 2239 3142 amarissime
2284 3070 2525 3161 flebat,
2585 3092 2673 3144 ex
2710 3070 3024 3163 ipsorum
3062 3070 3261 3142 modo
3302 3068 3478 3142 mira

381 3188 820 3278 „concordia‚
879 3209 1035 3261 00111
1093 3187 1431 3261 ineffabili
1498 3189 1752 3281 gaudio
1820 3189 2281 3281 omnipotenti
2338 3190 2481 3262 Deo
2552 3189 2818 3283 gratias
2871 3193 3149 3264 referat.
3226 3188 3475 3263 Cuncti

379 3311 868 3401 „gratulentur
919 3309 1162 3381 fideles
1215 3309 1475 3401 ubique
1527 3331 1653 3401 per
1690 3308 1971 3397 Orbem,
2030 3309 2260 3400 etqui
2315 3308 2701 3382 christiano
2756 3315 3133 3384 censentur
3168 3312 3473 3398 nomine,

380 3429 634 3519 „matri
688 3427 1044 3502 Ecclesiae
1097 3429 1486 3503 catholicae
1523 3431 2009 3502 collaetentur.
2069 3430 2246 3503 Ecce
2284 3428 2471 3502 enim
2518 3430 2917 3520 0110010103,
2976 3430 3475 3504 occidentales-

381 3570 560 3642 „que
616 3550 864 3623 Patres
902 3550 992 3639 ¹⁰)
1057 3553 1219 3641 post
1283 3548 1776 3643 longissimum
1829 3549 2295 3623 dissensionis
2350 3555 2561 3641 atque
2626 3550 3016 3624 discordiae
3070 3556 3347 3642 tempus
3404 3572 3481 3623 se

384 3668 646 3759 „maris
701 3690 782 3741 00
835 3675 1060 3741 101100
1125 3670 1464 3761 1101100113
1529 3675 1991 3762 exponentes,
2058 3669 2519 3761 omnibusque
2584 3671 2965 3764 superatis,
3034 3670 3122 3743 ad
3174 3672 3305 3742 1100
3370 3690 3479 3742 sa-

382 3810 622 3880 „crum
679 3789 1196 3863 oecumenicum
1269 3790 1656 3863 Concilium
1730 3789 2073 3863 desiderio
2129 3789 2645 3865 sacratissimae
2697 3791 2979 3864 unionis
3024 3796 3245 3883 atque
3301 3790 3479 3863 cari-

379 3909 598 3999 „tatis
653 3909 1182 4001 reintegrandae
1235 3910 1467 4003 gratia
1521 3911 1727 3999 laeti,
1784 3912 2191 4001 alacresque
2229 3915 2738 4000 convenerunt,
2798 3916 2867 3983 et
2920 3909 3313 3985 intentione
3352 3930 3481 3983 sua

382 4050 871 4121 „nequaquam
927 4030 1250 4103 frustrati
1291 4035 1481 4102 sunt.
1536 4033 1708 4104 Post
1737 4032 1826 4120 11)
1863 4033 2140 4123 longam
2184 4030 2402 4120 enim,
2442 4029 2999 4123 laboriosamque
3054 4030 3479 4123 indaginem,

381 4149 712 4237 „tandem
743 4148 1053 4240 Spiritus
1086 4151 1326 4223 Sancti
1357 4152 1727 4224 clementia
1748 4150 1838 4240 ¹²)
1867 4152 2093 4243 ipsam
2133 4151 2673 4243 optatissimam,
2706 4150 3361 4242 sanctissimamque
3390 4148 3481 4240 111)

381 4268 757 4357 „unionem
814 4270 1169 4342 consecuti
1227 4276 1416 4343 sunt.
1503 4272 1675 4363 Quis
1731 4272 1952 4363 igitur
2014 4273 2263 4363 dignas
2321 4272 2451 4345 Dei
2502 4271 2861 4345 beneficiis
2900 4271 2994 4360 ¹⁴)
3046 4270 3314 4363 gratias
3367 4292 3475 4344 re·

378 4390 608 4479 „ferre
663 4389 1001 4477 sufficiat,
1061 4390 1220 4482 quis
1261 4392 1541 4481 0111015)
1595 4392 1877 4463 divinae
1935 4392 2405 4465 miserationis
2460 4391 2751 4464 divitias
2806 4412 2945 4465 non
2983 4391 3481 4484 obstupescat?

378 4510 628 4601 „cuius
684 4512 798 4582 vel
836 4511 1134 4583 ferreum
1173 4518 1420 4603 pectus
1475 4517 1714 4584 tantae
1753 4533 2094 4604 supernae
2129 4512 2496 4604 pietatatis
2533 4513 2942 4605 magnitudo
2980 4533 3119 4585 non
3156 4511 3481 4584 molliat?

377 4630 612 4720 „Sunt
683 4631 824 4702 ista
887 4652 1174 4722 prorsus
1238 4632 1480 4704 divina
1545 4653 1783 4723 opera,
1858 4654 1996 4703 non
2060 4633 2367 4704 humana
2429 4632 2816 4724 fragilitate
2880 4632 3201 4721 inventa,
3270 4636 3483 4723 atque

376 4750 582 4841 „ideo
638 4772 797 4823 cum
852 4750 1114 4823 eximia
1166 4752 1612 4825 veneratione
1667 4752 2116 4843 suscipienda
2171 4757 2242 4824 01
2278 4750 2543 4825 divinis
2597 4750 2930 4825 laudibus
2968 4750 3484 4852 prosequenda.-

593 4988 643 5070 ¹)
689 4990 1091 5051 Moschoviam
1141 4986 1293 5055 Cod.
1332 4988 1465 5053 Lis.
1509 4992 1874 5052 Moscoviam
1902 4988 2029 5053 Ed.
2064 4988 2244 5073 Lips.
2294 4988 2343 5070 ²)
2391 4996 2451 5050 et
2493 4991 2613 5051 illis
2658 5008 2791 5051 eam
2818 4990 3095 5050 unionem
3138 4986 3265 5052 Ed.
3301 4984 3481 5073 Lipa.

365 5094 428 5173 3)
477 5093 858 5154 Moschoviae
907 5089 1057 5157 Cod.
1105 5092 1240 5157 Lis.
1290 5092 1342 5173 ⁴)
1392 5096 1712 5155 includitur
1756 5091 1884 5155 Ed.
1932 5091 2114 5176 Lips.
2165 5092 2217 5173 ⁵)
2265 5093 2611 5154 charissimo
2660 5088 2813 5155 Cod.
2845 5090 3023 5155 Kost.
3082 5090 3134 5172 ⁸)
3180 5094 3479 5154 vinculum

361 5186 534 5259 Cod.
579 5194 756 5257 Kost.
831 5196 882 5277 ⁷)
927 5203 1239 5274 utrumque
1299 5204 1552 5258 mentem
1611 5204 1924 5273 paventem
1989 5192 2140 5258 Cod.
2188 5192 2323 5257 Lis.
2393 5214 2713 5272 verumque
2772 5196 3060 5272 parietem
3125 5193 3251 5257 Ed.
3301 5192 3483 5277 Lips.

359 5300 422 5376 ε1)
477 5300 803 5375 opitulante
849 5306 909 5360 et
953 5301 1342 5361 contendente
1407 5296 1559 5361 Cod.
1615 5297 1792 5360 Kost.
1863 5298 1916 5378 ⁹)
1963 5304 2279 5375 postquam
2322 5296 2431 5358 Ed
2477 5295 2659 5381 Lips.
2736 5296 2818 5379 ¹⁰)
2863 5304 3064 5375 partes
3124 5294 3251 5359 Ed.
3300 5295 3481 5381 Εὗρε.

367 5402 462 5483 ¹¹)
512 5402 836 5477 Postquam
900 5400 1027 5463 Ed.
1082 5400 1264 5486 Lips.
1339 5402 1410 5483 ¹⁹)
1455 5404 1650 5480 gratia
1691 5400 1819 5465 Ed.
1865 5399 2047 5485 Lips.
2103 5400 2187 5483 ¹³)
2232 5402 2808 5479 sacratissimamque
2853 5398 2979 5465 Ed.
3026 5399 3208 5485 Lips.
3282 5397 3361 5482 ¹⁴)
3408 5402 3485 5462 de

349 5506 676 5570 beneficiis
721 5502 848 5566 Ed.
894 5502 1076 5589 Lips.
1133 5506 1212 5587 ¹⁵)
1259 5508 1393 5582 quis
1437 5512 1558 5567 tam
1602 5503 1729 5566 Ed.
1775 5502 1958 5588 Lips.

409 5659 468 5701 J.
497 5657 694 5711 mnam.
719 5657 843 5699 mut.
860 5658 1020 5702 roien.
1049 5658 1101 5699 ’1.
1118 5658 1203 5699 1v.
3100 5640 3169 5696 79
