<?xml version="1.0" encoding="UTF-8"?>
<!DOCTYPE html PUBLIC "-//W3C//DTD XHTML 1.0 Transitional//EN"
    "http://www.w3.org/TR/xhtml1/DTD/xhtml1-transitional.dtd">
<html xmlns="http://www.w3.org/1999/xhtml" xml:lang="en" lang="en">
 <head>
  <title>
</title>
<meta http-equiv="Content-Type" content="text/html;charset=utf-8" />
  <meta name='ocr-system' content='tesseract 3.04.00' />
  <meta name='ocr-capabilities' content='ocr_page ocr_carea ocr_par ocr_line ocrx_word'/>
</head>
<body>
  <div class='ocr_page' id='page_1' title='image "./dzieawszystkie00unkngoog_0294.png"; bbox 0 0 4342 6384; ppageno 0'>
   <div class='ocr_carea' id='block_1_1' title="bbox 403 610 3487 712">
    <p class='ocr_par' dir='ltr' id='par_1_1' title="bbox 403 610 3487 712">
     <span class='ocr_line' id='line_1_1' title="bbox 403 610 3487 712; baseline 0.002 -25"><span class='ocrx_word' id='word_1_1' title='bbox 403 610 544 711; x_wconf 76' lang='lat' dir='ltr'>(A.</span> <span class='ocrx_word' id='word_1_2' title='bbox 583 612 674 687; x_wconf 85' lang='lat' dir='ltr'>D.</span> <span class='ocrx_word' id='word_1_3' title='bbox 714 610 970 712; x_wconf 85' lang='grc'><strong>1422.)</strong></span> <span class='ocrx_word' id='word_1_4' title='bbox 1563 636 1792 689; x_wconf 74' lang='lat' dir='ltr'>menn</span> <span class='ocrx_word' id='word_1_5' title='bbox 1840 636 2302 690; x_wconf 67' lang='lat' dir='ltr'>monemus.</span> <span class='ocrx_word' id='word_1_6' title='bbox 3336 620 3487 692; x_wconf 83' lang='lat'>283</span> 
     </span>
    </p>
   </div>
   <div class='ocr_carea' id='block_1_2' title="bbox 401 816 3493 1862">
    <p class='ocr_par' dir='ltr' id='par_1_2' title="bbox 401 816 3493 1862">
     <span class='ocr_line' id='line_1_2' title="bbox 401 816 3487 911; baseline 0.002 -21"><span class='ocrx_word' id='word_1_7' title='bbox 401 816 618 890; x_wconf 82' lang='lat' dir='ltr'>armis</span> <span class='ocrx_word' id='word_1_8' title='bbox 669 816 1125 909; x_wconf 87' lang='lat' dir='ltr'>praetorium,</span> <span class='ocrx_word' id='word_1_9' title='bbox 1182 816 1504 891; x_wconf 88' lang='lat' dir='ltr'>undecim</span> <span class='ocrx_word' id='word_1_10' title='bbox 1561 819 1882 893; x_wconf 87' lang='lat' dir='ltr'>consules</span> <span class='ocrx_word' id='word_1_11' title='bbox 1899 874 1916 907; x_wconf 92' lang='lat'>,</span> <span class='ocrx_word' id='word_1_12' title='bbox 1973 818 2095 911; x_wconf 86' lang='lat' dir='ltr'>qui</span> <span class='ocrx_word' id='word_1_13' title='bbox 2142 819 2470 893; x_wconf 89' lang='lat' dir='ltr'>authores</span> <span class='ocrx_word' id='word_1_14' title='bbox 2505 820 2610 892; x_wconf 90' lang='lat' dir='ltr'>rei</span> <span class='ocrx_word' id='word_1_15' title='bbox 2644 819 3076 911; x_wconf 88' lang='lat' dir='ltr'>putabantur</span> <span class='ocrx_word' id='word_1_16' title='bbox 3111 821 3191 910; x_wconf 77' lang='grc'>1),</span> <span class='ocrx_word' id='word_1_17' title='bbox 3250 821 3487 910; x_wconf 88' lang='lat' dir='ltr'>occisi,</span> 
     </span>
     <span class='ocr_line' id='line_1_3' title="bbox 405 936 3492 1032; baseline 0.001 -19"><span class='ocrx_word' id='word_1_18' title='bbox 405 936 792 1029; x_wconf 81' lang='lat' dir='ltr'>Collegium</span> <span class='ocrx_word' id='word_1_19' title='bbox 863 936 1096 1011; x_wconf 83' lang='lat' dir='ltr'>Caroli</span> <span class='ocrx_word' id='word_1_20' title='bbox 1165 937 1516 1030; x_wconf 90' lang='lat' dir='ltr'>direptum</span> <span class='ocrx_word' id='word_1_21' title='bbox 1577 942 1650 1010; x_wconf 91' lang='lat' dir='ltr'>et</span> <span class='ocrx_word' id='word_1_22' title='bbox 1703 937 1928 1011; x_wconf 89' lang='lat' dir='ltr'>omnis</span> <span class='ocrx_word' id='word_1_23' title='bbox 1997 938 2427 1011; x_wconf 86' lang='lat' dir='ltr'>bibliotheca</span> <span class='ocrx_word' id='word_1_24' title='bbox 2488 938 2805 1011; x_wconf 90' lang='lat' dir='ltr'>disiecta.</span> <span class='ocrx_word' id='word_1_25' title='bbox 2883 938 3246 1027; x_wconf 74' lang='lat' dir='ltr'>MuliereS,</span> <span class='ocrx_word' id='word_1_26' title='bbox 3313 961 3492 1032; x_wconf 86' lang='lat' dir='ltr'>quae</span> 
     </span>
     <span class='ocr_line' id='line_1_4' title="bbox 402 1055 3487 1150; baseline 0.001 -21"><span class='ocrx_word' id='word_1_27' title='bbox 402 1055 786 1129; x_wconf 77' lang='lat' dir='ltr'><strong>Iohannem</strong></span> <span class='ocrx_word' id='word_1_28' title='bbox 849 1057 1262 1129; x_wconf 88' lang='lat' dir='ltr'>monachum</span> <span class='ocrx_word' id='word_1_29' title='bbox 1326 1056 1550 1130; x_wconf 82' lang='lat' dir='ltr'>veluti</span> <span class='ocrx_word' id='word_1_30' title='bbox 1611 1055 1930 1128; x_wconf 81' lang='lat' dir='ltr'>divinum</span> <span class='ocrx_word' id='word_1_31' title='bbox 1989 1057 2373 1145; x_wconf 77' lang='lat' dir='ltr'><strong>habebant,</strong></span> <span class='ocrx_word' id='word_1_32' title='bbox 2438 1062 2650 1149; x_wconf 88' lang='lat' dir='ltr'>caput</span> <span class='ocrx_word' id='word_1_33' title='bbox 2722 1057 2875 1129; x_wconf 87' lang='lat' dir='ltr'>eius</span> <span class='ocrx_word' id='word_1_34' title='bbox 2940 1057 3487 1150; x_wconf 78' lang='lat' dir='ltr'>intercipientes,</span> 
     </span>
     <span class='ocr_line' id='line_1_5' title="bbox 403 1173 3492 1268; baseline 0.001 -22"><span class='ocrx_word' id='word_1_35' title='bbox 403 1174 728 1265; x_wconf 90' lang='lat' dir='ltr'>pluribus</span> <span class='ocrx_word' id='word_1_36' title='bbox 781 1173 1030 1247; x_wconf 89' lang='lat' dir='ltr'>diebus</span> <span class='ocrx_word' id='word_1_37' title='bbox 1080 1174 1349 1268; x_wconf 86' lang='lat' dir='ltr'>gemitu</span> <span class='ocrx_word' id='word_1_38' title='bbox 1385 1175 1602 1264; x_wconf 85' lang='lat' dir='ltr'>edite,</span> <span class='ocrx_word' id='word_1_39' title='bbox 1657 1195 1784 1267; x_wconf 88' lang='lat' dir='ltr'>per</span> <span class='ocrx_word' id='word_1_40' title='bbox 1819 1174 2150 1247; x_wconf 86' lang='lat' dir='ltr'>ecclesias</span> <span class='ocrx_word' id='word_1_41' title='bbox 2188 1180 2261 1248; x_wconf 90' lang='lat' dir='ltr'>et</span> <span class='ocrx_word' id='word_1_42' title='bbox 2293 1177 2565 1268; x_wconf 75' lang='lat' dir='ltr'>plateas</span> <span class='ocrx_word' id='word_1_43' title='bbox 2620 1176 3111 1249; x_wconf 87' lang='lat' dir='ltr'>circumtulere</span> <span class='ocrx_word' id='word_1_44' title='bbox 3136 1232 3153 1265; x_wconf 91' lang='lat'>‚</span> <span class='ocrx_word' id='word_1_45' title='bbox 3208 1178 3492 1250; x_wconf 86' lang='lat' dir='ltr'>beatum</span> 
     </span>
     <span class='ocr_line' id='line_1_6' title="bbox 403 1292 3489 1385; baseline 0.001 -22"><span class='ocrx_word' id='word_1_46' title='bbox 403 1292 868 1367; x_wconf 83' lang='lat' dir='ltr'>vociferantes</span> <span class='ocrx_word' id='word_1_47' title='bbox 922 1298 993 1366; x_wconf 91' lang='lat' dir='ltr'>et</span> <span class='ocrx_word' id='word_1_48' title='bbox 1046 1296 1366 1367; x_wconf 86' lang='lat' dir='ltr'>sanctum</span> <span class='ocrx_word' id='word_1_49' title='bbox 1421 1294 1648 1366; x_wconf 85' lang='lat' dir='ltr'>virum</span> <span class='ocrx_word' id='word_1_50' title='bbox 1665 1348 1682 1382; x_wconf 93' lang='lat'>,</span> <span class='ocrx_word' id='word_1_51' title='bbox 1741 1293 1863 1385; x_wconf 88' lang='lat' dir='ltr'>qui</span> <span class='ocrx_word' id='word_1_52' title='bbox 1915 1315 2042 1385; x_wconf 86' lang='lat' dir='ltr'>pro</span> <span class='ocrx_word' id='word_1_53' title='bbox 2093 1295 2392 1367; x_wconf 82' lang='lat' dir='ltr'>veritate</span> <span class='ocrx_word' id='word_1_54' title='bbox 2440 1298 2511 1367; x_wconf 92' lang='lat' dir='ltr'>et</span> <span class='ocrx_word' id='word_1_55' title='bbox 2544 1295 2837 1367; x_wconf 89' lang='lat' dir='ltr'>Patrum</span> <span class='ocrx_word' id='word_1_56' title='bbox 2865 1292 2929 1384; x_wconf 65' lang='grc'>2)</span> <span class='ocrx_word' id='word_1_57' title='bbox 2988 1294 3489 1369; x_wconf 77' lang='lat' dir='ltr'>traditionibus</span> 
     </span>
     <span class='ocr_line' id='line_1_7' title="bbox 406 1411 3489 1508; baseline 0.001 -25"><span class='ocrx_word' id='word_1_58' title='bbox 406 1411 880 1500; x_wconf 87' lang='lat' dir='ltr'>occubuisset,</span> <span class='ocrx_word' id='word_1_59' title='bbox 935 1416 1176 1485; x_wconf 84' lang='lat' dir='ltr'>contra</span> <span class='ocrx_word' id='word_1_60' title='bbox 1235 1433 1400 1485; x_wconf 84' lang='lat' dir='ltr'>vero</span> <span class='ocrx_word' id='word_1_61' title='bbox 1465 1412 1768 1485; x_wconf 88' lang='lat' dir='ltr'>nefarios</span> <span class='ocrx_word' id='word_1_62' title='bbox 1823 1416 1895 1485; x_wconf 92' lang='lat' dir='ltr'>et</span> <span class='ocrx_word' id='word_1_63' title='bbox 1951 1412 2361 1508; x_wconf 73' lang='lat' dir='ltr'>sacrilegoS,</span> <span class='ocrx_word' id='word_1_64' title='bbox 2428 1412 2551 1506; x_wconf 88' lang='lat' dir='ltr'>qui</span> <span class='ocrx_word' id='word_1_65' title='bbox 2613 1412 2874 1505; x_wconf 90' lang='lat' dir='ltr'>optimo</span> <span class='ocrx_word' id='word_1_66' title='bbox 2940 1412 3282 1487; x_wconf 90' lang='lat' dir='ltr'>sacerdoti</span> <span class='ocrx_word' id='word_1_67' title='bbox 3347 1436 3489 1486; x_wconf 87' lang='lat' dir='ltr'>ma-</span> 
     </span>
     <span class='ocr_line' id='line_1_8' title="bbox 404 1530 3489 1623; baseline 0.001 -20"><span class='ocrx_word' id='word_1_68' title='bbox 404 1551 538 1603; x_wconf 90' lang='lat' dir='ltr'>nus</span> <span class='ocrx_word' id='word_1_69' title='bbox 593 1530 1026 1605; x_wconf 89' lang='lat' dir='ltr'>iniecissent.</span> <span class='ocrx_word' id='word_1_70' title='bbox 1083 1533 1338 1623; x_wconf 88' lang='lat' dir='ltr'>Itaque</span> <span class='ocrx_word' id='word_1_71' title='bbox 1391 1535 1602 1623; x_wconf 89' lang='lat' dir='ltr'>caput</span> <span class='ocrx_word' id='word_1_72' title='bbox 1654 1531 1869 1620; x_wconf 90' lang='lat' dir='ltr'>illud,</span> <span class='ocrx_word' id='word_1_73' title='bbox 1937 1536 2257 1623; x_wconf 82' lang='lat' dir='ltr'>quamvis</span> <span class='ocrx_word' id='word_1_74' title='bbox 2322 1532 2694 1606; x_wconf 89' lang='lat' dir='ltr'>scelestum</span> <span class='ocrx_word' id='word_1_75' title='bbox 2758 1535 2829 1605; x_wconf 92' lang='lat' dir='ltr'>et</span> <span class='ocrx_word' id='word_1_76' title='bbox 2881 1534 3279 1623; x_wconf 88' lang='lat' dir='ltr'>profanum,</span> <span class='ocrx_word' id='word_1_77' title='bbox 3338 1552 3489 1605; x_wconf 89' lang='lat' dir='ltr'>aro-</span> 
     </span>
     <span class='ocr_line' id='line_1_9' title="bbox 404 1649 3493 1745; baseline 0.001 -23"><span class='ocrx_word' id='word_1_78' title='bbox 404 1649 710 1723; x_wconf 88' lang='lat' dir='ltr'>matibus</span> <span class='ocrx_word' id='word_1_79' title='bbox 763 1650 1150 1739; x_wconf 88' lang='lat' dir='ltr'>conditum,</span> <span class='ocrx_word' id='word_1_80' title='bbox 1211 1649 1394 1723; x_wconf 90' lang='lat' dir='ltr'>inter</span> <span class='ocrx_word' id='word_1_81' title='bbox 1431 1671 1663 1723; x_wconf 86' lang='lat' dir='ltr'>sacras</span> <span class='ocrx_word' id='word_1_82' title='bbox 1698 1649 2038 1741; x_wconf 80' lang='lat' dir='ltr'>reliquias</span> <span class='ocrx_word' id='word_1_83' title='bbox 2072 1650 2433 1723; x_wconf 85' lang='lat' dir='ltr'>redactum</span> <span class='ocrx_word' id='word_1_84' title='bbox 2466 1653 2610 1740; x_wconf 89' lang='lat' dir='ltr'>est,</span> <span class='ocrx_word' id='word_1_85' title='bbox 2666 1655 2741 1724; x_wconf 95' lang='lat' dir='ltr'>et</span> <span class='ocrx_word' id='word_1_86' title='bbox 2776 1672 2819 1723; x_wconf 90' lang='lat' dir='ltr'>a</span> <span class='ocrx_word' id='word_1_87' title='bbox 2852 1649 3251 1724; x_wconf 75' lang='lat' dir='ltr'>fatuissima</span> <span class='ocrx_word' id='word_1_88' title='bbox 3285 1656 3493 1745; x_wconf 86' lang='lat' dir='ltr'>gente</span> 
     </span>
     <span class='ocr_line' id='line_1_10' title="bbox 403 1768 2288 1862; baseline 0.001 -22"><span class='ocrx_word' id='word_1_89' title='bbox 403 1788 544 1842; x_wconf 91' lang='lat' dir='ltr'>non</span> <span class='ocrx_word' id='word_1_90' title='bbox 599 1790 804 1843; x_wconf 90' lang='lat' dir='ltr'>secus</span> <span class='ocrx_word' id='word_1_91' title='bbox 859 1790 1068 1862; x_wconf 87' lang='lat' dir='ltr'>quam</span> <span class='ocrx_word' id='word_1_92' title='bbox 1120 1768 1418 1843; x_wconf 88' lang='lat' dir='ltr'>celebris</span> <span class='ocrx_word' id='word_1_93' title='bbox 1471 1769 1802 1861; x_wconf 72' lang='lat' dir='ltr'>martyris</span> <span class='ocrx_word' id='word_1_94' title='bbox 1855 1772 2288 1842; x_wconf 79' lang='lat' dir='ltr'>veneratum.</span> 
     </span>
    </p>
   </div>
   <div class='ocr_carea' id='block_1_3' title="bbox 1303 2112 2613 2229">
    <p class='ocr_par' dir='ltr' id='par_1_3' title="bbox 1303 2112 2613 2229">
     <span class='ocr_line' id='line_1_11' title="bbox 1303 2112 2613 2229; baseline 0.001 -2"><span class='ocrx_word' id='word_1_95' title='bbox 1303 2114 1728 2227; x_wconf 83' lang='lat' dir='ltr'><strong>ANNUS</strong></span> <span class='ocrx_word' id='word_1_96' title='bbox 1797 2112 2259 2227; x_wconf 81' lang='lat' dir='ltr'>DOMJM</span> <span class='ocrx_word' id='word_1_97' title='bbox 2325 2113 2613 2229; x_wconf 78' lang='lat'>1422.</span> 
     </span>
    </p>
   </div>
   <div class='ocr_carea' id='block_1_4' title="bbox 410 2352 3495 2563">
    <p class='ocr_par' dir='ltr' id='par_1_4' title="bbox 410 2352 3495 2563">
     <span class='ocr_line' id='line_1_12' title="bbox 410 2352 3495 2443; baseline 0 -16"><span class='ocrx_word' id='word_1_98' title='bbox 410 2356 806 2429; x_wconf 64' lang='lat' dir='ltr'>wladislau</span> <span class='ocrx_word' id='word_1_99' title='bbox 847 2356 986 2427; x_wconf 74' lang='lat' dir='ltr'>Rex</span> <span class='ocrx_word' id='word_1_100' title='bbox 1028 2355 1328 2427; x_wconf 70' lang='lat' dir='ltr'>Poloniae</span> <span class='ocrx_word' id='word_1_101' title='bbox 1373 2355 1689 2426; x_wconf 76' lang='lat' dir='ltr'>Szonkm</span> <span class='ocrx_word' id='word_1_102' title='bbox 1731 2354 1902 2425; x_wconf 76' lang='lat' dir='ltr'>ritus</span> <span class='ocrx_word' id='word_1_103' title='bbox 1931 2352 2153 2425; x_wconf 73' lang='lat' dir='ltr'>Graeci</span> <span class='ocrx_word' id='word_1_104' title='bbox 2198 2354 2541 2442; x_wconf 59' lang='lat' dir='ltr'>virginem</span> <span class='ocrx_word' id='word_1_105' title='bbox 2584 2357 2849 2443; x_wconf 75' lang='lat' dir='ltr'>neptem</span> <span class='ocrx_word' id='word_1_106' title='bbox 2892 2354 3240 2428; x_wconf 72' lang='lat' dir='ltr'>Wlthavdi</span> <span class='ocrx_word' id='word_1_107' title='bbox 3284 2356 3495 2443; x_wconf 75' lang='lat' dir='ltr'>Ducis,</span> 
     </span>
     <span class='ocr_line' id='line_1_13' title="bbox 814 2472 3090 2563; baseline 0 -18"><span class='ocrx_word' id='word_1_108' title='bbox 814 2474 1053 2563; x_wconf 74' lang='lat' dir='ltr'>accipit</span> <span class='ocrx_word' id='word_1_109' title='bbox 1093 2474 1163 2546; x_wconf 83' lang='lat' dir='ltr'>in</span> <span class='ocrx_word' id='word_1_110' title='bbox 1206 2490 1502 2558; x_wconf 75' lang='lat' dir='ltr'>uxoren,</span> <span class='ocrx_word' id='word_1_111' title='bbox 1547 2489 1715 2562; x_wconf 74' lang='lat' dir='ltr'>quae</span> <span class='ocrx_word' id='word_1_112' title='bbox 1755 2473 1826 2545; x_wconf 83' lang='lat' dir='ltr'>in</span> <span class='ocrx_word' id='word_1_113' title='bbox 1869 2472 2193 2561; x_wconf 74' lang='lat' dir='ltr'>baptimo</span> <span class='ocrx_word' id='word_1_114' title='bbox 2238 2472 2511 2561; x_wconf 76' lang='lat' dir='ltr'>Sophiae</span> <span class='ocrx_word' id='word_1_115' title='bbox 2553 2490 2785 2546; x_wconf 78' lang='lat' dir='ltr'>nonen</span> <span class='ocrx_word' id='word_1_116' title='bbox 2830 2474 3090 2562; x_wconf 72' lang='lat' dir='ltr'>accipit.</span> 
     </span>
    </p>
   </div>
   <div class='ocr_carea' id='block_1_5' title="bbox 409 2714 3499 4825">
    <p class='ocr_par' dir='ltr' id='par_1_5' title="bbox 409 2714 3499 4825">
     <span class='ocr_line' id='line_1_14' title="bbox 616 2714 3493 2809; baseline 0 -18"><span class='ocrx_word' id='word_1_117' title='bbox 616 2716 979 2791; x_wconf 91' lang='lat' dir='ltr'>Dominico</span> <span class='ocrx_word' id='word_1_118' title='bbox 1040 2715 1317 2806; x_wconf 87' lang='lat' dir='ltr'>Natali,</span> <span class='ocrx_word' id='word_1_119' title='bbox 1383 2715 1822 2789; x_wconf 76' lang='lat' dir='ltr'>wladislaus</span> <span class='ocrx_word' id='word_1_120' title='bbox 1889 2714 2227 2789; x_wconf 88' lang='lat' dir='ltr'>Poloniae</span> <span class='ocrx_word' id='word_1_121' title='bbox 2287 2715 2444 2790; x_wconf 84' lang='lat' dir='ltr'>Rex</span> <span class='ocrx_word' id='word_1_122' title='bbox 2506 2716 2693 2808; x_wconf 87' lang='lat' dir='ltr'>apud</span> <span class='ocrx_word' id='word_1_123' title='bbox 2753 2717 3031 2809; x_wconf 79' lang='lat' dir='ltr'>Trokky</span> <span class='ocrx_word' id='word_1_124' title='bbox 3084 2722 3361 2807; x_wconf 87' lang='lat' dir='ltr'>exacto,</span> <span class='ocrx_word' id='word_1_125' title='bbox 3418 2716 3493 2791; x_wconf 91' lang='lat' dir='ltr'>in</span> 
     </span>
     <span class='ocr_line' id='line_1_15' title="bbox 411 2834 3494 2931; baseline -0.001 -19"><span class='ocrx_word' id='word_1_126' title='bbox 411 2837 724 2931; x_wconf 89' lang='lat' dir='ltr'>Wingri,</span> <span class='ocrx_word' id='word_1_127' title='bbox 788 2836 1195 2910; x_wconf 82' lang='lat' dir='ltr'>venationes</span> <span class='ocrx_word' id='word_1_128' title='bbox 1256 2837 1777 2927; x_wconf 81' lang='lat' dir='ltr'>resumpturus,</span> <span class='ocrx_word' id='word_1_129' title='bbox 1849 2834 2215 2925; x_wconf 91' lang='lat' dir='ltr'>processit.</span> <span class='ocrx_word' id='word_1_130' title='bbox 2281 2834 2685 2907; x_wconf 84' lang='lat' dir='ltr'>Alexander</span> <span class='ocrx_word' id='word_1_131' title='bbox 2744 2838 2978 2908; x_wconf 87' lang='lat' dir='ltr'>autem</span> <span class='ocrx_word' id='word_1_132' title='bbox 3050 2835 3494 2909; x_wconf 82' lang='lat' dir='ltr'>Withawdus</span> 
     </span>
     <span class='ocr_line' id='line_1_16' title="bbox 409 2952 3496 3047; baseline -0 -18"><span class='ocrx_word' id='word_1_133' title='bbox 409 2958 576 3029; x_wconf 83' lang='lat' dir='ltr'>Dux</span> <span class='ocrx_word' id='word_1_134' title='bbox 631 2955 1082 3043; x_wconf 88' lang='lat' dir='ltr'>Lithuaniae‚</span> <span class='ocrx_word' id='word_1_135' title='bbox 1139 2954 1305 3026; x_wconf 92' lang='lat' dir='ltr'>dum</span> <span class='ocrx_word' id='word_1_136' title='bbox 1359 2954 1886 3047; x_wconf 72' lang='lat' dir='ltr'>sigismundum</span> <span class='ocrx_word' id='word_1_137' title='bbox 1939 2953 2411 3026; x_wconf 88' lang='lat' dir='ltr'>Romanorum</span> <span class='ocrx_word' id='word_1_138' title='bbox 2465 2957 2537 3026; x_wconf 92' lang='lat' dir='ltr'>et</span> <span class='ocrx_word' id='word_1_139' title='bbox 2588 2953 2995 3046; x_wconf 87' lang='lat' dir='ltr'>Hungariae</span> <span class='ocrx_word' id='word_1_140' title='bbox 3054 2952 3320 3045; x_wconf 80' lang='lat' dir='ltr'>Regem</span> <span class='ocrx_word' id='word_1_141' title='bbox 3372 2976 3496 3047; x_wconf 88' lang='lat' dir='ltr'>per</span> 
     </span>
     <span class='ocr_line' id='line_1_17' title="bbox 411 3069 3491 3166; baseline -0.001 -18"><span class='ocrx_word' id='word_1_142' title='bbox 411 3076 757 3148; x_wconf 84' lang='lat' dir='ltr'>Bohemos</span> <span class='ocrx_word' id='word_1_143' title='bbox 811 3078 882 3147; x_wconf 91' lang='lat' dir='ltr'>et</span> <span class='ocrx_word' id='word_1_144' title='bbox 933 3073 1318 3166; x_wconf 88' lang='lat' dir='ltr'>Pragenses</span> <span class='ocrx_word' id='word_1_145' title='bbox 1372 3072 1685 3146; x_wconf 88' lang='lat' dir='ltr'>audisset</span> <span class='ocrx_word' id='word_1_146' title='bbox 1736 3072 2134 3146; x_wconf 87' lang='lat' dir='ltr'>conflictum</span> <span class='ocrx_word' id='word_1_147' title='bbox 2165 3069 2230 3160; x_wconf 73' lang='lat'>³)</span> <span class='ocrx_word' id='word_1_148' title='bbox 2284 3076 2358 3145; x_wconf 91' lang='lat' dir='ltr'>et</span> <span class='ocrx_word' id='word_1_149' title='bbox 2408 3072 2817 3145; x_wconf 83' lang='lat' dir='ltr'>Zawissium</span> <span class='ocrx_word' id='word_1_150' title='bbox 2869 3072 3149 3166; x_wconf 89' lang='lat' dir='ltr'>nigrum</span> <span class='ocrx_word' id='word_1_151' title='bbox 3187 3073 3271 3145; x_wconf 92' lang='lat' dir='ltr'>de</span> <span class='ocrx_word' id='word_1_152' title='bbox 3319 3072 3491 3148; x_wconf 78' lang='lat' dir='ltr'>Gar-</span> 
     </span>
     <span class='ocr_line' id='line_1_18' title="bbox 413 3190 3496 3285; baseline 0 -20"><span class='ocrx_word' id='word_1_153' title='bbox 413 3193 564 3265; x_wconf 85' lang='lat' dir='ltr'>bow</span> <span class='ocrx_word' id='word_1_154' title='bbox 617 3192 915 3265; x_wconf 89' lang='lat' dir='ltr'>militem</span> <span class='ocrx_word' id='word_1_155' title='bbox 944 3190 1032 3280; x_wconf 84' lang='lat'>⁴),</span> <span class='ocrx_word' id='word_1_156' title='bbox 1091 3190 1214 3282; x_wconf 87' lang='lat' dir='ltr'>qui</span> <span class='ocrx_word' id='word_1_157' title='bbox 1255 3212 1383 3283; x_wconf 91' lang='lat' dir='ltr'>pro</span> <span class='ocrx_word' id='word_1_158' title='bbox 1420 3191 1958 3264; x_wconf 86' lang='lat' dir='ltr'>consummando</span> <span class='ocrx_word' id='word_1_159' title='bbox 2011 3191 2197 3263; x_wconf 91' lang='lat' dir='ltr'>inter</span> <span class='ocrx_word' id='word_1_160' title='bbox 2261 3190 2730 3264; x_wconf 86' lang='lat' dir='ltr'>Wladislaum</span> <span class='ocrx_word' id='word_1_161' title='bbox 2781 3191 3047 3285; x_wconf 86' lang='lat' dir='ltr'>Regem</span> <span class='ocrx_word' id='word_1_162' title='bbox 3101 3196 3173 3265; x_wconf 89' lang='lat' dir='ltr'>et</span> <span class='ocrx_word' id='word_1_163' title='bbox 3221 3190 3496 3265; x_wconf 81' lang='lat' dir='ltr'>Offkam</span> 
     </span>
     <span class='ocr_line' id='line_1_19' title="bbox 413 3307 3493 3402; baseline 0.001 -21"><span class='ocrx_word' id='word_1_164' title='bbox 413 3309 788 3383; x_wconf 87' lang='lat' dir='ltr'>Bohemiae</span> <span class='ocrx_word' id='word_1_165' title='bbox 839 3307 1180 3401; x_wconf 83' lang='lat' dir='ltr'>Reginam</span> <span class='ocrx_word' id='word_1_166' title='bbox 1243 3308 1680 3381; x_wconf 87' lang='lat' dir='ltr'>matrimonio</span> <span class='ocrx_word' id='word_1_167' title='bbox 1711 3308 1799 3396; x_wconf 80' lang='lat'>⁵),</span> <span class='ocrx_word' id='word_1_168' title='bbox 1866 3307 1954 3379; x_wconf 88' lang='lat' dir='ltr'>ad</span> <span class='ocrx_word' id='word_1_169' title='bbox 2008 3308 2536 3400; x_wconf 73' lang='lat' dir='ltr'>sigismundum</span> <span class='ocrx_word' id='word_1_170' title='bbox 2594 3309 2857 3402; x_wconf 87' lang='lat' dir='ltr'>Regem</span> <span class='ocrx_word' id='word_1_171' title='bbox 2921 3310 3180 3383; x_wconf 87' lang='lat' dir='ltr'>missus</span> <span class='ocrx_word' id='word_1_172' title='bbox 3244 3312 3493 3399; x_wconf 85' lang='lat' dir='ltr'>fuerat,</span> 
     </span>
     <span class='ocr_line' id='line_1_20' title="bbox 413 3427 3492 3522; baseline 0 -21"><span class='ocrx_word' id='word_1_173' title='bbox 413 3431 726 3520; x_wconf 86' lang='lat' dir='ltr'>captum:</span> <span class='ocrx_word' id='word_1_174' title='bbox 785 3427 1168 3519; x_wconf 86' lang='lat' dir='ltr'>plurimum</span> <span class='ocrx_word' id='word_1_175' title='bbox 1222 3448 1390 3500; x_wconf 88' lang='lat' dir='ltr'>casu</span> <span class='ocrx_word' id='word_1_176' title='bbox 1442 3430 1738 3519; x_wconf 87' lang='lat' dir='ltr'>utroque</span> <span class='ocrx_word' id='word_1_177' title='bbox 1793 3427 2098 3499; x_wconf 84' lang='lat' dir='ltr'>laetatus</span> <span class='ocrx_word' id='word_1_178' title='bbox 2155 3431 2287 3501; x_wconf 88' lang='lat' dir='ltr'>est.</span> <span class='ocrx_word' id='word_1_179' title='bbox 2343 3427 2705 3519; x_wconf 87' lang='lat' dir='ltr'>Temporis</span> <span class='ocrx_word' id='word_1_180' title='bbox 2759 3448 3034 3521; x_wconf 87' lang='lat' dir='ltr'>quoque</span> <span class='ocrx_word' id='word_1_181' title='bbox 3086 3429 3492 3522; x_wconf 88' lang='lat' dir='ltr'>opportuni-</span> 
     </span>
     <span class='ocr_line' id='line_1_21' title="bbox 412 3545 3491 3640; baseline 0 -21"><span class='ocrx_word' id='word_1_182' title='bbox 412 3551 631 3620; x_wconf 85' lang='lat' dir='ltr'>tatem</span> <span class='ocrx_word' id='word_1_183' title='bbox 683 3550 932 3619; x_wconf 85' lang='lat' dir='ltr'>nactus</span> <span class='ocrx_word' id='word_1_184' title='bbox 947 3602 964 3635; x_wconf 89' lang='lat'><strong>,</strong></span> <span class='ocrx_word' id='word_1_185' title='bbox 1012 3545 1482 3619; x_wconf 87' lang='lat' dir='ltr'>Wladislaum</span> <span class='ocrx_word' id='word_1_186' title='bbox 1517 3546 1851 3619; x_wconf 92' lang='lat' dir='ltr'>Poloniae</span> <span class='ocrx_word' id='word_1_187' title='bbox 1901 3546 2164 3637; x_wconf 81' lang='lat' dir='ltr'>Regem</span> <span class='ocrx_word' id='word_1_188' title='bbox 2201 3546 2527 3639; x_wconf 88' lang='lat' dir='ltr'>precibus</span> <span class='ocrx_word' id='word_1_189' title='bbox 2541 3603 2558 3636; x_wconf 89' lang='lat'><strong>,</strong></span> <span class='ocrx_word' id='word_1_190' title='bbox 2600 3546 2915 3620; x_wconf 84' lang='lat' dir='ltr'>consiliis</span> <span class='ocrx_word' id='word_1_191' title='bbox 2931 3603 2949 3635; x_wconf 82' lang='lat'>‚</span> <span class='ocrx_word' id='word_1_192' title='bbox 2990 3547 3191 3620; x_wconf 89' lang='lat' dir='ltr'>donis</span> <span class='ocrx_word' id='word_1_193' title='bbox 3230 3552 3301 3623; x_wconf 93' lang='lat' dir='ltr'>et</span> <span class='ocrx_word' id='word_1_194' title='bbox 3335 3568 3491 3640; x_wconf 89' lang='lat' dir='ltr'>pro·</span> 
     </span>
     <span class='ocr_line' id='line_1_22' title="bbox 416 3662 3493 3757; baseline 0.001 -20"><span class='ocrx_word' id='word_1_195' title='bbox 416 3666 654 3737; x_wconf 87' lang='lat' dir='ltr'>missis</span> <span class='ocrx_word' id='word_1_196' title='bbox 709 3664 1023 3737; x_wconf 88' lang='lat' dir='ltr'>solicitat</span> <span class='ocrx_word' id='word_1_197' title='bbox 1075 3669 1147 3737; x_wconf 92' lang='lat' dir='ltr'>et</span> <span class='ocrx_word' id='word_1_198' title='bbox 1197 3664 1478 3737; x_wconf 86' lang='lat' dir='ltr'>tandem</span> <span class='ocrx_word' id='word_1_199' title='bbox 1529 3662 1906 3756; x_wconf 83' lang='lat' dir='ltr'>pervincit,</span> <span class='ocrx_word' id='word_1_200' title='bbox 1972 3668 2054 3736; x_wconf 93' lang='lat' dir='ltr'>ut</span> <span class='ocrx_word' id='word_1_201' title='bbox 2108 3685 2233 3756; x_wconf 89' lang='lat' dir='ltr'>spe</span> <span class='ocrx_word' id='word_1_202' title='bbox 2286 3665 2371 3737; x_wconf 90' lang='lat' dir='ltr'>de</span> <span class='ocrx_word' id='word_1_203' title='bbox 2424 3666 2889 3739; x_wconf 90' lang='lat' dir='ltr'>contrahendo</span> <span class='ocrx_word' id='word_1_204' title='bbox 2955 3666 3395 3739; x_wconf 88' lang='lat' dir='ltr'>matrimonio</span> <span class='ocrx_word' id='word_1_205' title='bbox 3428 3668 3493 3757; x_wconf 71' lang='grc' dir='ltr'>θ)</span> 
     </span>
     <span class='ocr_line' id='line_1_23' title="bbox 416 3782 3495 3877; baseline 0.001 -21"><span class='ocrx_word' id='word_1_206' title='bbox 416 3804 574 3856; x_wconf 88' lang='lat' dir='ltr'>cum</span> <span class='ocrx_word' id='word_1_207' title='bbox 609 3782 812 3857; x_wconf 81' lang='lat' dir='ltr'>offka</span> <span class='ocrx_word' id='word_1_208' title='bbox 847 3782 1224 3861; x_wconf 85' lang='lat' dir='ltr'>Bohemiae</span> <span class='ocrx_word' id='word_1_209' title='bbox 1260 3782 1534 3875; x_wconf 84' lang='lat' dir='ltr'>Regina</span> <span class='ocrx_word' id='word_1_210' title='bbox 1569 3782 1858 3870; x_wconf 88' lang='lat' dir='ltr'>omissa,</span> <span class='ocrx_word' id='word_1_211' title='bbox 1900 3782 2270 3855; x_wconf 87' lang='lat' dir='ltr'>Ducissam</span> <span class='ocrx_word' id='word_1_212' title='bbox 2316 3782 2666 3857; x_wconf 80' lang='lat' dir='ltr'>Szonkam</span> <span class='ocrx_word' id='word_1_213' title='bbox 2698 3783 2760 3873; x_wconf 81' lang='grc'>7)</span> <span class='ocrx_word' id='word_1_214' title='bbox 2800 3784 3176 3877; x_wconf 79' lang='lat' dir='ltr'>virginem,</span> <span class='ocrx_word' id='word_1_215' title='bbox 3216 3788 3495 3877; x_wconf 86' lang='lat' dir='ltr'>neptem</span> 
     </span>
     <span class='ocr_line' id='line_1_24' title="bbox 419 3900 3493 3995; baseline 0 -21"><span class='ocrx_word' id='word_1_216' title='bbox 419 3924 646 3990; x_wconf 82' lang='lat' dir='ltr'>suam,</span> <span class='ocrx_word' id='word_1_217' title='bbox 701 3902 778 3974; x_wconf 90' lang='lat' dir='ltr'>in</span> <span class='ocrx_word' id='word_1_218' title='bbox 829 3900 1196 3994; x_wconf 88' lang='lat' dir='ltr'>coniugem</span> <span class='ocrx_word' id='word_1_219' title='bbox 1249 3900 1568 3992; x_wconf 87' lang='lat' dir='ltr'>accipiat.</span> <span class='ocrx_word' id='word_1_220' title='bbox 1623 3901 1719 3973; x_wconf 87' lang='lat' dir='ltr'>Et</span> <span class='ocrx_word' id='word_1_221' title='bbox 1769 3900 1940 3973; x_wconf 90' lang='lat' dir='ltr'>licet</span> <span class='ocrx_word' id='word_1_222' title='bbox 1991 3905 2136 3973; x_wconf 88' lang='lat' dir='ltr'>tam</span> <span class='ocrx_word' id='word_1_223' title='bbox 2192 3901 2539 3994; x_wconf 88' lang='lat' dir='ltr'>Sbigneus</span> <span class='ocrx_word' id='word_1_224' title='bbox 2574 3902 2658 3976; x_wconf 92' lang='lat' dir='ltr'>de</span> <span class='ocrx_word' id='word_1_225' title='bbox 2696 3902 3149 3976; x_wconf 81' lang='lat' dir='ltr'>Oleschnicza</span> <span class='ocrx_word' id='word_1_226' title='bbox 3194 3900 3493 3995; x_wconf 85' lang='lat' dir='ltr'>Praepo-</span> 
     </span>
     <span class='ocr_line' id='line_1_25' title="bbox 418 4019 3496 4114; baseline 0.001 -21"><span class='ocrx_word' id='word_1_227' title='bbox 418 4020 602 4093; x_wconf 88' lang='lat' dir='ltr'>situs</span> <span class='ocrx_word' id='word_1_228' title='bbox 657 4019 899 4094; x_wconf 87' lang='lat' dir='ltr'>Sancti</span> <span class='ocrx_word' id='word_1_229' title='bbox 951 4020 1300 4109; x_wconf 83' lang='lat' dir='ltr'>Floriani,</span> <span class='ocrx_word' id='word_1_230' title='bbox 1357 4021 1442 4093; x_wconf 87' lang='lat' dir='ltr'>ab</span> <span class='ocrx_word' id='word_1_231' title='bbox 1498 4020 1818 4093; x_wconf 89' lang='lat' dir='ltr'>omnibus</span> <span class='ocrx_word' id='word_1_232' title='bbox 1872 4020 2297 4093; x_wconf 87' lang='lat' dir='ltr'>consiliariis</span> <span class='ocrx_word' id='word_1_233' title='bbox 2350 4021 2689 4095; x_wconf 85' lang='lat' dir='ltr'>Poloniae</span> <span class='ocrx_word' id='word_1_234' title='bbox 2738 4022 2923 4113; x_wconf 90' lang='lat' dir='ltr'>apud</span> <span class='ocrx_word' id='word_1_235' title='bbox 2960 4021 3496 4114; x_wconf 83' lang='lat' dir='ltr'>Nyepolomicze</span> 
     </span>
     <span class='ocr_line' id='line_1_26' title="bbox 418 4138 3494 4231; baseline 0.001 -20"><span class='ocrx_word' id='word_1_236' title='bbox 418 4158 686 4213; x_wconf 89' lang='lat' dir='ltr'>summo</span> <span class='ocrx_word' id='word_1_237' title='bbox 741 4138 978 4212; x_wconf 88' lang='lat' dir='ltr'>studio</span> <span class='ocrx_word' id='word_1_238' title='bbox 1030 4142 1352 4231; x_wconf 88' lang='lat' dir='ltr'>rogatus,</span> <span class='ocrx_word' id='word_1_239' title='bbox 1418 4142 1762 4230; x_wconf 86' lang='lat' dir='ltr'>quatenus</span> <span class='ocrx_word' id='word_1_240' title='bbox 1826 4139 2090 4231; x_wconf 86' lang='lat' dir='ltr'>Regem</span> <span class='ocrx_word' id='word_1_241' title='bbox 2141 4160 2185 4211; x_wconf 90' lang='lat' dir='ltr'>a</span> <span class='ocrx_word' id='word_1_242' title='bbox 2236 4139 2680 4213; x_wconf 88' lang='lat' dir='ltr'>matrimonio</span> <span class='ocrx_word' id='word_1_243' title='bbox 2743 4139 3165 4213; x_wconf 86' lang='lat' dir='ltr'>Lithuanico</span> <span class='ocrx_word' id='word_1_244' title='bbox 3228 4144 3494 4213; x_wconf 86' lang='lat' dir='ltr'>averte-</span> 
     </span>
     <span class='ocr_line' id='line_1_27' title="bbox 416 4257 3497 4350; baseline 0 -19"><span class='ocrx_word' id='word_1_245' title='bbox 416 4263 556 4345; x_wconf 87' lang='lat' dir='ltr'>ret,</span> <span class='ocrx_word' id='word_1_246' title='bbox 623 4278 710 4330; x_wconf 91' lang='lat' dir='ltr'>ne</span> <span class='ocrx_word' id='word_1_247' title='bbox 769 4257 970 4331; x_wconf 85' lang='lat' dir='ltr'>illius</span> <span class='ocrx_word' id='word_1_248' title='bbox 1034 4262 1396 4331; x_wconf 85' lang='lat' dir='ltr'>contractu</span> <span class='ocrx_word' id='word_1_249' title='bbox 1455 4258 1796 4330; x_wconf 87' lang='lat' dir='ltr'>maximos</span> <span class='ocrx_word' id='word_1_250' title='bbox 1857 4260 2211 4349; x_wconf 87' lang='lat' dir='ltr'>profectus</span> <span class='ocrx_word' id='word_1_251' title='bbox 2228 4313 2246 4346; x_wconf 88' lang='lat'>‚</span> <span class='ocrx_word' id='word_1_252' title='bbox 2312 4258 2815 4350; x_wconf 88' lang='lat' dir='ltr'>amplitudines</span> <span class='ocrx_word' id='word_1_253' title='bbox 2880 4264 2950 4333; x_wconf 91' lang='lat' dir='ltr'>et</span> <span class='ocrx_word' id='word_1_254' title='bbox 3016 4259 3372 4331; x_wconf 89' lang='lat' dir='ltr'>commoda</span> <span class='ocrx_word' id='word_1_255' title='bbox 3422 4259 3497 4331; x_wconf 91' lang='lat' dir='ltr'>in</span> 
     </span>
     <span class='ocr_line' id='line_1_28' title="bbox 417 4375 3496 4469; baseline 0 -21"><span class='ocrx_word' id='word_1_256' title='bbox 417 4376 750 4449; x_wconf 87' lang='lat' dir='ltr'>Poloniae</span> <span class='ocrx_word' id='word_1_257' title='bbox 800 4377 1122 4469; x_wconf 90' lang='lat' dir='ltr'>Regnum</span> <span class='ocrx_word' id='word_1_258' title='bbox 1137 4432 1155 4465; x_wconf 90' lang='lat'>‚</span> <span class='ocrx_word' id='word_1_259' title='bbox 1209 4398 1334 4468; x_wconf 86' lang='lat' dir='ltr'>per</span> <span class='ocrx_word' id='word_1_260' title='bbox 1387 4376 1864 4450; x_wconf 86' lang='lat' dir='ltr'>Slesianarum</span> <span class='ocrx_word' id='word_1_261' title='bbox 1892 4375 1956 4466; x_wconf 80' lang='grc'>8)</span> <span class='ocrx_word' id='word_1_262' title='bbox 2011 4380 2357 4449; x_wconf 88' lang='lat' dir='ltr'>terrarum</span> <span class='ocrx_word' id='word_1_263' title='bbox 2410 4376 2938 4468; x_wconf 73' lang='lat' dir='ltr'>inscriptionem</span> <span class='ocrx_word' id='word_1_264' title='bbox 2953 4434 2970 4466; x_wconf 93' lang='lat'><strong>,</strong></span> <span class='ocrx_word' id='word_1_265' title='bbox 3018 4398 3107 4450; x_wconf 83' lang='lat' dir='ltr'>ex</span> <span class='ocrx_word' id='word_1_266' title='bbox 3142 4377 3415 4451; x_wconf 89' lang='lat' dir='ltr'>matrim</span> <span class='ocrx_word' id='word_1_267' title='bbox 3425 4400 3496 4449; x_wconf 91' lang='lat' dir='ltr'>o-</span> 
     </span>
     <span class='ocr_line' id='line_1_29' title="bbox 417 4494 3495 4589; baseline 0 -22"><span class='ocrx_word' id='word_1_268' title='bbox 417 4495 533 4567; x_wconf 86' lang='lat' dir='ltr'>nio</span> <span class='ocrx_word' id='word_1_269' title='bbox 561 4516 718 4568; x_wconf 90' lang='lat' dir='ltr'>cum</span> <span class='ocrx_word' id='word_1_270' title='bbox 749 4494 948 4568; x_wconf 84' lang='lat' dir='ltr'>Offka</span> <span class='ocrx_word' id='word_1_271' title='bbox 974 4496 1349 4569; x_wconf 88' lang='lat' dir='ltr'>Bohemiae</span> <span class='ocrx_word' id='word_1_272' title='bbox 1375 4496 1646 4589; x_wconf 87' lang='lat' dir='ltr'>Regina</span> <span class='ocrx_word' id='word_1_273' title='bbox 1673 4496 2213 4568; x_wconf 88' lang='lat' dir='ltr'>consummando</span> <span class='ocrx_word' id='word_1_274' title='bbox 2242 4496 2646 4569; x_wconf 88' lang='lat' dir='ltr'>defluxuros</span> <span class='ocrx_word' id='word_1_275' title='bbox 2691 4496 3124 4587; x_wconf 86' lang='lat' dir='ltr'>contingeret</span> <span class='ocrx_word' id='word_1_276' title='bbox 3160 4495 3495 4583; x_wconf 84' lang='lat' dir='ltr'>rescindi3</span> 
     </span>
     <span class='ocr_line' id='line_1_30' title="bbox 419 4613 3499 4706; baseline 0 -22"><span class='ocrx_word' id='word_1_277' title='bbox 419 4633 627 4705; x_wconf 90' lang='lat' dir='ltr'>quam</span> <span class='ocrx_word' id='word_1_278' title='bbox 690 4634 928 4687; x_wconf 91' lang='lat' dir='ltr'>omnes</span> <span class='ocrx_word' id='word_1_279' title='bbox 990 4613 1118 4687; x_wconf 89' lang='lat' dir='ltr'>alii</span> <span class='ocrx_word' id='word_1_280' title='bbox 1178 4614 1512 4687; x_wconf 85' lang='lat' dir='ltr'>Poloniae</span> <span class='ocrx_word' id='word_1_281' title='bbox 1570 4615 1867 4687; x_wconf 90' lang='lat' dir='ltr'>barones</span> <span class='ocrx_word' id='word_1_282' title='bbox 1931 4618 2002 4686; x_wconf 90' lang='lat' dir='ltr'>et</span> <span class='ocrx_word' id='word_1_283' title='bbox 2065 4614 2329 4687; x_wconf 90' lang='lat' dir='ltr'>milites</span> <span class='ocrx_word' id='word_1_284' title='bbox 2394 4634 2550 4687; x_wconf 90' lang='lat' dir='ltr'>cum</span> <span class='ocrx_word' id='word_1_285' title='bbox 2614 4614 3009 4687; x_wconf 87' lang='lat' dir='ltr'>Wladislao</span> <span class='ocrx_word' id='word_1_286' title='bbox 3062 4613 3255 4705; x_wconf 86' lang='lat' dir='ltr'>Rege</span> <span class='ocrx_word' id='word_1_287' title='bbox 3312 4614 3499 4706; x_wconf 89' lang='lat' dir='ltr'>apud</span> 
     </span>
     <span class='ocr_line' id='line_1_31' title="bbox 418 4731 3492 4825; baseline 0 -22"><span class='ocrx_word' id='word_1_288' title='bbox 418 4732 870 4804; x_wconf 89' lang='lat' dir='ltr'>Lithuaniam</span> <span class='ocrx_word' id='word_1_289' title='bbox 891 4736 1316 4823; x_wconf 82' lang='lat' dir='ltr'>praesentes,</span> <span class='ocrx_word' id='word_1_290' title='bbox 1347 4731 1564 4807; x_wconf 77' lang='lat' dir='ltr'>variis</span> <span class='ocrx_word' id='word_1_291' title='bbox 1591 4732 2186 4824; x_wconf 78' lang='lat' dir='ltr'>persuasionibu8‚</span> <span class='ocrx_word' id='word_1_292' title='bbox 2218 4732 2851 4825; x_wconf 76' lang='lat' dir='ltr'>supplicationibus</span> <span class='ocrx_word' id='word_1_293' title='bbox 2872 4738 2942 4807; x_wconf 94' lang='lat' dir='ltr'>et</span> <span class='ocrx_word' id='word_1_294' title='bbox 2962 4732 3267 4825; x_wconf 88' lang='lat' dir='ltr'>ingeniis</span> <span class='ocrx_word' id='word_1_295' title='bbox 3296 4732 3492 4804; x_wconf 88' lang='lat' dir='ltr'>Wla·</span> 
     </span>
    </p>
   </div>
   <div class='ocr_carea' id='block_1_6' title="bbox 420 4850 3653 4943">
    <p class='ocr_par' dir='ltr' id='par_1_6' title="bbox 420 4850 3653 4943">
     <span class='ocr_line' id='line_1_32' title="bbox 420 4850 3653 4943; baseline 0 -20"><span class='ocrx_word' id='word_1_296' title='bbox 420 4850 722 4923; x_wconf 89' lang='lat' dir='ltr'>dislaum</span> <span class='ocrx_word' id='word_1_297' title='bbox 774 4851 1036 4942; x_wconf 88' lang='lat' dir='ltr'>Regem</span> <span class='ocrx_word' id='word_1_298' title='bbox 1081 4873 1122 4923; x_wconf 90' lang='lat' dir='ltr'>a</span> <span class='ocrx_word' id='word_1_299' title='bbox 1155 4852 1575 4924; x_wconf 88' lang='lat' dir='ltr'>Lithuanico</span> <span class='ocrx_word' id='word_1_300' title='bbox 1629 4851 2068 4923; x_wconf 89' lang='lat' dir='ltr'>matrimonio</span> <span class='ocrx_word' id='word_1_301' title='bbox 2121 4856 2649 4943; x_wconf 80' lang='lat' dir='ltr'>perseveranter</span> <span class='ocrx_word' id='word_1_302' title='bbox 2702 4854 3129 4926; x_wconf 82' lang='lat' dir='ltr'>averterent:</span> <span class='ocrx_word' id='word_1_303' title='bbox 3185 4850 3497 4923; x_wconf 90' lang='lat' dir='ltr'>omnium</span> <span class='ocrx_word' id='word_1_304' title='bbox 3650 4921 3653 4923; x_wconf 73' lang='grc'>,</span> 
     </span>
    </p>
   </div>
   <div class='ocr_carea' id='block_1_7' title="bbox 419 4966 3494 5058">
    <p class='ocr_par' dir='ltr' id='par_1_7' title="bbox 419 4966 3494 5058">
     <span class='ocr_line' id='line_1_33' title="bbox 419 4966 3494 5058; baseline -0 -17"><span class='ocrx_word' id='word_1_305' title='bbox 419 4972 653 5042; x_wconf 87' lang='lat' dir='ltr'>tamen</span> <span class='ocrx_word' id='word_1_306' title='bbox 707 4972 998 5042; x_wconf 90' lang='lat' dir='ltr'>conatus</span> <span class='ocrx_word' id='word_1_307' title='bbox 1051 4973 1122 5042; x_wconf 90' lang='lat' dir='ltr'>et</span> <span class='ocrx_word' id='word_1_308' title='bbox 1174 4970 1412 5044; x_wconf 88' lang='lat' dir='ltr'>studia</span> <span class='ocrx_word' id='word_1_309' title='bbox 1464 4970 1864 5043; x_wconf 85' lang='lat' dir='ltr'>Alexander</span> <span class='ocrx_word' id='word_1_310' title='bbox 1917 4969 2361 5043; x_wconf 82' lang='lat' dir='ltr'>Withawdus</span> <span class='ocrx_word' id='word_1_311' title='bbox 2396 4970 2791 5044; x_wconf 80' lang='lat' dir='ltr'>dissolvens</span> <span class='ocrx_word' id='word_1_312' title='bbox 2836 4974 2907 5043; x_wconf 92' lang='lat' dir='ltr'>et</span> <span class='ocrx_word' id='word_1_313' title='bbox 2942 4968 3241 5058; x_wconf 76' lang='lat' dir='ltr'>elidenS,</span> <span class='ocrx_word' id='word_1_314' title='bbox 3298 4966 3494 5041; x_wconf 89' lang='lat' dir='ltr'>Wla-</span> 
     </span>
    </p>
   </div>
   <div class='ocr_carea' id='block_1_8' title="bbox 421 5250 3503 5541">
    <p class='ocr_par' dir='ltr' id='par_1_8' title="bbox 421 5250 3503 5541">
     <span class='ocr_line' id='line_1_34' title="bbox 633 5250 3497 5340; baseline -0.001 -21"><span class='ocrx_word' id='word_1_315' title='bbox 633 5256 682 5333; x_wconf 85' lang='lat'>¹)</span> <span class='ocrx_word' id='word_1_316' title='bbox 725 5259 1148 5335; x_wconf 82' lang='lat' dir='ltr'>reputabantur</span> <span class='ocrx_word' id='word_1_317' title='bbox 1191 5254 1318 5319; x_wconf 79' lang='lat' dir='ltr'>Ed.</span> <span class='ocrx_word' id='word_1_318' title='bbox 1365 5253 1547 5340; x_wconf 78' lang='lat' dir='ltr'>Lips.</span> <span class='ocrx_word' id='word_1_319' title='bbox 1598 5255 1653 5335; x_wconf 78' lang='lat'>²)</span> <span class='ocrx_word' id='word_1_320' title='bbox 1698 5262 1758 5317; x_wconf 87' lang='lat' dir='ltr'>et</span> <span class='ocrx_word' id='word_1_321' title='bbox 1799 5258 1916 5334; x_wconf 89' lang='lat' dir='ltr'>piis</span> <span class='ocrx_word' id='word_1_322' title='bbox 1963 5250 2118 5319; x_wconf 76' lang='lat' dir='ltr'>cod.</span> <span class='ocrx_word' id='word_1_323' title='bbox 2165 5252 2358 5318; x_wconf 76' lang='lat' dir='ltr'>Rozr.</span> <span class='ocrx_word' id='word_1_324' title='bbox 2407 5254 2462 5335; x_wconf 82' lang='lat'>³)</span> <span class='ocrx_word' id='word_1_325' title='bbox 2490 5256 2865 5333; x_wconf 73' lang='lat' dir='ltr'>profligatum</span> <span class='ocrx_word' id='word_1_326' title='bbox 2898 5250 3049 5318; x_wconf 79' lang='lat' dir='ltr'>cod.</span> <span class='ocrx_word' id='word_1_327' title='bbox 3082 5252 3275 5317; x_wconf 81' lang='lat' dir='ltr'>Rozr.</span> <span class='ocrx_word' id='word_1_328' title='bbox 3309 5253 3362 5332; x_wconf 86' lang='lat'>⁴)</span> <span class='ocrx_word' id='word_1_329' title='bbox 3393 5256 3497 5317; x_wconf 90' lang='lat' dir='ltr'>mi-</span> 
     </span>
     <span class='ocr_line' id='line_1_35' title="bbox 421 5353 3503 5439; baseline -0 -19"><span class='ocrx_word' id='word_1_330' title='bbox 421 5361 582 5421; x_wconf 87' lang='lat' dir='ltr'>litem</span> <span class='ocrx_word' id='word_1_331' title='bbox 624 5360 912 5420; x_wconf 88' lang='lat' dir='ltr'>Polonum</span> <span class='ocrx_word' id='word_1_332' title='bbox 959 5354 1110 5423; x_wconf 73' lang='lat' dir='ltr'>eod.</span> <span class='ocrx_word' id='word_1_333' title='bbox 1155 5356 1346 5422; x_wconf 81' lang='lat' dir='ltr'>Rozr.</span> <span class='ocrx_word' id='word_1_334' title='bbox 1409 5356 1460 5439; x_wconf 74' lang='lat'>³)</span> <span class='ocrx_word' id='word_1_335' title='bbox 1509 5360 1879 5420; x_wconf 85' lang='lat' dir='ltr'>matrimonio</span> <span class='ocrx_word' id='word_1_336' title='bbox 1923 5356 2095 5421; x_wconf 77' lang='lat' dir='ltr'>deest</span> <span class='ocrx_word' id='word_1_337' title='bbox 2135 5357 2211 5420; x_wconf 78' lang='lat' dir='ltr'>in</span> <span class='ocrx_word' id='word_1_338' title='bbox 2256 5354 2408 5421; x_wconf 81' lang='lat' dir='ltr'>Cod.</span> <span class='ocrx_word' id='word_1_339' title='bbox 2461 5353 2637 5421; x_wconf 76' lang='lat' dir='ltr'>Galo.</span> <span class='ocrx_word' id='word_1_340' title='bbox 2700 5356 2757 5438; x_wconf 79' lang='lat'>⁶)</span> <span class='ocrx_word' id='word_1_341' title='bbox 2800 5358 3169 5419; x_wconf 80' lang='lat' dir='ltr'>matrimonio</span> <span class='ocrx_word' id='word_1_342' title='bbox 3214 5354 3385 5421; x_wconf 71' lang='lat' dir='ltr'>deest</span> <span class='ocrx_word' id='word_1_343' title='bbox 3425 5358 3503 5421; x_wconf 72' lang='lat' dir='ltr'>in</span> 
     </span>
     <span class='ocr_line' id='line_1_36' title="bbox 428 5454 3214 5541; baseline -0.001 -17"><span class='ocrx_word' id='word_1_344' title='bbox 428 5456 577 5525; x_wconf 72' lang='lat' dir='ltr'>Coa.</span> <span class='ocrx_word' id='word_1_345' title='bbox 626 5456 804 5524; x_wconf 84' lang='lat' dir='ltr'>Calv.</span> <span class='ocrx_word' id='word_1_346' title='bbox 853 5458 908 5541; x_wconf 80' lang='lat'>⁷)</span> <span class='ocrx_word' id='word_1_347' title='bbox 952 5461 1230 5522; x_wconf 81' lang='lat' dir='ltr'>Zowkam</span> <span class='ocrx_word' id='word_1_348' title='bbox 1283 5458 1434 5527; x_wconf 75' lang='lat' dir='ltr'>cod.</span> <span class='ocrx_word' id='word_1_349' title='bbox 1479 5458 1657 5524; x_wconf 75' lang='lat' dir='ltr'>Kost.</span> <span class='ocrx_word' id='word_1_350' title='bbox 1702 5460 1962 5522; x_wconf 79' lang='lat' dir='ltr'>Soukam</span> <span class='ocrx_word' id='word_1_351' title='bbox 2009 5456 2162 5524; x_wconf 72' lang='lat' dir='ltr'>cod.</span> <span class='ocrx_word' id='word_1_352' title='bbox 2205 5457 2399 5523; x_wconf 80' lang='lat' dir='ltr'>Rozr.</span> <span class='ocrx_word' id='word_1_353' title='bbox 2450 5458 2505 5541; x_wconf 79' lang='grc'>8)</span> <span class='ocrx_word' id='word_1_354' title='bbox 2550 5460 2776 5521; x_wconf 80' lang='lat' dir='ltr'>Slesiae</span> <span class='ocrx_word' id='word_1_355' title='bbox 2825 5454 2975 5523; x_wconf 72' lang='lat' dir='ltr'>Coa.</span> <span class='ocrx_word' id='word_1_356' title='bbox 3020 5455 3214 5523; x_wconf 76' lang='lat' dir='ltr'>Rozr.</span> 
     </span>
    </p>
   </div>
  </div>
 </body>
</html>
