4342 6384
395 549 530 653 (Α.
569 549 660 625 D.
701 545 957 648 1435.)
1523 570 1750 625 mann
1801 566 2315 625 nuonncnms.
3340 543 3489 617 565

393 762 562 831 runt
615 761 686 832 et
739 778 975 831 omnes
1031 756 1182 831 sine
1217 758 1438 846 bello,
1505 756 1657 831 sine
1717 777 2099 850 congressu
2161 755 2786 848 comprehendunt,
2853 758 2927 826 et
2978 752 3187 827 rebus
3252 771 3487 825 eorum

393 879 718 952 omnibus
772 882 983 970 atque
1037 878 1338 951 fortunis
1392 878 1784 969 potiuntur.
1851 876 2199 952 Occubuit
2250 876 2325 949 in
2377 874 2783 949 huiusmodi
2836 872 3101 966 praelio
3154 870 3491 964 Magister

392 998 732 1072 Livoniae
788 998 1090 1072 Barthor
1144 998 1228 1071 de
1281 999 1384 1070 Lo
1421 998 1500 1088 ¹),
1559 999 1790 1071 Hasso
1844 1018 2117 1091 genere,
2175 998 2344 1071 item
2401 995 2825 1071 'theodricus
2879 995 3046 1068 Groe
3100 992 3489 1066 Marsalcus

393 1117 768 1208 Livoniae,
843 1139 1048 1210 quem
1111 1117 1550 1192 wladislaus
1623 1120 1778 1193 Rex
1851 1118 2084 1193 senior
2153 1118 2357 1192 annis
2430 1118 2703 1210 aliquot
2774 1113 3144 1189 cracoviae
3215 1115 3488 1187 tentum

393 1260 434 1311 a
487 1238 902 1331 captivitate
957 1238 1286 1311 solverat.
1343 1237 1834 1313 occubuerunt
1887 1240 2029 1313 fere
2083 1260 2323 1313 omnes
2358 1237 2697 1313 Livoniae
2734 1235 3337 1310 Commendatores
3356 1288 3375 1321 ,
3415 1235 3487 1304 et

394 1357 732 1432 fortitudo
787 1357 1012 1433 omnis
1049 1356 1538 1432 Livonitarnm
1593 1363 1764 1433 tunc
1797 1361 2112 1452 collapsa
2147 1363 2287 1448 est,
2344 1357 2447 1431 ita
2499 1362 2582 1433 ut
2617 1360 2849 1430 castra
2884 1354 3113 1429 omnia
3148 1351 3489 1427 Limnias

395 1484 630 1553 essent
681 1480 890 1572 longo
943 1483 1255 1571 tempore
1311 1500 1533 1553 vacua
1583 1478 2018 1569 hominibus,
2087 1480 2433 1572 facileque
2486 1478 2643 1571 capi
2696 1482 2767 1551 et
2820 1475 3124 1549 obtineri
3185 1495 3309 1567 per
3360 1474 3483 1545 ho-

394 1603 538 1671 stes
591 1598 1021 1690 potuissent,
1087 1599 1230 1674 nisi
1285 1600 1626 1693 Magister
1677 1600 2012 1674 Prussiae
2076 1622 2292 1673 novas
2345 1603 2591 1693 gentes
2656 1598 2743 1671 ad
2796 1596 2961 1670 illas
3018 1597 3481 1687 surrogasset.

393 1719 622 1791 Multa
676 1718 878 1812 signa
940 1719 1250 1793 hostium
1314 1719 1388 1792 in
1440 1720 1843 1793 huiusmodi
1903 1721 2089 1795 bello
2153 1724 2359 1814 capta
2421 1724 2591 1792 sunt
2654 1723 2724 1791 et
2775 1717 2850 1790 in
2906 1717 3183 1810 signum
3248 1717 3485 1787 tantae

392 1838 732 1913 victoriae
795 1838 871 1912 in
935 1840 1230 1913 ecclesia
1291 1841 1676 1915 cathedrali
1730 1840 2054 1915 Vilnensi
2116 1862 2241 1934 per
2296 1840 2769 1915 wladislaum
2828 1838 3090 1931 Regem
3151 1833 3487 1908 Poloniae

393 1958 468 2031 in
521 1961 850 2033 honorem
889 1960 1133 2034 Sancti
1171 1961 1510 2034 Stanislai
1549 1961 1840 2033 fundata
1884 1966 1955 2035 et
1989 1963 2261 2049 dotata,
2319 1962 2772 2035 collocantur.
2830 1958 3089 2050 Captus
3128 1960 3235 2031 est
3270 1954 3484 2033 etiam

391 2080 470 2153 in
523 2081 760 2155 eodem
814 2080 1142 2153 conflictu
1196 2082 1361 2154 Dux
1399 2081 1895 2174 sigismundus
1932 2082 2293 2157 Koribnth
2344 2080 2593 2155 multis
2646 2079 3056 2153 vulneribus
3102 2078 3482 2164 sauciatus,

393 2200 516 2292 qui
570 2221 728 2273 cum
783 2221 907 2293 per
960 2205 1186 2274 certos
1223 2203 1526 2275 Polonos
1581 2224 1748 2276 suae
1786 2202 1974 2275 vitae
2029 2204 2344 2275 faventes
2399 2205 2690 2294 argutus
2746 2204 2963 2287 esset,
3022 2219 3146 2272 cur
3200 2217 3275 2271 se
3318 2199 3485 2290 fuga

390 2341 534 2392 non
587 2322 964 2409 salvasset,
1028 2321 1476 2413 respondisse
1532 2324 1782 2395 fertur:
1859 2322 2115 2395 vestris
2179 2322 2491 2395 moribus
2545 2322 2825 2407 doctuS,
2890 2318 3077 2393 inter
3130 2340 3255 2391 vos
3320 2338 3480 2391 con-

395 2444 720 2513 versatus
752 2438 838 2530 ²),
895 2444 1130 2514 vestro
1187 2462 1462 2533 quoque
1518 2443 1722 2534 quasi
1775 2443 1959 2516 lacte
2011 2442 2360 2530 nutritus,
2418 2440 2607 2515 vitae
2660 2440 2966 2533 praetuli
3020 2440 3479 2513 honestatem.

391 2559 655 2651 Captus
709 2559 921 2632 etiam
979 2560 1114 2633 fuit
1169 2565 1338 2634 tunc
1392 2561 1676 2654 qnidam
1732 2561 2227 2655 Sigismnndus
2279 2563 2473 2635 Roth
2524 2558 2755 2653 Regni
2798 2557 3133 2633 Poloniae
3188 2578 3483 2651 magnus

389 2684 794 2771 persecutor
847 2684 918 2754 et
969 2680 1228 2769 hostia,
1296 2682 1421 2774 qui
1484 2682 1696 2755 etiam
1761 2682 2276 2756 coronationem
2340 2679 2555 2757 Ducis
2609 2678 2993 2753 Withawdi
3048 2697 3482 2770 summopere

387 2820 841 2893 promovens,
915 2822 1040 2893 per
1101 2801 1484 2877 Iohannem
1545 2803 2047 2894 Czarnkowsky
2102 2808 2351 2896 captus
2382 2800 2469 2891 ³),
2543 2822 2898 2893 nunquam
2964 2821 3039 2874 se
3111 2798 3276 2871 data
3348 2798 3483 2872 fide

387 2921 978 3012 repraesentavit3
1035 2942 1210 3013 quos
1239 2924 1478 2996 ambos
1507 2922 1572 3012 ⁴)
1628 2924 1794 2996 Dux
1830 2924 2128 3017 Magnus
2167 2922 2685 3016 sigismundus,
2744 2920 3232 2995 commissione
3285 2940 3326 2991 a
3360 2920 3480 2992 ba-

388 3038 682 3115 ronibus
737 3042 966 3135 Regni
1016 3042 1354 3115 Poloniae
1408 3048 1723 3137 accepta,
1781 3043 2152 3117 suffocavit
2206 3043 2443 3136 aqum,
2510 3047 2592 3118 ut
2646 3042 2826 3114 alter
2877 3062 3001 3134 pro
3058 3039 3479 3127 temeritate,

393 3182 534 3252 qua
597 3160 673 3235 in
725 3161 1021 3237 dedecus
1093 3167 1166 3236 et
1225 3162 1585 3237 infamiam
1649 3164 1879 3258 Regni
1942 3165 2029 3238 ad
2091 3164 2439 3238 Bohemos
2500 3162 2889 3237 haereticos
2954 3182 3029 3235 se
3082 3159 3481 3253 prohibitus

387 3282 812 3370 contulerat,
869 3282 1052 3355 alter
1086 3305 1210 3376 pro
1249 3284 1626 3359 sceleribus
1665 3289 1735 3359 et
1770 3285 1983 3374 dolis,
2024 3284 2281 3377 quibus
2318 3282 2393 3357 in
2430 3284 2750 3377 Regnum
2788 3282 2898 3355 uti
2934 3280 3191 3355 solitus
3219 3284 3370 3354 erat
3392 3280 3479 3369 5),

388 3402 726 3492 penderet
776 3423 1059 3494 poenas,
1117 3402 1436 3477 Assertio
1492 3403 1702 3476 etiam
1739 3404 1950 3478 habet
1992 3403 2520 3490 nonnullorum,
2578 3402 2763 3495 quod
2802 3390 3295 3495 Sigismundus
3333 3401 3479 3473 Ko-

387 3520 636 3592 ributh
689 3522 854 3593 Dux
917 3544 1056 3596 non
1111 3522 1314 3614 aquis
1379 3524 1796 3616 absumptus
1851 3524 1978 3611 sit,
2048 3523 2171 3596 sed
2223 3523 2409 3596 inter
2460 3522 2757 3614 primam
2812 3520 3274 3607 curationem,
3332 3518 3483 3593 sive

387 3640 463 3713 id
517 3641 925 3735 magnitudo
991 3642 1288 3717 faciebat
1349 3645 1750 3734 vulnerum,
1821 3644 1972 3717 sive
2035 3642 2288 3717 veneni
2350 3642 2729 3735 unguentis
2792 3640 3095 3715 interliti
3158 3640 3480 3729 adiectio,

387 3760 843 3851 expiraverit.
899 3764 1170 3835 Ferunt
1205 3764 1447 3852 etiam,
1487 3765 1671 3856 quod
1710 3764 2207 3857 sigismundus
2244 3765 2541 3857 Magnus
2576 3762 2999 3835 Lithuaniae
3036 3764 3199 3833 Dux
3240 3783 3279 3833 a
3306 3782 3476 3833 non-

387 3880 612 3953 nullis
646 3882 1071 3973 primoribus
1108 3885 1530 3957 Polonorum
1585 3885 2008 3973 admonituS,
2051 3884 2287 3957 saucio
2325 3884 2668 3959 medicum
2715 3882 3142 3970 adhibuerit,
3202 3881 3324 3973 qui
3360 3902 3479 3954 ve·

386 4021 571 4073 nena
625 4002 1038 4076 vulneribus
1095 4009 1426 4097 tanquam
1461 4004 1819 4097 pigmenta
1872 4005 2293 4079 infunderet.
2351 4005 2631 4077 Bellum
2670 4008 2837 4077 tunc
2882 4007 3086 4076 atrox
3140 4024 3296 4075 cum
3335 4023 3478 4074 ma·

383 4141 526 4213 gno
581 4120 875 4195 interitu
927 4123 1237 4197 hostium
1294 4126 1683 4197 confectum
1739 4126 1907 4213 fuit,
1977 4126 2160 4217 quod
2188 4126 2251 4215 ὅ)
2307 4123 2731 4197 Lithuaniae
2784 4123 3089 4197 Ducatui
3144 4122 3483 4196 intestina

385 4244 460 4313 et
511 4239 848 4331 pestifera
910 4244 1106 4316 clade
1171 4244 1552 4330 laboranti,
1620 4246 1920 4319 salntem
1983 4246 2254 4318 attulit.
2326 4245 2437 4317 Ab
2494 4266 2572 4317 eo
2627 4244 2812 4317 enim
2836 4330 2841 4337 .
2868 4250 3175 4336 tempore
3242 4264 3477 4317 omnes

383 4359 715 4433 civitates
789 4367 860 4435 et
923 4368 1150 4435 castra
1213 4363 1515 4437 Russiae
1577 4387 1618 4437 a
1680 4365 1872 4439 Duce
1943 4366 2345 4439 defecerunt
2409 4362 2795 4456 switrigal,
2872 4368 2941 4437 et
3005 4367 3345 4437 venerunt
3407 4361 3478 4434 in

385 4478 860 4553 obedientiam
915 4485 984 4554 et
1039 4483 1541 4556 subiectionem
1596 4484 1810 4557 Ducis
1849 4485 2086 4577 Magni
2123 4484 2583 4577 sigismundi.
2641 4486 2807 4577 Ipse
2861 4488 3095 4557 autem
3133 4485 3296 4556 Dux
3334 4483 3477 4556 Ma-

378 4620 568 4693 gnus
624 4599 1118 4693 sigismundus
1174 4603 1443 4695 accepti
1497 4625 1538 4676 a
1574 4604 1718 4677 Deo
1772 4605 2091 4678 beneficii
2146 4626 2283 4677 non
2321 4604 2703 4694 immemor,
2761 4605 2835 4676 in
2889 4603 3291 4677 certaminis
3330 4603 3479 4677 loco

379 4720 754 4794 ecclesiam
806 4722 1275 4812 parochialem
1323 4724 1720 4796 construxit
1776 4729 1847 4797 et
1881 4725 2078 4797 illam
2117 4725 2331 4799 certis
2366 4725 2569 4799 bonis
2606 4725 2901 4797 dotavit.
2959 4724 3273 4797 Victoria
3310 4724 3479 4797 haec

377 4844 533 4911 tam
586 4840 922 4928 Polonos,
982 4862 1190 4934 quam
1227 4842 1652 4932 Lithuan0S,
1694 4844 1818 4937 qui
1853 4843 1984 4917 illa
2017 4844 2230 4937 potiti
2268 4849 2466 4934 sunt,
2523 4845 2771 4919 multis
2808 4844 3184 4934 thesauriS,
3242 4830 3479 4931 armiS,

377 4957 588 5050 equis
643 4964 712 5034 et
765 4961 1256 5052 pulcherrimis
1311 4963 1648 5039 clenodiis
1705 4964 1870 5039 fecit
1921 4967 2316 5058 opulentos.

599 5250 646 5331 ¹)
691 5253 963 5316 Bartoszi
1007 5256 1083 5317 de
1110 5255 1202 5317 Lo
1250 5251 1402 5320 cod.
1433 5252 1653 5321 Przez.
1700 5256 1994 5338 (Wolther
2023 5258 2098 5319 de
2127 5258 2255 5320 Loo
2266 5258 2340 5338 ?).
2389 5256 2439 5337 ²)
2486 5264 2868 5321 conservatus
2912 5256 3040 5323 Ed.
3066 5257 3248 5342 Lips.
3296 5255 3349 5340 ³)
3384 5278 3479 5321 ca-

371 5360 522 5521 Ῑέῗῗ
555 5352 740 5542 ZZZ?
781 5356 857 5419 in
903 5352 1055 5420 cod.
1091 5352 1268 5421 Calv.
1316 5356 1368 5439 ⁴)
1415 5378 1564 5438 quos
1609 5380 1812 5423 omnes
1841 5361 2046 5425 ambos
2095 5356 2250 5424 Cod.
2286 5356 2464 5424 Calv.
2514 5360 2569 5441 ³)
2614 5364 2843 5425 solebat
2884 5360 3011 5427 Ed.
3046 5359 3226 5447 Lips.
3276 5360 3328 5443 ⁸)
3362 5383 3479 5442 quo
