4342 6384
956 572 1109 645 632
2095 588 2325 641 mmm
2376 584 2889 641 nnomacnms.
3492 561 3632 661 (Α,
3670 562 3756 635 D.
3791 560 3990 660 1440.)

952 776 1228 870 Regina
1280 774 1686 867 Hungariae
1739 778 1962 863 mota,
2019 772 2457 847 Fridericum
2512 771 2847 845 Comitem
2902 768 3123 843 Oiliae
3186 790 3344 842 cum
3397 770 3795 863 quingentis
3841 770 3987 863 equi-

953 898 1180 993 tibus,
1237 900 1320 967 ut
1373 896 1646 968 Budam
1701 899 1990 986 occupet
2020 895 2101 983 ¹),
2159 893 2618 979 transmittit;
2676 892 2799 964 sed
2835 891 2998 963 dum
3038 890 3226 962 haud
3262 892 3470 982 longe
3506 895 3693 964 esset
3743 914 3783 963 a
3814 892 3988 977 Bada,

950 1022 1198 1111 gentes
1264 1014 1645 1089 Wladislai
1716 1016 1935 1107 Regis
2007 1015 2343 1087 Poloniae
2418 1014 2691 1086 Budam
2762 1011 3309 1105 apprehendisse
3380 1011 3812 1103 intelligens,
3874 1032 3989 1083 cum

954 1137 1142 1210 omni
1201 1135 1651 1209 festinatione
1704 1135 2150 1209 in'Comorno
2207 1135 2295 1207 ad
2330 1134 2672 1227 Reginam
2712 1133 3077 1206 Elisabeth
3113 1131 3350 1205 rediit.
3409 1132 3651 1205 Simon
3686 1131 3992 1223 Agriensis

954 1257 1326 1350 episcopus
1387 1255 1712 1347 pluribus
1778 1255 2057 1344 diebus,
2128 1254 2385 1346 quibus
2450 1254 2890 1326 Wladislaus
2956 1254 3112 1325 Rex
3178 1272 3425 1325 versus
3481 1253 3750 1331 Budam
3806 1273 3989 1343 proce--

955 1378 1199 1467 debat,
1254 1376 1769 1469 possessionem
1824 1374 2138 1449 civitatis
2196 1374 2548 1447 Budensis
2605 1373 3075 1447 continuavit:
3135 1373 3265 1445 sub
3319 1394 3455 1464 qno
3511 1376 3839 1464 tempore,
3870 1372 3993 1442 dum

955 1498 1240 1590 quidam
1294 1498 1677 1589 Hungarns
1733 1516 1910 1588 equo
1947 1495 2299 1583 insidenS,
2356 1494 2763 1569 electionem
2805 1492 3183 1566 Wladislai
3237 1493 3310 1565 in
3348 1490 3611 1586 Regem
3650 1491 3993 1585 Hungariae

955 1617 1189 1693 verbis
1255 1616 1601 1690 scabrosis
1676 1615 2080 1707 sugillaret,
2157 1614 2351 1688 illico
2416 1636 2541 1705 per
2604 1613 2986 1687 familiares
3058 1612 3287 1705 ipsius
3362 1613 3670 1686 Simonis
3742 1611 3991 1705 episcopi

957 1737 1328 1832 Agriensis
1383 1730 1957 1830 comprehensim,
2015 1740 2158 1808 tam
2214 1736 2365 1827 ipse
2420 1757 2628 1826 quam
2684 1756 2929 1827 equile,
2988 1734 3099 1806 cui
3140 1733 3521 1823 insidebat,
3576 1733 3825 1824 gladiis
3872 1753 3991 1803 con·

963 1860 1195 1931 fossus
1249 1860 1321 1929 et
1374 1856 1681 1949 partitus
1737 1862 1866 1929 est.

1600 2219 1939 2293 Lauinum
1979 2219 2201 2292 infans
2244 2220 2315 2291 in
2358 2219 2595 2309 negem
2641 2220 3003 2309 Hungariae
3046 2222 3412 2292 coronatur.

1165 2459 1373 2533 Feria
1440 2458 1690 2551 quinta
1760 2461 1923 2531 ante
1990 2459 2245 2531 festum
2318 2460 2768 2531 Pentecosten
2841 2458 3283 2532 Wladislans
3346 2458 3499 2531 Rex
3564 2457 3882 2529 Poloniae
3938 2474 3999 2525 ex

963 2580 1254 2653 Wislow
1312 2580 1507 2653 venit
1563 2579 1635 2652 in
1673 2580 1948 2652 Ozixow
1979 2576 2067 2668 2),
2125 2578 2246 2650 ubi
2300 2600 2426 2671 per
2463 2578 2843 2651 Iohannem
2902 2578 3233 2651 minorem
3286 2578 3371 2650 de
3408 2578 3633 2650 Peren
3690 2585 4002 2666 susceptus

959 2704 1066 2773 est
1120 2706 1190 2773 et
1246 2700 1568 2773 omnibns
1624 2698 2160 2772 administratus
2199 2697 2259 2787 ³)
2315 2698 2755 2771 necessariis
2815 2698 3023 2771 Feria
3061 2702 3259 2771 sexta
3314 2698 3400 2771 ad
3454 2698 3821 2789 prandium
3854 2693 4003 2766 venit·

960 2820 1034 2893 in
1093 2820 1378 2908 Emeth‚
1437 2824 1506 2893 et
1545 2819 1849 2892 Sabbato
1906 2818 1976 2890 in
2016 2818 2268 2913 vigilia
2303 2819 2755 2893 Pentecostes
2795 2820 3083 2912 Agriam
3120 2818 3467 2912 pervenit,
3528 2818 3653 2890 nbi
3694 2839 3813 2910 per
3843 2816 4003 2889 Prae·

957 2940 1146 3011 latos
1202 2943 1275 3012 et
1327 2938 1736 3027 CanoniooS,
1792 2940 2056 3013 clerum
2111 2944 2182 3012 et
2236 2940 2601 3032 populum,
2660 2960 2815 3012 oum
2874 2962 3143 3013 summo
3194 2941 3453 3011 honore
3508 2942 3579 3011 et
3632 2938 3875 3031 gaudio
3918 2956 4003 3007 su·

963 3064 1246 3150 sceptus
1304 3064 1444 3147 est,
1503 3068 1572 3132 et
1625 3059 1775 3132 dies
1804 3059 1867 3148 ⁴)
1924 3060 2378 3133 Pentecostes
2435 3060 2587 3132 illic
2622 3062 2800 3153 egit,
2861 3082 2989 3132 sua
3027 3059 3419 3133 Serenitate
3473 3058 3545 3131 in
3584 3063 3813 3132 castro
3846 3054 4003 3147 Agri-

964 3178 1151 3267 ensi,
1209 3178 1372 3251 aliis
1428 3200 1590 3252 vero
1645 3177 1994 3252 Praelatis
2051 3184 2121 3251 et
2175 3179 2555 3254 baronibus
2609 3181 2682 3254 in
2740 3180 3031 3254 civitate
3086 3202 3213 3253 sua
3264 3179 3574 3271 hospitia
3630 3176 4005 3252 tenentibus.

964 3298 1358 3373 Wladislao
1431 3300 1624 3392 Rege
1688 3299 2021 3374 Poloniae
2094 3300 2168 3372 in
2234 3300 2452 3395 Agria
2515 3306 2796 3393 agente,
2874 3300 3242 3374 Elisabeth
3313 3300 3585 3392 Regina
3658 3294 4009 3390 Hungariae

961 3418 1303 3492 infantem
1359 3440 1562 3493 suum
1599 3418 2010 3494 Ladislanm
2065 3420 2191 3493 vix
2226 3420 2655 3494 trimestrem
2708 3422 2820 3496 die
2858 3419 3219 3496 Dominico
3259 3422 3713 3493 Pentecostes
3766 3419 3837 3491 in
3870 3416 4010 3488 Alba

963 3539 1248 3634 Regali,
1306 3560 1484 3631 quae
1539 3545 1705 3612 tunc
1767 3560 1892 3631 per
1944 3539 2317 3614 Nicolaum
2380 3540 2774 3615 Fristaczki
2805 3540 2870 3629 ὅ)
2933 3542 3017 3613 de
3080 3540 3285 3614 Wlalr
3314 3540 3381 3631 6)
3444 3541 3837 3629 tenebatur,
3895 3554 4011 3610 cum

963 3680 1215 3733 corona
1267 3680 1390 3751 per
1445 3679 1598 3732 eam
1651 3659 2084 3733 clandestine
2140 3681 2229 3732 ex
2285 3659 2745 3753 Wischogrod
2779 3662 2840 3751 7)
2894 3665 3205 3753 recepta,
3259 3680 3383 3753 per
3426 3660 3843 3752 Dionysium
3890 3658 4011 3729 Gar·

964 3780 1268 3853 dinalem
1326 3783 1396 3852 et
1449 3778 2049 3871 archiepiscopum
2108 3780 2692 3873 Strigoniensem,
2750 3781 2824 3853 in
2878 3781 3277 3872 praesentia
3330 3782 3701 3855 Benedicti
3754 3774 4013 3873 episcopi

963 3898 1386 3987 IavriensiS,
1443 3897 1788 3972 Friderici
1825 3900 2116 3973 Comitis
2155 3900 2405 3990 Ciliae,
2462 3901 2741 3974 Nicolai
2778 3902 3207 3990 Fristaczki,
3266 3901 3606 3993 Stephani
3662 3904 3751 3976 de
3778 3902 4015 3990 Rozgon

965 4024 1037 4093 et
1090 4020 1392 4093 Thomae
1446 4020 1530 4093 de
1585 4019 1752 4093 Secz
1782 4018 1846 4110 ⁸)
1920 4022 2237 4094 coronari
2307 4026 2665 4115 procurat,
2732 4026 2803 4095 et
2860 4021 3113 4095 exinde
3181 4021 3255 4093 in
3309 4021 3675 4096 Iavrinum
3693 4080 3711 4111 ,
3778 4020 4015 4093 excluso

967 4138 1350 4212 Benedicto
1417 4139 1740 4233 episcopo
1806 4140 2190 4229 Iavriensi,
2266 4163 2339 4215 se
2399 4143 2686 4234 recepit.
2773 4143 2875 4215 De
2939 4163 3078 4234 qua
3140 4164 3217 4215 re
3277 4164 3417 4215 non
3481 4142 3620 4235 ipsi
3698 4136 4019 4215 Elisabeth

966 4258 1310 4352 Reginae,
1378 4279 1555 4352 quae
1621 4261 1954 4334 maternis
2017 4260 2385 4335 affectibus
2455 4264 2546 4335 ad
2598 4264 2785 4335 hunc
2849 4283 3147 4335 errorem
3172 4268 3361 4335 ‘erat
3412 4262 3785 4355 perducta,
3848 4274 4019 4349 aeque

970 4380 1522 4453 succensendum
1575 4385 1715 4470 est,
1774 4386 2112 4474 qnantum
2167 4383 2519 4456 Praelatis
2576 4391 2646 4455 et
2680 4382 3059 4456 baronibus
3112 4382 3526 4476 praedictiS,
3584 4383 3713 4475 qui
3746 4383 3902 4456 huic
3944 4382 4019 4447 te-

965 4499 1279 4574 meritati
1335 4501 1449 4574 vel
1502 4500 1781 4575 levitati
1837 4508 2357 4576 consenserant.
2414 4502 2715 4576 Novitas
2769 4503 2927 4595 ipsa
2980 4504 3069 4577 ad
3097 4503 3570 4577 Wladislaum
3626 4504 3889 4597 Regem
3918 4498 4021 4570 Po·

964 4620 1199 4694 Ioniae
1250 4620 1326 4693 in
1379 4620 1670 4713 Agriam
1726 4621 1900 4695 feria
1953 4624 2258 4695 secunda
2311 4624 2763 4695 Pentecostes
2815 4624 3089 4715 perlata
3143 4624 3353 4697 celeri
3408 4624 3682 4713 nuntio,
3745 4614 4021 4716 quamvis

967 4740 1222 4815 fuisset
1277 4741 1414 4815 sibi
1468 4747 1541 4816 et
1595 4742 1745 4815 suis
1801 4742 2227 4816 consiliariis
2280 4744 2615 4817 Poloniae
2669 4748 2741 4817 et
2793 4744 3199 4836 Hungariae
3253 4745 3583 4834 molesta,
3638 4765 3785 4816 non
3838 4748 4025 4813 tamen

964 4860 1133 4935 illos
1186 4861 1274 4935 ab
1329 4862 1608 4955 incepto
1662 4864 2020 4937 revocavit
2041 4864 2114 4954 4³)
2168 4864 2455 4954 itinere,
2514 4870 2637 4937 aut
2688 4863 2945 4938 terruit
2996 4866 3379 4959 proposito.

1180 5169 1228 5252 ¹)
1275 5172 1565 5250 arriperet
1635 5168 1786 5235 Cod.
1835 5167 1968 5235 Lis.
2037 5179 2432 5249 praeoccupet
2497 5171 2623 5235 Ed.
2685 5169 2863 5257 Lips.
2942 5171 2996 5253 ²)
3042 5174 3271 5234 Ozizow
3330 5148 3688 5255 Ed.L1·p⁸.
3758 5168 4029 5252 (Szikszojt

969 5272 1025 5355 8)
1070 5276 1346 5352 provisus
1413 5270 1565 5337 Cod.
1611 5273 1788 5339 Kost.
1859 5272 1912 5355 ⁴)
1959 5282 2020 5336 et
2063 5277 2191 5337 dies
2237 5277 2420 5338 festos
2464 5274 2591 5338 Ed.
2646 5273 2825 5359 Lips.
2897 5274 2948 5354 ⁵)
2994 5276 3347 5337 Tristawski
3406 5262 3560 5337 Cod'.
3605 5274 3747 5338 Lis.
3820 5275 3871 5357 ὅ)
3912 5274 4035 5344 mag

968 5374 1124 5441 Cod.
1178 5375 1359 5446 Kone..
1408 5378 1654 5463 (Uilalr).
1733 5376 1782 5463 ²)
1829 5380 2221 5455 Wischegrad
2270 5373 2421 5440 Cod.
2468 5378 2686 5441 Przez.
2758 5376 2815 5463 ⁸)
2863 5380 3007 5441 Szec
3056 5374 3207 5441 Cod.
3256 5376 3473 5441 Przez.
3518 5380 3666 5440 Seez
3712 5376 3843 5441 Ed.
3888 5374 4033 5457 Lips-

966 5476 1024 5564 ’)
1071 5481 1148 5541 ab
1193 5482 1430 5557 incepto
1475 5498 1583 5549 suo
1627 5483 1788 5543 cauit
1828 5478 1958 5544 Ed.
2005 5479 2190 5565 hepo.
