4342 6384
353 528 486 632 (Α.
523 530 617 606 D.
659 524 890 628 1419.)
1512 551 1738 610 mum
1791 555 2251 610 annuemus.
3300 539 3445 612 231

383 853 780 929 madium
822 853 962 927 Rex
1005 853 1074 928 in
1119 853 1448 930 bienniu-
1490 855 1624 928 ioto
1669 873 1812 930 οιι
1855 855 2195 930 cruciferis
2238 855 2528 944 rodere,
2576 859 2934 936 exereitum
2976 859 3046 931 in
3090 858 3415 935 Polo-ian

1764 974 2040 1052 reducit.

557 1223 730 1296 cnm
787 1222 1026 1316 itaque
1081 1223 1154 1296 in
1210 1223 1460 1298 villam
1525 1225 1904 1318 Bandzyno
1945 1225 1998 1314 ¹)
2055 1225 2411 1299 Masoviae
2474 1226 2684 1300 sitam
2739 1225 2812 1299 in
2868 1226 3199 1300 districtu
3264 1228 3451 1300 Zaw-

347 1343 630 1418 krzensi
664 1343 1132 1436 pervenisset,
1191 1345 1412 1418 altero
1449 1344 1564 1418 die
1601 1347 1826 1420 terras
1861 1345 2172 1418 hostium
2207 1343 2269 1435 2)
2326 1346 2815 1438 ingressuruS,
2874 1347 3453 1421 Bartholomaeus

347 1463 915 1557 archiepiscopus
969 1464 1547 1555 Mediolanensis,
1605 1465 1858 1558 Capra,
1899 1487 1979 1539 eo
2019 1467 2205 1558 quod
2242 1487 2367 1560 pro
2405 1465 2671 1560 insigni
2708 1488 2985 1560 capram
3035 1469 3281 1558 ferret,
3332 1490 3451 1562 ap·

346 1587 688 1679 pellatus,
749 1607 837 1660 ex
891 1590 1090 1678 parte
1145 1585 1580 1678 sigismundi
1637 1585 2108 1660 Romanorum
2163 1592 2235 1660 et
2288 1587 2697 1681 Hungariae
2748 1587 2969 1680 Regis
3020 1588 3289 1663 bellum
3344 1589 3450 1662 in-

347 1710 823 1799 terceptums,
881 1705 1191 1780 advenit.
1249 1706 1576 1780 Sentiens
1633 1706 1978 1798 siquidem
2031 1709 2391 1800 praefatus
2446 1707 2943 1802 Sigismundus
2980 1709 3453 1783 Romanorum

347 1833 415 1901 et
477 1826 888 1920 Hungariae
950 1827 1107 1900 Rex
1173 1827 1481 1900 animum
1547 1825 1928 1900 Wladislai
1991 1828 2329 1902 Poloniae
2390 1828 2607 1921 Regis
2672 1829 2757 1902 ab
2814 1828 3260 1921 expeditione
3315 1852 3453 1902 non

347 1970 554 2040 posse
605 1946 876 2036 reduci,
935 1947 1078 2020 alia
1131 1952 1283 2020 arte
1335 1952 1408 2020 et
1463 1946 1778 2041 ingenio,
1833 1947 1998 2020 dum
2053 1947 2545 2041 persuasiones
2608 1948 2959 2022 abiectum
3012 1949 3105 2022 iri
3158 1950 3452 2039 videret,

348 2069 864 2162 expeditionem
934 2067 1350 2160 intercipere
1425 2069 1753 2142 tentavit.
1833 2067 2030 2142 Misit
2103 2068 2447 2162 siquidem
2521 2067 2963 2142 velocissime
3016 2069 3452 2163 praedictum

349 2190 963 2263 Bartholomaeum
1019 2188 1092 2262 in
1145 2188 1542 2278 Prassiam,
1600 2191 1972 2263 consulens
2025 2187 2402 2263 cruciferis
2458 2193 2529 2262 et
2565 2189 2935 2280 mandanS,
2994 2195 3341 2283 quatenus
3379 2191 3453 2264 in

349 2311 616 2402 ipsum,
676 2309 864 2382 omni
918 2330 1175 2401 pavore
1229 2307 1790 2402 circumscripto,
1849 2310 2449 2402 compromittant:
2508 2308 2874 2401 pollicitus
2931 2332 3004 2384 se
3059 2311 3209 2385 illis
3266 2311 3449 2385 iudi-

349 2453 494 2505 cem
549 2437 622 2504 et
677 2429 1162 2504 arbitratorem
1219 2429 1676 2503 favorabilem
1733 2435 2309 2504 monstraturum.
2368 2430 2501 2522 Qui
2550 2430 2701 2503 suis
2738 2432 3043 2523 parendo
3075 2429 3136 2520 ³)
3191 2432 3446 2506 iussio-

349 2551 590 2640 nibus,
657 2551 894 2624 eadem
957 2554 1306 2641 potestate
1368 2549 1946 2643 plenitudineque
2011 2551 2379 2624 verborum
2446 2549 2519 2622 in
2574 2549 2779 2624 illum
2846 2551 3447 2644 compromittunt,

348 2672 816 2746 vastationem
889 2677 1231 2744 terrarum
1306 2692 1622 2759 suarum,
1700 2673 2279 2763 quemadmodum
2332 2670 2603 2760 evenit,
2670 2671 3010 2745 aversuri.
3082 2673 3453 2745 Praefatus

347 2793 588 2884 itaque
645 2791 1225 2864 Bartholomaeus
1279 2790 1880 2884 archiepiscopuS,
1940 2791 2012 2864 in
2049 2791 2421 2864 consilium
2460 2791 2935 2879 introductae,
2978 2791 3250 2885 magnis
3288 2814 3448 2885 pre·

347 2914 580 3002 cibus,
639 2911 1019 2985 maioribus
1075 2910 1412 3003 ingeniis,
1467 2912 1878 3004 deprecatur
1945 2911 2417 2986 Wladislaum
2472 2911 2767 3013 Regem,
2832 2917 3181 3004 quatenus
3245 2912 3451 2986 iuxta

348 3035 460 3107 sui
513 3030 998 3125 compromissi
1053 3032 1376 3120 formam,
1443 3053 1486 3104 a
1537 3033 1724 3106 bello
1781 3054 1856 3105 se
1911 3037 2251 3126 temperet
2280 3033 2343 3121 ⁴)
2399 3037 2469 3105 et
2524 3031 2965 3106 arbitrariam
3030 3033 3451 3107 decisionem

350 3153 788 3247 Sigismundi
841 3153 1312 3226 Romanorum
1369 3157 1438 3226 et
1494 3152 1902 3246 Hungariae
1953 3153 2205 3246 RegiS,
2264 3153 2338 3226 iu
2394 3175 2635 3245 quem,
2694 3153 2987 3228 alteram
3023 3158 3293 3247 partem
3331 3153 3453 3226 diu

346 3277 842 3362 reluctantem,
899 3271 1314 3365 Magistrum
1371 3271 1701 3346 videlicet
1755 3277 1830 3346 et
1883 3271 2211 3346 Ordinem
2266 3273 2775 3347 cruciferorum
2830 3273 3213 3347 deducebat
3266 3295 3450 3347 com-

347 3393 788 3486 promisisse,
847 3397 1192 3484 expectet.
1250 3392 1341 3464 Et
1396 3391 1564 3466 licet
1617 3392 2057 3466 Wladislaus
2095 3393 2429 3466 Poloniae
2466 3393 2624 3466 Rex
2664 3397 2735 3466 et
2772 3393 2997 3466 omnis
3036 3415 3209 3466 suus
3248 3415 3451 3467 exer·

347 3515 564 3602 citus,
625 3511 940 3604 quolibet
993 3511 1488 3602 compromisso
1545 3534 1682 3584 uon
1737 3513 2100 3602 obstante,
2155 3512 2481 3604 precibus
2535 3513 3053 3587 Bartholomaei
3108 3514 3450 3607 archiepi-

347 3635 542 3728 scopi
595 3631 1140 3707 Mediolanensis
1203 3632 1628 3724 repudiatis,
1697 3655 2132 3733 summopere
2198 3653 2521 3726 guerram
2552 3632 2614 3722 5)
2668 3633 2999 3726 prosequi
3052 3639 3448 3726 expeteret:

347 3755 666 3830 consiliis
725 3758 956 3826 tamen
1011 3757 1082 3826 et
1135 3752 1499 3826 instantiis
1555 3753 2076 3846 multiplicibus
2133 3753 2525 3826 Alexandri
2581 3753 2965 3826 Withawdi
3030 3753 3247 3827 Ducis
3302 3754 3447 3827 Ma·

347 3878 466 3970 gni
523 3873 979 3960 Lithuaniae‚
1036 3871 1418 3964 aspirantis
1473 3872 1546 3945 iu
1599 3873 2098 3962 reversionem,
2155 3896 2567 3966 persuasus,
2637 3894 2775 3946 non
2831 3873 2982 3947 sine
3037 3895 3165 3948 sua
3218 3879 3290 3947 et
3344 3879 3447 3946 to-

347 3999 490 4072 tius
547 3993 902 4070 exercitus
957 3993 1068 4067 sui
1136 3993 1384 4085 grandi
1457 4015 1720 4067 nausea
1790 4000 1860 4069 et
1929 3994 2430 4082 amaritudine,
2498 3993 2767 4088 treugis
2840 3993 2911 4066 in
2944 3991 3009 4084 θ)
3082 3993 3445 4067 biennium

355 4117 746 4209 susceptis,
805 4112 1240 4206 Sigismundi
1307 4113 1525 4207 Regis
1571 4114 2213 4205 pronuntiationem
2250 4120 2321 4188 et
2356 4113 2935 4189 arbitramentum
2980 4135 3055 4187 se
3092 4114 3451 4202 astrinxit,

347 4235 720 4311 dummodo
793 4241 1028 4309 tamen
1105 4234 1284 4308 ferre
1355 4233 1536 4306 illud
1607 4233 1792 4307 infra
1832 4235 1894 4324 ⁷)
1980 4255 2311 4328 praesens
2383 4240 2660 4328 tempus
2734 4238 2805 4308 et
2877 4235 3063 4308 diem
3143 4219 3449 4328 Epipha-

344 4360 620 4432 niamm
659 4355 1008 4429 inclusive
1043 4375 1181 4427 non
1219 4354 1566 4448 negligat,
1605 4355 2233 4448 praestolaturum,
2274 4355 2455 4429 alias
2493 4353 2977 4447 compromissi
3014 4355 3447 4443 facultatem,

345 4482 526 4552 festo
583 4475 1019 4569 Epiphaniae
1049 4474 1113 4564 Β)
1171 4479 1558 4564 transacto,
1615 4476 1846 4549 voluit
1901 4497 2054 4550 esse
2106 4477 2395 4569 penitus
2450 4476 2892 4548 annullatam
2932 4479 3004 4548 et
3040 4475 3450 4548 extinctam.

344 4601 482 4673 His
539 4598 784 4672 taliter
836 4595 1278 4688 compositiS,
1345 4595 1784 4669 Wladislaus
1838 4597 2172 4682 Poloniae
2227 4597 2384 4670 Rex
2438 4596 2654 4670 armis
2722 4592 3097 4687 depositis,
3154 4616 3197 4666 a
3248 4615 3449 4686 guer-

345 4741 420 4792 ra
449 4721 542 4809 ⁹),
598 4740 738 4790 non
793 4717 946 4789 sine
1001 4737 1130 4789 sua
1183 4721 1256 4788 et
1311 4715 1532 4789 totius
1587 4717 1940 4790 exercitus
1995 4716 2388 4805 anxietate,
2448 4715 2773 4789 discedit.
2828 4713 3181 4788 Praelatis
3218 4718 3451 4786 autem

347 4847 416 4912 et
470 4839 852 4912 baronibus
904 4835 1237 4910 Poloniae
1275 4857 1431 4909 eum
1471 4837 1554 4909 de
1592 4841 1736 4909 tam
1775 4837 2162 4929 improvido
2204 4836 2698 4929 compromisso
2748 4834 3242 4928 arguentibus,
3298 4834 3452 4926 ipse

347 4981 622 5034 omnem
678 4959 955 5050 culpam
1010 4955 1082 5028 in
1140 4957 1506 5030 Albertum
1562 4957 2116 5049 Iastrzambyecz
2154 4955 2681 5031 cracoviensem
2737 4955 3138 5049 episcopum
3179 4960 3247 5027 et
3285 4974 3445 5027 can-

567 5247 613 5330 ¹)
657 5249 922 5326 Badzino
971 5243 1122 5310 Coa.
1170 5245 1362 5312 Rozr.
1413 5245 1466 5322 ς)
1509 5246 1758 5308 hostiles
1807 5243 1958 5310 cod.
2004 5243 2197 5310 Rozr.
2254 5246 2307 5328 ³)
2354 5253 2631 5325 parentes
2682 5239 2833 5308 Ood.
2878 5240 3070 5310 Rozr.
3134 5241 3189 5322 4)
3235 5249 3454 5322 tempe-

347 5359 508 5414 raret
559 5345 710 5414 cod.
743 5347 934 5414 Rozr.
1001 5350 1055 5426 ⁵)
1103 5351 1320 5411 bellum
1380 5346 1532 5412 eod.
1587 5347 1781 5412 Rozr.
1844 5346 1897 5432 ⁸)
1946 5351 2022 5410 ad
2067 5347 2193 5411 Ed.
2244 5347 2423 5432 Lipe.
2492 5348 2545 5426 ⁷)
2588 5350 2755 5409 iuxta
2796 5343 2923 5410 Ed.
2973 5343 3151 5432 Lips.
3216 5347 3271 5428 ⁸)
3314 5349 3453 5425 Epi-

343 5457 704 5535 phania-um
757 5451 908 5516 0001.
958 5451 1150 5515 Rozr.
1199 5451 1254 5534 ⁹)
1298 5473 1336 5515 a
1379 5455 1537 5515 bello
1586 5448 1738 5517 Cod.
1784 5446 1977 5516 Rozr.
