4342 6384
312 569 447 671 (Α.
478 572 579 647 0.
608 571 873 672 1432.)
1446 594 1675 649 nrm
1722 592 2186 651 monemus,
3247 582 3402 654 469

312 782 459 856 tius
496 782 885 875 digerebat,
926 782 1291 873 providere
1326 788 1399 857 et
1434 784 1705 857 efficere
1742 780 2224 875 quoquomodo
2261 788 2620 877 satagenS,
2667 788 2752 857 ut
2787 785 3136 859 successio
3174 786 3404 881 Regni

312 903 647 977 Poloniae
710 903 785 975 in
847 902 1129 977 natione
1191 902 1645 993 Lithuanica,
1721 906 1793 977 et
1854 902 1929 975 in
1992 902 2262 977 familia
2315 909 2388 977 et
2439 904 2516 976 in
2580 906 2781 978 domo
2845 928 2974 979 sua
3037 906 3406 981 Gedimina

312 1024 860 1099 continuaretur.

376 1382 687 1473 oppidu
731 1382 942 1454 Leton
986 1399 1029 1454 a
1072 1382 1367 1453 menia
1409 1382 1761 1454 haereticis
1805 1386 2248 1472 expugnatum
2295 1376 2663 1473 [manburg
2705 1398 2862 1454 vero
2907 1385 2978 1455 ot
3023 1377 3342 1474 Kromna·

770 1502 1018 1575 matra
1063 1505 1395 1593 oppugnat
1439 1504 1768 1576 donadus
1810 1504 2152 1576 nnthner
2193 1501 2336 1576 Dux
2381 1502 2964 1593 nisuohnieennis.

524 1749 733 1823 Feria
785 1749 997 1823 tertia
1048 1754 1210 1843 post
1244 1752 1678 1839 Palmarum‚
1737 1752 2030 1825 Bohemi
2066 1753 2123 1841 ¹)
2179 1752 2550 1839 Hussitae,
2607 1750 2860 1843 oppido
2899 1750 3138 1823 Loben
3167 1749 3230 1841 2)
3287 1750 3406 1824 ob-

320 1890 512 1941 sesso
576 1875 647 1943 et
709 1876 1141 1965 expugnate,
1208 1872 1507 1945 flammis
1570 1872 1753 1946 illud
1814 1870 2134 1960 tradunt,
2203 1871 2603 1944 substantia
2666 1876 2738 1944 et
2791 1870 3094 1944 fortunis
3148 1869 3412 1943 estium

319 1990 639 2082 direptis,
694 1991 1049 2065 conradus
1103 1994 1476 2066 Kanthner
1528 1994 1690 2065 Dux
1747 1991 2387 2086 Olyesehnicensis,
2447 1994 2669 2065 fretus
2715 1990 3414 2065 Wratislaviensium

320 2107 665 2199 subsidio,
723 2112 1056 2204 oppidum
1110 2109 1519 2207 Kruczborg
1546 2112 1611 2203 ³)
1662 2113 2143 2201 circumsidet3
2200 2113 2322 2186 sed
2374 2111 2702 2205 plurimis
2761 2098 3053 2185 affectus
3106 2130 3231 2203 per
3288 2107 3410 2184 ob-

320 2252 551 2305 sessos
604 2233 908 2321 damnis,
964 2232 1289 2326 pluribus
1345 2234 1430 2308 de
1484 2235 1633 2307 suis
1686 2234 2133 2323 desideratis,
2192 2232 2546 2307 discedere
2600 2232 2906 2325 turpiter
2957 2234 3239 2305 coactus
3275 2234 3411 2304 est.

318 2352 595 2427 Similis
650 2353 921 2426 obsidio
974 2358 1217 2427 contra
1272 2354 1602 2447 oppidum
1657 2354 2011 2447 Nyempcz
2062 2372 2190 2445 per
2239 2349 2535 2427 eundem
2572 2352 2960 2427 conradum
2997 2350 3409 2444 Olyeschni-

319 2491 626 2561 oensem,
683 2472 1117 2546 Ludovicum
1170 2474 1627 2566 Bregensem,
1684 2474 1943 2559 Duces,
2004 2472 2504 2545 adiuvantibus
2541 2492 2661 2545 eos
2699 2471 2974 2545 civibus
3029 2470 3408 2544 wratisla-

318 2592 683 2667 viensibus
738 2597 810 2664 et
864 2586 1487 2680 Swidnicensibus,
1546 2596 1817 2665 tentata
1870 2596 2001 2665 est.
2057 2592 2208 2665 Nec
2245 2591 2398 2664 illic
2433 2592 2865 2665 blandiorem
2903 2592 3253 2663 fortunam
3290 2596 3412 2664 ei-

316 2713 535 2805 perti,
593 2714 865 2786 solvere
916 2712 1383 2803 obsidionem,
1442 2714 1689 2787 multis
1724 2712 2060 2805 periculis
2096 2718 2169 2786 et
2204 2712 2480 2785 damnis
2519 2712 2867 2804 susceptis
2888 2766 2905 2799 ,
2962 2711 3186 2784 coacti
3219 2714 3412 2783 s'unt.

1218 3062 1644 3177 ANNUS
1715 3058 2178 3176 DOMINI
2247 3056 2526 3177 1432.

318 3304 712 3378 vladislaus
752 3305 894 3377 Rex
938 3280 1237 3411 captivos
1282 3304 1646 3391 tinnitu,
1693 3304 2175 3393 omnmo-quo
2219 3301 2424 3420 solvit
2466 3307 2538 3376 et
2581 3307 2976 3377 conventum
3017 3306 3088 3377 ln
3117 3305 3419 3378 remor

837 3425 919 3496 do
964 3440 1124 3513 paee
1166 3437 1309 3496 oum
1353 3420 1877 3513 witi-{nollens
1918 3424 2271 3496 tractanda
2285 3480 2302 3510 ,
2347 3424 2592 3496 trustra
2645 3424 2905 3496 indicit.

532 3670 765 3743 Huius
829 3671 993 3743 anni
1033 3670 1129 3759 ⁴),
1196 3670 1381 3761 quod
1443 3690 1599 3743 raro
1665 3670 1842 3742 alias
1916 3670 2335 3761 contigerat,
2401 3667 2840 3743 wladislaus
2905 3670 3062 3743 Rex
3133 3668 3418 3743 Natalis

320 3790 608 3863 Domini
674 3790 1169 3864 solennitatem
1232 3811 1389 3863 cum
1453 3790 1777 3883 pluribus
1832 3790 2179 3863 Praelatis
2243 3796 2313 3863 et
2378 3790 2753 3863 baronibus
2827 3790 2976 3862 suis
3032 3776 3418 3863 celebravit

320 3908 726 3999 cracoviae,
784 3913 855 3983 et
909 3910 1227 4003 captivos
1282 3911 1789 3985 cruciferorum
1843 3914 1915 3983 et
1968 3910 2458 3984 Livonitarum
2495 3909 2801 3984 vinculis
2841 3910 3144 3998 solutos,
3203 3908 3417 3983 etiam

316 4033 584 4104 honore
618 4048 897 4103 mensae
933 4051 1098 4104 suae
1134 4030 1435 4122 excepit.
1491 4030 1802 4104 Peractis
1841 4034 2076 4103 autem
2114 4030 2624 4103 festivitatibus
2659 4028 3098 4122 Epiphaniae
3116 4086 3132 4117 ‚
3181 4038 3414 4122 egres-

321 4170 481 4239 suS,
538 4171 783 4225 versus
838 4150 1190 4243 Myechow
1244 4154 1316 4222 et
1369 4150 1820 4241 zarnowyecz
1874 4148 2241 4241 processit.
2297 4149 2572 4222 Exinde
2627 4170 2790 4223 vero
2843 4169 2969 4242 per
3014 4148 3414 4238 Chanczini,

320 4272 662 4362 Kyelcze,
702 4264 1173 4359 Bodas-neuin,
1214 4267 1601 4343 Urzandow
1630 4268 1715 4358 5),
1764 4291 1889 4361 pro
1928 4271 2105 4342 festo
2142 4269 2665 4341 Purificationis
2703 4266 2998 4342 Sanctae
3035 4268 3297 4341 Mariae
3323 4268 3414 4357 Β),

318 4390 525 4463 venit
576 4390 651 4462 in
704 4390 998 4479 Lublin,
1056 4390 1533 4463 celebraturus
1570 4410 1727 4462 cum
1766 4388 1977 4461 fratre
2017 4410 2143 4461 suo
2181 4390 2371 4461 Duce
2417 4387 2925 4481 Switrigyello‚
2983 4388 3070 4459 ad
3105 4389 3416 4459 tractan-

320 4510 486 4583 dam
538 4531 776 4601 pacem
829 4514 1266 4603 perpetuam,
1322 4509 1870 4582 conventionem.
1928 4509 2408 4581 Convenerant
2453 4512 2685 4580 autem
2721 4508 2962 4600 plures
2997 4505 3311 4580 Praelatl
3347 4510 3420 4579 et

320 4632 621 4703 barones
654 4651 779 4722 pro
816 4628 1220 4703 huiusmodi
1256 4628 1742 4716 conventione,
1800 4648 1973 4719 quos
2029 4645 2268 4700 omnes
2312 4626 2752 4700 wladislaus
2787 4627 2946 4700 Rex
2983 4625 3058 4698 in
3093 4626 3418 4699 Parczow

322 4749 755 4838 transmisit,
812 4751 963 4822 solo
1017 4750 1311 4823 Alberto
1366 4748 1923 4841 Iastrzambyecz
1978 4746 2500 4840 archiepiscopo
2557 4744 2951 4821 Gnesnensi
3001 4744 3186 4818 circa
3233 4754 3306 4819 se
3344 4744 3418 4818 ln

321 4870 591 4944 Lublin
642 4868 912 4942 relicto.
970 4870 1265 4942 Iverunt
1317 4872 1550 4942 autem
1602 4888 1727 4960 per
1779 4868 2042 4961 Regem
2096 4866 2329 4955 missi,
2385 4866 2462 4939 hi
2514 4864 2828 4940 Praelati
2879 4867 2952 4937 et
3003 4863 3296 4938 barones
3343 4864 3418 4937 in

321 4992 676 5078 Parczow,
732 4988 1062 5063 videlicet
1108 4988 1455 5082 Sbigneus
1493 4987 2003 5075 cracoviensi8‚
2060 4988 2410 5060 Iohannes
2465 4977 2992 5077 Schaffranyeoz
3035 4982 3418 5058 wladisla-

542 5262 591 5343 ι)
635 5262 874 5339 quidam
929 5262 1176 5325 Bohemi
1238 5255 1391 5327 Coa.
1451 5256 1645 5323 Rozr.
1706 5256 1762 5340 ²)
1804 5260 2015 5321 Luben
2073 5244 2200 5321 Ed.
2247 5246 2430 5342 Εὗρε.
2491 5256 2550 5338 ¹)
2591 5248 2975 5335 mzyszbofg
3032 5240 3185 5321 Ood.
3235 5251 3416 5321 Calo.

323 5364 383 5445 ⁴)
431 5366 573 5427 anni
616 5366 808 5443 spatio
850 5361 978 5428 Ed.
1025 5361 1206 5447 Lips.
1258 5360 1309 5443 ⁵)
1352 5363 1737 5443 Wrzathkow
1784 5356 1935 5425 Cod.
2001 5355 2178 5425 Calv.
2240 5360 2297 5443 ⁶)
2343 5361 2404 5423 S.
2449 5362 2672 5422 Mariae
2715 5346 2983 5439 Virginis
3027 5340 3181 5426 ovd.
3225 5342 3418 5423 Rom.
