4342 6384
981 501 1131 576 384
2167 521 2394 577 menn
2444 521 2904 578 truncemus.
3509 497 3643 604 (Α.
3684 497 3773 578 D.
3815 483 4053 601 1420.)

979 732 1222 804 super,
1289 730 1467 802 quae
1521 709 1685 783 illos
1747 715 2010 799 manet,
2087 710 2535 802 manebitque
2606 710 2941 784 memoria
3002 710 3297 800 omissa,
3374 710 3612 800 obliti,
3686 707 4060 785 Withawdi

977 831 1195 907 Ducis
1253 851 1410 924 spes
1467 834 1536 904 et
1573 829 1934 903 molimina
1971 834 2042 904 et
2078 831 2485 904 nutriebant
2522 836 2593 904 et
2630 832 3021 924 erigebant,
3079 831 3399 924 propriae
3438 832 3887 904 consulentes
3928 851 4054 902 am-

975 951 1228 1025 bitioni
1282 955 1352 1024 et
1405 950 1790 1023 Withawdi
1845 950 2213 1024 metientes
2268 973 2465 1044 opes,
2524 951 2895 1044 omniaque
2947 953 3228 1025 venalia
3280 952 3618 1026 habentes
3674 953 3759 1024 ad
3814 957 4051 1023 nutum

976 1071 1380 1160 licitatoris‚
1439 1071 1804 1164 coniugeS‚
1861 1071 2156 1162 liberoS,
2213 1071 2513 1164 patriam
2562 1077 2631 1146 et
2676 1072 3138 1158 necessarios,
3196 1071 3429 1164 ipsum
3468 1072 3769 1163 denique
3805 1072 4051 1164 Regem

973 1191 1332 1284 proprium
1386 1191 1736 1282 prodituri
1775 1192 1851 1281 ¹),
1907 1193 2207 1285 praefati
2262 1193 2477 1265 Ducis
2532 1191 2917 1265 Withawdi
2982 1191 3441 1284 cupiditatem
3496 1197 3567 1266 et
3620 1192 3850 1285 Regni
3907 1191 4046 1264 ille·

975 1313 1281 1401 ochram,
1338 1311 1759 1404 potentiam,
1817 1333 2017 1404 opes,
2055 1307 2449 1412 felicitates]
2494 1317 2701 1405 atque
2751 1312 3329 1405 intelligentiam,
3388 1311 3845 1405 singulasque
3882 1313 4053 1386 vitae

977 1433 1318 1521 actiones,
1379 1453 1514 1525 quo
1566 1432 1643 1504 in
1697 1432 1862 1505 illos
1919 1438 1990 1506 et
2043 1455 2278 1506 eorum
2334 1432 2707 1507 avaritiam
2762 1433 2985 1526 magis
3041 1433 3413 1506 munificus
3468 1433 3839 1521 existeret,
3908 1433 4051 1505 bea-

977 1552 1306 1626 titudinis
1361 1552 1916 1642 existimatione,
1974 1553 2571 1659 admirationeque
2605 1553 2993 1645 prosecuti,
3052 1557 3523 1628 monstrantes
3561 1574 3635 1627 se
3680 1575 3821 1625 non
3858 1553 4051 1641 filios,

981 1677 1062 1746 ut
1117 1678 1349 1762 erant,
1408 1673 1638 1766 Regni
1689 1673 2039 1762 Polonici‚
2099 1673 2221 1748 sed
2275 1673 2637 1766 privignos
2676 1679 2747 1746 et
2783 1673 3079 1747 materni
3136 1672 3320 1746 uteri
3372 1674 3610 1747 hostes
3657 1678 3727 1747 et
3763 1693 4054 1747 corroso-

975 1813 1120 1881 res,
1177 1792 1300 1884 qui
1354 1794 1662 1866 favorem
1717 1797 1788 1866 et
1839 1793 2287 1886 largitionem
2340 1793 2559 1867 Ducis
2599 1793 2987 1867 Alexandri
3024 1793 3442 1882 Withawdi‚
3498 1793 3771 1887 patriae
3807 1793 4053 1867 incom-

978 1913 1203 1985 modis
1259 1920 1329 1986 et
1381 1912 1698 1987 libertati
1749 1914 2260 2004 praetulerunt.
2318 1913 2565 2006 Digni,
2624 1914 2746 2006 qui
2799 1936 2923 2007 pro
2978 1919 3123 1987 tam
3188 1913 3454 1987 nefario
3526 1935 3729 2007 opere
3802 1913 4054 1987 crucia·

977 2031 1171 2105 tibus
1201 2031 1263 2122 ²)
1318 2037 1695 2125 perpetuae
1759 2031 2199 2124 captivitatis
2263 2033 2567 2106 fuissent
2628 2034 2949 2126 deputati
2980 2032 3065 2124 ³).
3133 2034 3521 2107 Clementia
3582 2039 3818 2107 tamen
3874 2033 4056 2106 Wla·

977 2151 1193 2224 dislai
1247 2152 1462 2245 Regis
1515 2151 1694 2244 ipsis
1751 2157 1822 2225 et
1873 2153 2166 2226 cuilibet
2218 2175 2487 2242 eorum,
2544 2156 2855 2228 confecto
2895 2154 3283 2227 discordiae
3317 2155 3538 2242 bello,
3596 2153 3903 2247 ignovit:
3956 2154 4056 2225 nl·

977 2272 1078 2345 tio
1135 2276 1367 2345 tamen
1420 2271 1662 2346 divina
1722 2274 1962 2364 plures
2029 2294 2267 2346 eorum
2320 2273 2771 2366 perstrinxit,
2828 2295 2907 2348 eo
2963 2274 3241 2366 quidem
3294 2273 3616 2368 gravina,
3672 2295 3809 2365 quo
3859 2273 4061 2347 fuerit

979 2392 1115 2482 eiS,
1173 2413 1546 2486 eorumque
1601 2391 1784 2466 truci
1840 2393 2116 2482 sceleri,
2171 2393 2367 2486 regia
2418 2393 2917 2486 propitiatione
2974 2393 3254 2468 facilius
3312 2394 3878 2468 condescensum.
3934 2394 4059 2466 Ea-

976 2513 1130 2586 dem
1161 2501 1463 2605 ¹quoque
1515 2513 1958 2606 indulgentia
2011 2514 2085 2587 in
2138 2513 2317 2587 alios
2370 2515 2673 2587 Polonos
2728 2519 2800 2589 et
2850 2515 3117 2589 milites
3172 2535 3337 2588 suos
3390 2536 3564 2587 usus
3602 2520 3741 2603 est,
3800 2514 4057 2608 quiin·

973 2639 1086 2708 ter
1139 2633 1666 2727 sigismundum
1723 2636 2193 2708 Romanorum
2232 2640 2301 2708 et
2338 2634 2741 2728 Hungariae
2796 2636 3091 2728 Regem,
3148 2640 3221 2709 et
3273 2636 3535 2709 Ducem
3591 2634 4062 2708 Withawdum

975 2755 1378 2829 deferebant
1431 2753 1706 2843 literas,
1764 2775 1940 2846 quae
1995 2754 2163 2828 adeo
2222 2759 2484 2829 secrete
2538 2754 2795 2828 deferri
2849 2776 2986 2826 non
3040 2761 3395 2847 poterant,
3466 2755 3637 2847 quin
3690 2755 3765 2828 in
3820 2775 4060 2827 manns

973 2875 1202 2968 regias
1256 2874 1724 2966 deprehensae
1798 2895 1955 2947 cum
2026 2874 2487 2966 portitoribus
2542 2895 2680 2947 non
2734 2874 3075 2948 venirent.
3132 2875 3301 2949 Ideo
3356 2878 3588 2949 autem
3628 2875 3717 2947 ‘in
3754 2875 4057 2948 deferen-

975 2999 1084 3067 tes
1139 2994 1303 3066 illas
1359 2993 1919 3066 animadversum
1975 3016 2113 3066 non
2167 2999 2305 3083 est,
2363 3015 2449 3067 ne
2504 2994 2803 3087 amplior
2855 2994 3255 3087 proveniret
3302 2993 3693 3068 animorum
3732 2993 4057 3081 irritatio,

977 3121 1047 3189 et
1103 3136 1224 3208 spe
1276 3113 1826 3188 reconciliandae
1878 3114 2074 3205 pacis
2129 3114 2392 3190 amissa
2417 3116 2506 3203 ⁴),
2565 3115 2919 3189 crudelius
2972 3116 3182 3189 rebus
3236 3115 3658 3208 desperatis,
3715 3115 3791 3188 in
3846 3120 4057 3188 certa·

977 3257 1132 3308 men
1195 3234 1585 3327 praesentis
1649 3235 1880 3306 luctae
1946 3235 2143 3307 fieret
2206 3257 2247 3308 a
2299 3239 2498 3327 parte
2561 3240 2858 3327 utraque
2920 3235 3319 3309 descensuS.
3389 3235 3827 3308 wladislaus
3884 3235 4060 3308 enim

975 3356 1131 3428 Rex
1197 3355 1503 3427 animum
1554 3353 1770 3428 Ducis
1816 3354 2201 3428 Withawdi
2254 3355 2613 3428 beneficiis
2670 3361 2740 3428 ct
2793 3354 3135 3428 modestia
3181 3355 3505 3448 sperabat
3562 3377 3635 3428 se
3684 3355 4059 3446 aliquando

974 3480 1045 3549 et
1098 3475 1450 3548 victurum
1505 3479 1577 3547 et
1631 3479 2073 3564 sanaturum,
2133 3495 2553 3566 causamque
2608 3497 2839 3565 suam,
2899 3475 3018 3550 ubi
3074 3462 3350 3549 ¹animus
3408 3473 3792 3548 Withawdi
3830 3473 4059 3548 sanari

972 3617 1112 3669 non
1165 3601 1435 3689 posset,
1494 3594 1736 3667 divina
1769 3594 2303 3686 propitiatione,
2361 3617 2539 3687 quae
2588 3616 2795 3688 opera
2840 3595 3301 3689 benignitatis
3339 3601 3408 3670 et
3446 3595 3830 3668 modestiae
3868 3614 4055 3686 prae-

973 3715 1190 3789 miare
1256 3715 1652 3803 consuevit,
1717 3735 1922 3807 posse
1983 3715 2283 3788 relevari
2348 3737 2427 3788 ac
2492 3715 2790 3789 defendi.
2859 3717 3078 3789 Erant
3140 3716 3213 3788 in
3284 3715 3715 3788 notariorum
3779 3735 4059 3788 numero

973 3856 1097 3928 pro
1153 3857 1234 3910 ea
1287 3840 1704 3928 tempestate
1758 3836 1942 3926 apud
1997 3837 2263 3908 Ducem
2327 3834 2802 3908 Withawdum
2884 3835 3019 3908 duo
3074 3835 3211 3908 viri
3264 3836 3574 3924 nobiles,
3642 3835 3927 3907 Lnthko
3982 3835 4059 3906 de

974 3958 1279 4048 Brzezye
1341 3977 1687 4028 armorum
1753 3953 2021 4027 Doliwa
2083 3960 2155 4027 et
2220 3953 2559 4028 Nicolaus
2624 3954 2973 4028 Ozebulka
3035 3956 3119 4028 de
3181 3955 3383 4028 demo
3449 3955 3949 4047 Gzyelyepelye
3979 3953 4059 4041 ⁵),

973 4081 1300 4147 truncum
1355 4075 1705 4148 deferente
1758 4094 1882 4166 pro
1938 4074 2235 4167 insigni,
2294 4095 2545 4167 magna
2599 4073 3077 4147 familiaritate
3132 4075 3313 4146 Duci
3368 4074 3765 4146 Withawdo
3814 4073 4061 4160 iuncti,

975 4194 1099 4286 qui
1152 4195 1494 4266 modestia
1545 4193 1928 4282 interdum,
1987 4194 2363 4286 aliquando
2419 4199 2490 4266 et
2544 4195 2711 4267 forti
2747 4195 3229 4287 persuasione,
3278 4199 3359 4266 ut
3396 4191 3865 4266 coronationis
3900 4213 4065 4264 cura

976 4313 1266 4402 omissa,
1323 4333 1397 4386 se
1451 4313 1632 4407 Regi
1684 4314 2077 4388 Wladislao
2132 4314 2583 4388 reconciliare
2648 4320 2908 4406 quanto
2976 4313 3273 4387 celerius
3331 4319 3635 4401 curaret,
3700 4311 4063 4404 rogabant,

975 4433 1438 4508 enumerando
1493 4434 1709 4520 mala,
1766 4454 1942 4526 quae
1997 4435 2308 4508 accidere
2360 4455 2643 4507 necesse
2681 4439 2947 4521 essent3
3001 4453 3132 4506 nec
3166 4432 3674 4525 aspernabatur
3708 4427 3873 4504 Dux
3910 4431 4064 4504 Wi-

975 4555 1293 4627 thawdus
1348 4574 1584 4626 eorum
1625 4573 2006 4642 sermones,
2065 4555 2190 4627 sed
2237 4555 2415 4627 mira
2450 4553 2797 4647 patientia
2859 4554 3091 4627 omnia
3137 4575 3371 4627 eorum
3424 4551 3873 4626 auscultabat
3908 4572 4063 4643 pro-

973 4674 1226 4768 posita.
1285 4673 1471 4766 Quos
1525 4677 1891 4765 propterea
1927 4679 1997 4746 et
2032 4695 2252 4767 genus
2309 4673 2593 4747 illorum
2649 4673 2959 4761 nomine,
3018 4677 3099 4745 ut
3153 4671 3616 4765 integritatis,
3655 4671 4061 4744 fidelitatis-

975 4817 1110 4886 que
1181 4795 1468 4868 illorum
1539 4798 1874 4886 perpetua
1945 4793 2311 4882 memoria,
2386 4794 2473 4865 ad
2542 4795 2821 4868 laudem
2894 4793 3179 4866 illorum
3208 4793 3273 4882 θ)
3328 4792 3539 4865 etiam
3604 4791 3680 4862 in
3742 4796 4067 4882 posteros

974 4915 1478 4989 extendendam
1533 4917 1961 5007 perseveret:
2021 4913 2271 5005 quodsi
2327 4913 2565 4987 eadem
2618 4913 2754 4986 fide
2816 4912 3071 4988 caeteri
3117 4911 3370 4986 Poloni
3406 4931 3481 4984 se
3518 4910 3829 4983 sinceros
3864 4930 4063 5001 prae-

976 5035 1358 5124 stitissent,
1415 5034 1698 5107 facilius
1758 5033 2011 5107 fuisset
2048 5031 2338 5106 ambitio
2376 5033 2593 5106 Ducis
2633 5032 3013 5105 Withawdi
3051 5033 3167 5105 vel
3203 5032 3564 5124 abrogata,
3622 5030 3735 5104 vel
3792 5035 4063 5103 sanata.

1191 5307 1236 5387 ¹)
1281 5309 1568 5386 perdituri
1611 5306 1740 5369 Ed.
1787 5303 1968 5391 Lipc.
2019 5305 2068 5385 ²)
2116 5307 2411 5368 cruciante
2460 5301 2611 5370 Cod.
2656 5303 2845 5370 Rozr.
2910 5301 2961 5386 ³)
3012 5307 3257 5383 experti.
3308 5300 3460 5367 cod.
3506 5301 3697 5366 Rozr.
3748 5301 3805 5382 ⁴)
3850 5303 4069 5363 omissa

976 5407 1104 5474 Ed.
1149 5408 1330 5496 Lipc.
1379 5409 1434 5490 ⁵)
1479 5411 1820 5492 Ciclicpelie
1866 5405 2018 5474 Cod.
2051 5407 2229 5472 Koct.
2278 5407 2331 5490 ⁶)
2378 5410 2697 5471 eorundem
2752 5405 2905 5471 0001.
2949 5404 3144 5471 Rozr.
