4342 6384
386 591 522 696 (Α.
561 594 653 668 D.
694 557 924 693 1415‘.)
1547 617 1773 670 mmm
1825 611 2282 670 unnncnms·
3332 599 3480 670 189

385 802 783 876 subvenire.
841 803 1280 876 Wladislans
1335 807 1568 877 autem
1622 801 1955 875 Poloniae
2012 804 2166 875 Rex
2230 802 2636 875 necessitati
2690 823 2929 876 eorum
2990 807 3316 897 satagens
3368 804 3487 896 pia

385 923 988 1011 commiseratione
1053 944 1482 1010 succurrere,
1560 923 1854 1014 petitam
1921 923 2253 995 frumenti
2318 923 2783 1015 quantitatem
2848 924 2969 996 dat
3035 927 3106 997 et
3163 924 3487 1016 largitur,

379 1047 452 1116 et
503 1043 579 1116 in
633 1048 840 1136 portu
895 1064 1020 1116 suo
1074 1043 1264 1136 regio
1320 1043 1802 1134 Kaczubyeow
1839 1043 1893 1132 ¹)
1948 1064 2073 1134 per
2126 1065 2243 1116 eos
2298 1043 2767 1134 recipiendam
2822 1043 3211 1137 consignat.
3272 1045 3477 1116 Datis

381 1167 622 1236 autem
679 1164 1082 1236 Alexandro
1139 1163 1530 1237 Moldaviae
1584 1163 2040 1255 Woyewodae
2079 1169 2148 1236 et
2188 1185 2354 1236 suae
2392 1163 2696 1236 consorti
2734 1163 2937 1236 donis
2984 1163 3483 1251 reversalibuS,

385 1289 458 1356 et
512 1284 720 1356 Anna
774 1284 1050 1376 Regina
1103 1284 1176 1355 in
1231 1283 1628 1356 Cracoviam
1702 1283 2029 1373 remissa,
2103 1283 2449 1375 processit
2520 1288 2593 1355 in
2649 1283 3166 1375 Kamyenyecz,
3234 1283 3484 1357 abinde

381 1425 548 1478 vero
603 1424 725 1494 per
780 1403 1154 1500 Smetricz,
1212 1404 1279 1475 N
1286 1423 1674 1495 yeszwyecz
1704 1401 1792 1491 2),
1849 1403 2422 1494 Krzemyeniecz,
2490 1403 2804 1491 Raysko,
2864 1403 3229 1495 Sadowye,
3289 1403 3475 1476 Thu-

381 1524 650 1611 rzisko,
718 1524 1028 1596 Kobrzin
1061 1521 1148 1612 ³),
1207 1523 1463 1610 Mitho,
1511 1523 1586 1593 in
1633 1521 2118 1610 Lithnaniam,
2190 1521 2599 1593 invitationi
2647 1522 3037 1594 Alexandri
3104 1522 3487 1596 Withawdi

384 1643 913 1730 satisfacturus,
973 1643 1353 1716 descendit.
1413 1643 1558 1734 Quo
1616 1642 1700 1713 de
1756 1642 2066 1714 Kobrzin
2123 1641 2195 1713 in
2254 1641 2477 1714 Mitho
2531 1643 2667 1714 iter
2719 1646 3000 1733 agente,
3058 1642 3230 1715 feria
3284 1649 3488 1715 sexta

379 1769 546 1855 post
587 1763 888 1836 Octavas
927 1763 1246 1855 Corporis
1284 1761 1580 1849 Christi,
1639 1761 2034 1834 Tertiarum
2071 1763 2273 1850 hora,
2332 1761 2617 1852 eclipsis
2654 1761 2989 1834 notabilis
3026 1762 3099 1834 in
3138 1763 3285 1835 sole
3322 1783 3483 1836 cau-

389 1888 546 1956 sata
599 1884 957 1976 apparuit,
1018 1905 1194 1976 quae
1249 1882 1720 1955 Wladislaum
1787 1883 2048 1974 Regem
2107 1887 2177 1954 et
2232 1903 2429 1968 suoS,
2497 1883 2696 1954 velut
2750 1881 3110 1973 inopinata
3164 1887 3236 1956 et
3288 1884 3483 1976 igno·

380 2007 570 2092 rata,
625 2004 926 2095 primum
964 2004 1038 2075 in
1076 2001 1608 2077 admirationem
1663 2008 1734 2074 et
1788 2007 2176 2093 stuporem,
2218 2003 2305 2074 ad
2345 2006 2733 2074 extremum
2773 2025 2844 2075 m
2880 2002 3289 2095 religionem
3328 2024 3482 2076 ver-

387 2124 503 2214 tit.
561 2125 735 2196 Erat
790 2123 973 2196 enim
1031 2123 1197 2196 adeo
1237 2123 1605 2212 notabilis,
1663 2128 1744 2195 nt
1790 2123 1996 2196 alites
2053 2123 2290 2195 subita
2337 2120 2637 2215 caligine
2675 2122 3049 2195 deterritae
3104 2123 3178 2195 in
3231 2127 3485 2196 terram

381 2244 814 2332 deciderent,
871 2248 944 2316 et
997 2243 1226 2316 sidera
1279 2264 1416 2314 non
1473 2265 1673 2316 secus
1729 2263 1938 2334 quam
1991 2248 2195 2316 nocte
2249 2244 2705 2330 collucerent3
2763 2244 2919 2315 Rex
2967 2253 3242 2336 quoque
3284 2243 3477 2316 Wla-

380 2364 685 2452 dislanS,
751 2363 1058 2436 tenebris
1123 2363 1555 2450 arcentibuS,
1623 2364 1998 2456 cogebatur
2061 2383 2371 2454 premere
2424 2363 2747 2457 gradum,
2806 2384 2931 2436 nec
2985 2363 3184 2454 prius
3238 2385 3473 2455 procc-

383 2484 544 2556 dere
597 2487 905 2575 poterat,
964 2483 1178 2555 donec
1233 2483 1630 2556 obscuratio
1695 2483 1866 2555 solis
1943 2488 2311 2556 cessasset.
2388 2485 2493 2554 Ex
2550 2484 2773 2556 Mitho
2828 2483 3262 2556 Wladislans
3321 2484 3475 2555 Rex

381 2625 502 2694 per
556 2602 1076 2675 Wolkowiszka
1104 2603 1167 2692 ⁴)
1223 2602 1714 2694 Waszyliszky
1745 2602 1807 2691 5)
1863 2606 1934 2676 et
1980 2603 2271 2693 Sziszky
2324 2603 2737 2695 procedenS,
2798 2603 2869 2674 in
2930 2603 3205 2694 Trokky
3253 2603 3471 2676 venit.

383 2722 512 2795 Cui
551 2723 716 2793 Dux
755 2722 1159 2794 Alexander
1197 2720 1634 2794 Withawdus
1674 2743 1831 2794 cum
1869 2723 2207 2815 Magistro
2244 2722 2583 2796 Livoniae
2618 2723 2804 2795 dicto
2842 2723 3119 2795 Lander
3146 2722 3210 2811 ὓ)
3265 2744 3482 2794 unum

385 2843 690 2915 milliare
741 2862 1141 2930 occurrenS‚
1191 2863 1346 2914 eum
1387 2843 1804 2934 suppliciter
1839 2849 1908 2917 et
1943 2843 2270 2915 hilariter
2304 2843 2609 2934 excepit,
2669 2847 2739 2916 et
2776 2842 2849 2915 in
2886 2845 3195 2914 castrum
3232 2843 3479 2929 altum,

388 2963 460 3035 in
515 2962 744 3034 medio
809 2962 1004 3036 lacus
1071 2962 1320 3051 situm,
1387 2982 1544 3035 cum
1607 2963 1932 3036 omnibus
1999 2962 2350 3034 militibus
2406 2963 2555 3035 suis
2608 2962 3060 3055 recolligenS,
3120 2960 3484 3052 splendide

383 3081 742 3155 tractavit.
799 3082 1046 3154 Altera
1097 3081 1344 3155 deinde
1398 3081 1512 3155 die
1575 3083 1836 3174 Regem
1891 3083 1965 3155 in
2022 3083 2428 3154 thesaurum
2466 3081 2783 3155 ducalem
2832 3081 3315 3167 introducenS,
3374 3080 3481 3152 vi-

383 3201 566 3294 ginti
621 3201 942 3274 millibus
996 3223 1384 3274 marcarum
1448 3204 1750 3274 latorum
1805 3223 2242 3295 grossorum,
2313 3201 2773 3294 quadraginta
2828 3200 3128 3274 Schubis
3184 3200 3482 3293 pellium

385 3322 884 3396 sabellinarnm
917 3323 1004 3410 ⁷),
1062 3326 1338 3394 centum
1397 3322 1628 3413 equiS,
1684 3327 1964 3395 centum
2019 3322 2351 3414 purpuris
2407 3323 2671 3414 Regem
2734 3321 3238 3408 Wladislaum',
3304 3319 3477 3392 item

384 3463 622 3514 omnes
677 3441 855 3513 alios
908 3441 1140 3535 regios
1195 3441 1458 3516 milites
1513 3442 1676 3513 aliis
1733 3442 2137 3515 muneribus
2194 3442 2428 3514 donat.
2488 3441 2677 3532 Quae
2732 3440 3015 3532 singula
3051 3439 3189 3511 sibi
3226 3439 3483 3511 donata

384 3563 540 3634 Rex
597 3561 1034 3635 Wladislaus
1087 3583 1212 3654 per
1267 3562 1916 3635 vicecancellarinm
1971 3583 2175 3634 suum
2216 3561 2447 3633 Donin
2476 3559 2542 3650 8)
2598 3563 2669 3632 et
2706 3560 2981 3651 aliquos
3018 3561 3311 3632 barones
3348 3559 3481 3630 Po·

383 3681 615 3754 Ioniae
669 3704 710 3753 a
766 3701 839 3754 se
893 3683 1220 3755 remissos
1284 3681 1685 3770 Gracqviam
1739 3682 1814 3754 in
1871 3682 2277 3754 thesaurum
2320 3679 2590 3773 regium
2645 3680 2999 3753 condenda
3050 3676 3479 3752 transmisit:

385 3823 564 3892 qnae
621 3802 901 3874 tandem
958 3803 1219 3890 omnia,
1289 3801 1620 3894 temporis
1683 3823 2012 3893 processu
2068 3802 2142 3873 in
2198 3800 2466 3873 milites
2522 3805 2590 3874 et
2645 3799 3026 3873 familiares
3083 3819 3246 3872 suos
3300 3796 3477 3869 libe-

383 3921 670 3994 ralitate
725 3921 1055 3994 munifica
1109 3921 1495 3994 distribuit.

383 4253 664 4346 Foedera
717 4275 896 4346 inter
947 4273 1364 4347 wladislaum
1417 4275 1717 4347 Poloniae
1774 4277 1974 4365 atquo
2017 4274 2490 4364 sigismundum
2534 4273 2956 4346 aomanorum
3003 4276 3073 4346 et
3118 4273 3482 4363 ilungariae

982 4395 1192 4484 noges
1237 4399 1439 4467 antea
1480 4397 1650 4468 inita
1663 4450 1680 4481 ,
1725 4397 2031 4486 utrinque
2073 4397 2485 4467 sacramento
2528 4395 2883 4467 firmantur.

594 4643 702 4713 Ex
767 4641 1044 4733 Trokky
1109 4641 1546 4714 Wladislaus
1610 4643 1942 4716 Poloniae
2007 4644 2193 4730 ReX,
2264 4643 2639 4714 comitatus
2705 4642 2789 4713 ab
2858 4641 3259 4713 Alexandro
3328 4637 3479 4710 wi·

387 4761 691 4849 thawdo,
747 4759 822 4832 in
879 4761 1142 4832 Kowno
1200 4761 1504 4834 transiit.
1563 4761 1835 4834 Abinde
1881 4783 2041 4834 vero
2095 4762 2332 4834 navali
2388 4760 2619 4854 viagio
2650 4763 2713 4850 ⁹)
2770 4763 2857 4834 ad
2912 4765 3220 4834 castrum
3260 4759 3475 4850 Wye·

388 4880 586 4952 lunia
639 4879 906 4970 pridem
963 4885 1472 4970 constructum,
1532 4883 1722 4954 Duce
1761 4882 2161 4954 Alexandro
2202 4881 2599 4954 Withawdo
2638 4883 2712 4954 in
2752 4883 3017 4953 Kowno
3054 4883 3478 4952 remanente.

603 5187 648 5266 ¹)
693 5189 1114 5248 Kaczubieiow
1163 5183 1313 5250 Cod.
1360 5185 1535 5250 Kost.
1586 5187 1640 5266 ςΙ)
1687 5189 2013 5248 Nieswiesz
2071 5184 2222 5252 cod.
2269 5185 2445 5249 Kost.
2494 5185 2547 5265 ³)
2580 5188 2808 5248 Kobrin
2844 5183 2995 5249 Cod.
3028 5185 3219 5248 Rozr.
3256 5181 3305 5264 ⁴)
3344 5187 3482 5247 Vol-

389 5291 644 5351 koniska
691 5285 842 5350 Cod.
888 5287 1081 5351 Rozr.
1142 5288 1192 5368 ⁵)
1239 5290 1548 5352 Wasiliski
1609 5286 1760 5352 Cocl.
1816 5287 1992 5350 Kost.
2053 5287 2110 5368 ο)
2166 5291 2404 5350 Lauder
2466 5287 2616 5352 0001.
2668 5285 2845 5350 Calv.
2892 5290 3205 5367 (Siefertus
3248 5290 3487 5349 Lander

392 5393 464 5453 de
507 5391 870 5470 spanheim).
921 5389 974 5468 ⁷)
1018 5393 1284 5453 vestibus
1329 5394 1636 5454 subductis
1680 5392 1936 5469 pellibus
1982 5391 2288 5453 sabellinis
2338 5387 2489 5454 Coa.
2537 5389 2727 5454 Rozr.
2780 5389 2835 5478 ⁸)
2868 5393 3069 5455 Dunin
3106 5386 3256 5458 Cod.
3290 5389 3483 5456 Rozr.

395 5492 446 5573 ⁵)
493 5496 706 5554 itinere
753 5489 902 5556 Cod.
949 5491 1142 5556 Rozr.
