4342 6384
892 622 1039 693 712
2050 638 2277 699 nram
2328 637 2836 699 monacnum.
3419 621 3554 724 (Α.
3596 624 3686 698 D.
3729 618 3998 723 1444.)

887 826 1211 914 castello,
1270 829 1574 898 castrum
1613 825 1991 900 Drohiczin
2029 828 2084 917 ¹)
2138 848 2542 922 expugnare
2588 830 3002 917 conabatur3
3051 829 3173 901 sed
3221 832 3292 902 et
3342 830 3694 903 exercitus
3764 831 3994 903 Ducis

887 944 1201 1017 Boleslai
1236 944 1587 1017 Masoviae
1627 947 2267 1039 depopulationem,
2326 949 3018 1040 devastationemque
3083 954 3428 1023 terrarum
3483 969 3772 1022 suarum
3825 971 3995 1041 pro·

884 1063 1274 1152 bibinum,
1331 1064 1445 1135 illi
1499 1066 2141 1156 approximaverat‚
2199 1089 2406 1159 quem
2469 1070 2712 1159 plures
2765 1068 3058 1141 barones
3114 1074 3185 1143 et
3234 1068 3504 1142 nobiles
3552 1090 3640 1143 ex
3683 1069 3996 1142 Polonia

864 1182 1295 1285 „notabiliter
1356 1187 1720 1257 auxerant.
1786 1186 1949 1258 Dux
2015 1187 2197 1260 alter
2258 1188 2611 1261 Masoviae
2675 1188 3147 1275 Wladislau8‚
3216 1188 3350 1261 etsi
3415 1195 3761 1261 terrarum
3817 1209 3996 1260 suas

887 1302 1122 1393 copias
1177 1302 1251 1374 in
1306 1323 1656 1394 campum,
1714 1305 1989 1377 laturus
2046 1306 2250 1379 fratri
2302 1307 2481 1381 Duci
2536 1308 2863 1380 Boleslao
2919 1306 3302 1394 auxilium,
3359 1308 3761 1397 eduxisset,
3821 1328 3992 1380 con-

886 1422 1172 1515 iungere
1226 1428 1459 1495 tamen
1514 1444 1588 1496 se
1645 1424 1985 1497 exercitui
2038 1426 2258 1498 Ducis
2313 1426 2628 1500 Boleslai
2683 1426 2998 1513 distulit,
3059 1430 3128 1498 et
3175 1426 3310 1499 iter
3344 1430 3726 1500 retrorsum
3784 1427 3991 1499 infle-

887 1542 1029 1629 xit,
1086 1546 1167 1613 ut
1218 1541 1440 1634 magis
1497 1543 1813 1616 deserere
1867 1564 2075 1635 quam
2134 1545 2466 1618 adiuvare
2520 1549 2755 1637 partes
2811 1545 3048 1618 fratris
3105 1544 3659 1620 existimaretur:
3733 1547 3863 1637 qni
3925 1546 3994 1615 si

885 1660 1236 1751 potentias
1292 1681 1454 1732 suas
1510 1680 1667 1733 cum
1721 1663 2036 1736 exercitu
2090 1662 2308 1737 Ducis
2363 1664 2676 1738 Boleslai
2743 1664 3259 1753 coniunxisset,
3325 1666 3548 1737 multo
3602 1670 3774 1738 tunc
3830 1666 3984 1736 Ma·

886 1780 1156 1852 sovitae
1211 1779 1511 1853 fuissent
1564 1779 1942 1854 Lithuanis
2006 1802 2293 1855 numero
2349 1789 2419 1856 et
2469 1784 2722 1857 robore
2787 1784 3203 1876 superiores,
3273 1784 3527 1858 Verum
3582 1783 3718 1856 etsi
3775 1803 3983 1856 exer-

886 1902 1069 1973 citus
1116 1899 1626 1972 Lithuanorum
1663 1922 1949 1973 numero
1988 1902 2209 1974 maior
2246 1902 2698 1981 existimatus
2738 1904 2981 1991 fuerit,
3039 1903 3283 1976 robore
3319 1907 3554 1976 tamen
3591 1902 3986 1975 Masovitae

886 2020 1343 2108 excedebant,
1401 2040 1559 2092 cum
1612 2019 1687 2092 in
1743 2020 2059 2093 exercitu
2113 2021 2629 2094 Lithuanorum
2686 2022 2905 2094 maior
2956 2028 3119 2113 pars
3174 2022 3556 2115 agrestium
3611 2026 3683 2096 et
3733 2022 3826 2093 ad
3869 2020 3980 2093 dj-

886 2138 1281 2211 micandum
1337 2138 1699 2211 inutilium
1750 2141 2154 2229 putabatur.
2215 2141 2436 2233 Saepe
2474 2142 2713 2233 itaque
2748 2143 3076 2215 Boleslao
3124 2143 3317 2215 Duce
3352 2142 3671 2230 absente,
3710 2140 3981 2213 milites

886 2258 999 2330 sui
1034 2279 1281 2350 magno
1318 2257 1535 2329 animi
1573 2258 1870 2347 fervore,
1911 2280 2159 2349 magno
2198 2259 2466 2350 impetu
2504 2260 2781 2352 signum
2820 2262 3199 2352 poscebant
3227 2258 3326 2349 ²);
3367 2261 3488 2333 sed
3523 2260 3671 2331 dux
3709 2258 3977 2331 exerci-

884 2380 1001 2449 tus
1038 2376 1376 2450 Nicolaus
1412 2377 1691 2449 Powala
1728 2377 1813 2449 de
1848 2378 2182 2451 Thaczow
2211 2378 2274 2467 ³)
2321 2380 2872 2453 succamerarius
2910 2378 3500 2453 Sandomiriensis
3536 2380 3978 2465 nullatenus,

883 2497 1075 2569 Duce
1114 2496 1439 2569 Boleslao
1476 2495 1761 2569 absente
1779 2551 1797 2585 ,
1839 2498 2188 2570 fortunam
2225 2498 2715 2589 experiendam
2753 2499 3078 2573 censebat
3105 2498 3192 2587 ⁴).
3249 2499 3420 2571 Erat
3457 2503 3626 2572 tunc
3662 2498 3738 2569 in
3775 2518 3976 2570 excr-

882 2616 1028 2689 citu
1065 2614 1281 2689 Ducis
1319 2616 1631 2689 Boleslai
1684 2617 1847 2688 Dux
1902 2617 2203 2690 Michael
2257 2618 2711 2707 Lithuaniae,
2770 2619 2962 2691 filius
3011 2618 3180 2689 olim
3217 2617 3433 2690 Ducis
3471 2618 3711 2709 Magni
3749 2617 3972 2709 Sigis-

882 2736 1155 2824 mundi,
1194 2735 1577 2809 maximum
1613 2757 1737 2826 pro
1776 2736 2258 2828 consequenda
2286 2738 2524 2811 futura
2551 2738 2848 2812 victoria
2875 2738 3414 2825 munimentum,
3457 2736 3545 2808 ad
3581 2758 3790 2828 quem
3828 2758 3970 2808 ma-

880 2878 1089 2949 gnam
1124 2859 1393 2948 partem
1440 2853 1844 2927 Lithuanici
1894 2855 2245 2928 exercitus
2291 2858 2718 2931 defecturam
2755 2862 2947 2930 certa
2983 2856 3456 2944 intimatione,
3493 2877 3734 2949 pugna
3767 2856 3970 2944 inita,

883 2976 1279 3061 constabat3
1319 2978 1518 3047 erant
1552 2973 1841 3065 insuper
1878 2975 2248 3047 Masovitis
2286 2997 2530 3049 currus
2565 2976 2857 3068 plurimi
2903 2975 3174 3064 falcati,
3226 2976 3624 3049 bombardis
3662 2979 3735 3049 et
3769 2977 3968 3047 fistu-

881 3094 973 3166 lis
1010 3092 1235 3185 pleni,
1285 3092 1407 3184 qui
1454 3093 1861 3165 universum
1907 3094 2431 3168 circumdabant
2479 3096 2897 3185 exercitum,
2949 3099 3161 3186 atque
3208 3096 3414 3168 illum
3449 3102 3970 3187 oppugnantem

880 3214 1077 3286 velut
1114 3233 1354 3285 murus
1386 3210 1599 3284 tutati
1632 3211 1962 3285 fuissent:
2005 3214 2262 3305 quibus
2297 3215 2732 3306 respectibus
2761 3220 3114 3289 crescente
3141 3213 3506 3286 Masovitis
3542 3213 3810 3303 animo,
3849 3214 3966 3284 Li·

874 3332 1093 3406 huani
1127 3332 1349 3424 magis
1385 3335 1864 3405 consternatos
1892 3333 2322 3426 pavidosque
2352 3335 2621 3408 animos
2657 3334 3039 3408 induebant
3062 3334 3149 3423 ⁵),
3189 3335 3356 3407 adeo
3383 3337 3465 3407 ut
3493 3333 3726 3405 omnia
3754 3354 3956 3405 vasa·

879 3452 1221 3526 nobiliora
1273 3452 1359 3523 in‘
1402 3472 1567 3525 auro
1607 3458 2059 3545 argentoque,
2118 3454 2332 3527 veriti
2378 3458 2691 3527 futurum
2731 3475 3012 3527 suorum
3049 3474 3285 3526 casum
3324 3457 3395 3526 et
3428 3454 3696 3544 fugam,
3745 3452 3820 3525 in
3855 3472 3960 3525 ca·

878 3579 1026 3645 stra
1085 3572 1583 3664 propinquiora
1644 3572 2063 3646 remiserint.
2132 3573 2536 3647 Consiliarii
2600 3574 2838 3666 itaque
2903 3574 3238 3646 Poloniae
3299 3577 3734 3645 conventum.
3781 3571 3959 3663 apud

878 3691 1372 3783 Pyotrkoviam
1430 3695 1746 3783 agentes,
1805 3693 2125 3783 quamvis
2191 3693 2398 3765 iuxta
2456 3693 3016 3766 commissionem
3077 3694 3379 3784 regalem
3437 3696 3658 3764 terras
3713 3692 3956 3763 Lanci-

878 3812 1210 3901 ciensem,
1268 3810 1769 3901 Cuyaviensem
1826 3819 1895 3883 et
1948 3812 2489 3887 Dobrzinensem
2543 3814 2629 3884 ad
2687 3813 3043 3885 ferendum
3071 3811 3136 3901 ὅ)
3191 3792 3371 3883 Duci
3435 3811 3763 3883 Boleslao
3817 3810 3956 3881 Ma·

880 3933 1114 4005 soviae
1170 3930 1563 4003 subsidium
1616 3931 2133 4024 designassent,
2193 3931 2536 4006 miserunt
2590 3937 2824 4005 tamen
2878 3930 3200 4004 celeriter
3254 3930 3698 4003 Vincentium
3739 3929 3953 4002 archi-

880 4051 1279 4142 episcopum
1336 4050 1807 4124 Gnesnensem
1863 4054 1933 4122 et
1968 4050 2352 4124 Iohannem
2390 4052 2473 4124 de
2511 4050 2964 4125 Oleschnicza
3017 4050 3408 4141 palatinum
3447 4048 3950 4121 Sandomirien·

881 4192 1056 4259 sem,
1124 4171 1245 4262 qui
1308 4170 1571 4242 bellum
1636 4169 2132 4260 compositione
2195 4171 2389 4261 pacis
2454 4170 2986 4261 interciperent,
3061 4172 3184 4240 aut
3247 4168 3310 4240 si
3373 4168 3640 4254 minua,
3719 4174 3954 4258 treuga

880 4290 1410 4381 suspenderent:
1478 4310 1637 4360 nam
1704 4310 1861 4361 cum
1922 4310 2035 4362 res
2090 4290 2276 4362 inter
2330 4292 2746 4364 domesticos
2803 4294 2874 4362 et
2927 4288 3358 4379 homagiales
3419 4286 3652 4379 Regni
3723 4308 3948 4379 agere·

878 4418 1023 4497 tur,
1080 4407 1446 4481 victoriam
1500 4409 1809 4480 futuram
1863 4408 2254 4501 cuicunque
2308 4410 2495 4501 parti
2531 4410 3048 4501 contingentem
3082 4406 3311 4498 Regni
3363 4406 3789 4479 consiliariis
3824 4426 3950 4477 non

879 4531 1132 4603 laetam
1187 4534 1309 4600 aut
1362 4531 1664 4620 gratam,
1722 4529 1843 4599 sed
1898 4529 2121 4622 magis
2177 4528 2637 4603 execrabilem
2693 4532 2762 4601 et
2816 4532 3174 4601 cruentam
3213 4526 3479 4598 censeri
3516 4525 3788 4599 debere.
3827 4523 3950 4615 Qui

877 4670 1033 4722 cum
1086 4653 1454 4739 utramque
1506 4652 1777 4738 partem
1832 4648 2320 4720 convenissent
2351 4648 2412 4737 ⁷)
2469 4654 2539 4721 et
2593 4647 2872 4720 nomine
2925 4646 3142 4738 Regis
3199 4648 3266 4717 et
3320 4644 3548 4736 Regni
3596 4645 3685 4715 ad
3719 4664 3950 4736 pacem

878 4773 948 4842 et
1000 4766 1637 4839 reconciliationem
1694 4765 2044 4839 exhortati
2102 4772 2368 4854 essent,
2435 4766 2990 4857 decisionemque
3053 4764 3206 4836 litis
3235 4762 3300 4851 ⁸)
3353 4784 3478 4854 pro
3545 4768 3734 4835 terra
3789 4763 3946 4834 Dro-

876 4886 1188 4959 hiczensi
1249 4884 1643 4958 Wladislao
1706 4884 1885 4976 Regi
1951 4905 2037 4957 ex
2102 4885 2348 4957 Turcis
2413 4885 2714 4958 feliciter
2770 4884 3094 4957 redeunti
3155 4902 3508 4955 reservare
3563 4881 3945 4964 suaderent,

874 5010 1149 5098 treuga,
1207 5008 1500 5097 utraque
1536 5007 1734 5096 parte
1770 5004 2279 5094 consentiente,
2335 5010 2648 5097 accepta,
2707 5004 3172 5096 conclusaque
3217 5004 3356 5089 est;
3413 5022 3552 5093 qua
3606 5000 3943 5084 conclusa,

1092 5296 1137 5375 ¹)
1182 5296 1547 5358 Drohicense
1592 5292 1716 5357 Ed.
1765 5293 1941 5377 [Αἶρε.
1992 5292 2046 5372 ²)
2078 5292 2478 5370 deposcebant
2510 5288 2660 5356 cod.
2693 5290 2869 5355 Kost.
2905 5291 2954 5371 ³)
2985 5290 3293 5353 Tawczow
3325 5284 3476 5351 cod.
3509 5285 3728 5351 Przcz.
3762 5286 3821 5365 ⁴)
3851 5284 3942 5346 du·

874 5400 1063 5459 cebat.
1110 5396 1235 5461 Ed.
1290 5394 1469 5479 Lips.
1518 5396 1573 5477 ὅ)
1615 5398 1973 5458 inducebant
2015 5392 2140 5456 Ed.
2175 5392 2354 5476 Lipe.
2405 5394 2456 5469 ⁰)
2504 5396 2580 5455 ad
2626 5393 3057 5455 defendendum
3101 5390 3224 5453 Ed.
3265 5389 3436 5473 [Ἀρι.
3486 5390 3540 5470 Ι’)
3577 5392 3942 5452 advenissent

880 5494 1032 5562 Cod.
1078 5497 1294 5562 Przcz.
1344 5498 1395 5577 ⁸)
1442 5502 1582 5559 laeti
1624 5495 1752 5559 Ed.
1800 5494 1979 5579 Lips.
