4342 6384
364 581 496 682 (Α.
537 582 629 657 D.
669 579 899 679 1410.)
1532 603 1759 655 numu
1811 600 2269 657 nnnncmus.
3356 588 3451 659 47

359 787 738 876 meraniae,
799 808 1008 879 quam
1063 808 1190 878 per
1241 787 1645 859 Ianussinm
1701 789 2107 880 Brzoglowy
2147 789 2203 877 ¹)
2259 809 2348 861 ex
2403 792 2633 862 castro
2688 787 3077 881 Bidgoscza
3128 790 3280 863 fieri
3335 814 3451 864 ve-

359 908 723 995 rebantur,
783 908 1075 980 relictus
1129 911 1309 995 erat,
1369 912 1438 979 et
1493 906 1858 980 certamini
1913 928 2069 979 cum
2107 928 2235 979 suo
2272 906 2599 981 banderio
2638 912 2711 979 et
2744 908 3073 1000 gentibus
3120 910 3457 983 interesse

357 1047 496 1097 non
549 1030 848 1117 poterat.

753 1385 1274 1458 vicecancellarii
1317 1386 1818 1475 reprehensione
1860 1386 2116 1457 Bohemi
2162 1402 2204 1457 a
2247 1386 2618 1459 defectione
2664 1390 3073 1460 revocantur.

564 1624 906 1696 Fecerant
957 1624 1091 1695 hac
1143 1621 1258 1695 die
1312 1622 1610 1696 trecenti
1666 1621 1956 1696 Bohemi
2019 1623 2430 1696 mercenarii
2494 1644 2583 1696 ex
2639 1623 2892 1697 castris
2946 1623 3193 1716 regiis,
3259 1625 3450 1717 Rege

357 1743 758 1816 inconsulto
831 1746 900 1815 et
963 1741 1237 1834 ignaro,
1317 1747 1629 1830 metune,
1703 1764 1792 1813 an
1855 1742 2082 1833 pretio
2153 1742 2401 1815 hostili
2473 1743 2824 1834 corrupti,
2899 1744 3243 1817 incertum
3316 1750 3447 1834 est,

355 1861 874 1937 discessionem.
953 1861 1140 1953 Quos
1202 1882 1360 1935 cum
1415 1861 1482 1933 N
1487 1861 1754 1934 icolaus
1817 1860 2046 1954 Regni
2109 1862 2443 1935 Poloniae
2506 1863 3157 1952 vicecancellariuS,
3222 1864 3449 1937 serius

355 1988 586 2055 castra
637 1982 832 2075 regia
887 1978 1216 2074 sequens,
1273 1982 1608 2055 abeuntes
1665 1980 2098 2070 offendisset,
2157 1987 2229 2053 et
2283 2003 2583 2074 quonam
2628 1988 3026 2075 pergerent,
3084 2005 3309 2075 quave
3363 2004 3451 2058 ex

355 2122 566 2175 causa
618 2101 1085 2189 discederent,
1145 2101 1614 2193 interroganS,
1674 2102 1860 2193 quod
1912 2102 2187 2175 emeriti
2242 2102 2579 2193 stipendii
2632 2102 2893 2176 solutio
2947 2104 3097 2176 illis
3150 2125 3276 2195 per
3309 2105 3447 2177 Re-

352 2242 510 2313 gem
575 2243 712 2293 non
769 2221 1209 2313 penderetur,
1274 2242 1688 2313 responsum
1752 2222 2166 2313 accepisset:
2245 2221 2439 2311 Sci0,
2503 2222 2738 2314 inquit
2809 2222 3448 2312 vicecancellariuS,

355 2340 829 2413 Wladislaum
891 2342 1153 2433 Regem
1213 2341 1528 2433 singula,
1595 2362 1772 2432 quae
1835 2341 2225 2430 meruistiS,
2301 2341 2510 2415 etiam
2582 2342 2991 2435 priusquam
3062 2343 3448 2433 meremini,

354 2460 628 2533 abunde
685 2460 1015 2548 solvisse,
1091 2481 1315 2552 neque
1377 2461 1872 2535 discessionem
1937 2465 2243 2535 vestram
2306 2466 2744 2553 praesentem
2812 2484 2936 2535 vos
3002 2463 3295 2552 iniuria,
3362 2464 3447 2535 de

353 2601 494 2671 qua
555 2580 802 2672 utique
871 2581 1058 2672 apud
1128 2582 1392 2673 Regem
1465 2586 1537 2655 et
1607 2582 2044 2655 consiliarios
2115 2582 2421 2673 primum
2494 2582 2690 2673 queri
2764 2582 3122 2656 debebatis
3152 2581 3249 2671 ²),
3324 2582 3446 2656 sed

351 2716 570 2790 pavor
623 2704 692 2773 et
745 2698 1060 2791 ignavia,
1127 2720 1284 2773 cum
1348 2700 1736 2776 didiceritis
1799 2702 2136 2776 hodierna
2199 2702 2310 2776 die
2373 2702 2636 2793 Regem
2700 2701 3044 2793 praelium
3108 2722 3264 2774 cum
3320 2702 3442 2774 ho-

353 2818 582 2892 stibus
635 2818 1077 2907 babiturum,
1137 2820 1359 2893 faeere
1415 2820 1665 2913 coegit.
1723 2821 1858 2912 Qui
1896 2842 2120 2895 sermo
2174 2825 2319 2894 tam
2358 2821 2522 2893 forti
2577 2822 2859 2895 verbere
2897 2822 3242 2894 Bohemos
3286 2842 3441 2912 per-

353 2937 678 3027 strinxit,
733 2939 1208 3031 perfoditque,
1265 2942 1346 3010 ut
1397 2937 1824 3012 discessione
1878 2940 2170 3028 omissa,
2227 2944 2456 3012 castra
2507 2940 2733 3033 regia,
2793 2961 2969 3032 quae
3014 2940 3439 3032 linquerant,

351 3062 775 3149 repeterent,
835 3062 904 3130 et
957 3080 1116 3131 cum
1153 3058 1504 3131 militibus
1541 3058 1790 3151 regiiS‚
1848 3080 2010 3131 mox
2066 3080 2224 3132 cum
2261 3059 2584 3134 hostibus
2638 3080 2885 3132 manus
2940 3060 3329 3133 conserturi
3350 3058 3438 3150 ³),

352 3177 424 3251 in
479 3178 826 3269 praelium
880 3183 1352 3270 properarent.

350 3536 740 3610 vladislaus
783 3536 922 3611 Rex
967 3536 1130 3610 colle
1177 3555 1532 3611 conscenso
1549 3594 1567 3625 ,
1626 3540 1930 3612 hostilem
1977 3541 2457 3630 contempletur
2504 3540 2860 3612 exereitum
2878 3596 2895 3627 ,
2958 3543 3028 3612 et
3072 3558 3204 3612 non
3248 3544 3443 3631 aptos

1127 3658 1296 3731 bello
1340 3658 1424 3730 ecl
1469 3662 1689 3735 outre
1731 3660 2329 3749 inpedimentorum
2372 3659 2673 3732 remittit.

558 3894 938 3986 Completis
995 3896 1082 3967 ad
1136 3894 1491 3987 integrum
1547 3895 1984 3968 Wladislaus
2037 3894 2371 3968 Poloniae
2406 3895 2562 3967 Rex
2618 3894 3212 3968 obsecrationibus
3260 3896 3433 3985 sui8‚

348 4035 486 4085 non
539 4014 680 4086 iam
737 4016 963 4086 solum
1034 4014 1426 4087 Alexandri
1479 4014 1718 4107 Magni
1787 4014 2004 4087 Ducis
2076 4013 2529 4103 Lithnaniae,
2597 4015 2717 4087 sed
2778 4019 2850 4087 et
2910 4016 3219 4088 militum
3274 4037 3433 4088 suo-

347 4154 525 4221 rum,
582 4134 788 4205 illum
841 4134 914 4205 in
979 4154 1170 4205 arma
1233 4134 1320 4205 ad
1381 4134 1728 4225 praelium
1791 4134 2227 4223 vocantium,
2292 4133 2651 4225 precibus,
2707 4134 3267 4226 clamoribusque
3330 4136 3431 4209 fa-

345 4251 614 4343 tigatus
636 4253 723 4341 4),
781 4251 1041 4344 surgit,
1099 4255 1170 4324 et
1224 4272 1416 4323 arma
1469 4252 1799 4341 induenS,
1858 4252 2448 4344 splendidissimis
2520 4252 2733 4326 armis
2794 4276 2837 4326 a
2898 4254 3159 4327 vertice
3210 4276 3435 4346 usque

345 4371 432 4442 ad
496 4372 810 4462 plantam
865 4370 1176 4443 vestiens
1249 4391 1532 4461 corpus,
1607 4370 1810 4442 novis
1877 4375 1944 4443 et
1999 4370 2370 4444 altioribus
2402 4370 2463 4459 ⁵)
2537 4372 2843 4444 militnm
2917 4373 3431 4445 vociferationi·

345 4490 510 4578 bus,
569 4493 650 4561 ut
704 4489 1002 4563 celerius
1057 4490 1336 4582 signum
1389 4510 1664 4582 pugnae
1711 4490 1914 4563 daret
1971 4490 2195 4579 (nihil
2246 4489 2431 4563 enim
2470 4470 2646 4562 satis
2698 4512 2989 4582 propere
3040 4492 3195 4565 fieri
3238 4492 3430 4565 vide-

341 4608 606 4697 batur),
641 4608 1228 4700 ·impugnabatur.
1285 4608 1468 4681 Nam
1523 4608 1658 4681 etsi
1710 4612 1855 4681 tam
1911 4609 2286 4682 Polonicus
2342 4630 2547 4701 qnam
2602 4609 3066 4683 Lithnanicus
3096 4611 3183 4700 ⁶),
3247 4612 3430 4685 acie·

342 4727 476 4799 bus
531 4727 932 4815 instructiS,
987 4728 1064 4800 in
1098 4728 1441 4819 praelium
1479 4727 1984 4816 descendisset,
2040 4728 2324 4800 hostilis
2362 4750 2635 4820 qnoque
2672 4729 3021 4801 exereitus
3076 4751 3113 4802 e
3147 4730 3430 4823 regione

342 4845 429 4917 ad
482 4867 788 4938 pugnam
851 4846 922 4919 et
984 4846 1138 4938 ipse
1199 4851 1508 4919 armatus
1574 4846 2020 4935 consisteret,
2090 4852 2159 4921 et
2224 4847 2309 4919 ab
2364 4847 2665 4921 invicem
2719 4848 2807 4919 ad
2859 4851 3161 4921 tractum
3214 4849 3427 4921 unius

341 4964 642 5056 sagittae
697 4964 821 5037 vix
875 4964 1251 5054 distarent,
1307 4965 1672 5057 praeludia
1709 4986 1982 5057 quoque
2038 4966 2631 5039 concertationum
2686 4966 3069 5039 interillos
3121 4967 3427 5058 persin-

555 5247 604 5335 1)
651 5252 964 5312 Ianiszium
1006 5253 1428 5328 Brzozoglowy
1475 5248 1626 5315 cod.
1671 5249 1863 5314 Rozr.
1913 5250 1968 5333 ²)
2016 5254 2341 5314 debebatur
2382 5252 2509 5315 Ed.
2540 5252 2720 5338 [Aps.
2770 5254 2823 5334 ³)
2869 5257 3227 5318 conserturis
3275 5252 3429 5320 cod.

336 5351 529 5416 Rozr.
580 5351 632 5433 ⁴)
677 5354 959 5431 fatigatus
1003 5351 1174 5417 deest
1215 5355 1290 5416 in
1337 5350 1488 5418 Cod.
1539 5350 1715 5418 Calv.
1761 5363 1821 5416 et
1847 5352 2022 5418 Kost.
2074 5354 2126 5435 ⁵)
2171 5358 2309 5417 altis
2354 5354 2480 5417 Ed.
2512 5354 2695 5441 Lips.
2744 5354 2799 5445 ⁶)
2829 5358 3215 5425 Lithuanicus
3258 5362 3428 5427 miles

341 5452 493 5519 Cod.
538 5452 730 5518 Rozr.
