4342 6384
880 525 1032 596 210
2078 543 2307 596 LIBER
2356 542 2817 596 mmmmm.
3440 518 3573 620 (Α.
3610 519 3706 594 D.
3746 517 3985 619 1417.)

891 751 1088 820 „cere
1126 731 1180 819 ¹)
1237 727 1624 802 Ecclesiae:
1700 749 1910 822 quam
1967 727 2133 820 quia
2188 727 2399 802 etiam
2462 749 2603 799 non
2666 726 2969 816 audivit,
3034 727 3395 801 habendus
3470 727 3566 800 sit
3644 733 3987 820 tanquam

893 849 1264 938 „ethnicus
1319 853 1391 922 et
1441 848 1895 941 publicanus:
1953 847 2265 940 capitula
2319 849 2393 920 in
2448 868 2659 920 causa
2713 847 3198 939 inquisitionis
3252 846 3418 921 fidei
3470 853 3541 920 et
3578 847 3989 921 schismatis

893 990 1167 1058 „coram
1217 974 1584 1061 praesente
1639 973 1882 1042 sancta
1910 967 1972 1058 2)
2026 968 2337 1060 generali
2392 967 2695 1059 Synod0‚
2756 988 2963 1059 super
3016 968 3422 1059 praemissis
3478 972 3546 1040 et
3601 966 3767 1040 aliis
3825 989 3989 1040 con-

892 1095 1043 1179 „tra
1097 1111 1253 1162 eum
1311 1088 1531 1178 edita,
1597 1110 1676 1160 ac
1728 1089 2014 1160 illorum
2076 1087 2340 1162 veritas
2373 1085 2435 1177 ³)
2502 1092 2572 1161 et
2634 1088 3017 1162 notorietas
3073 1089 3429 1161 declarant
3457 1089 3520 1178 4)
3586 1087 3989 1160 manifeste.

892 1209 1160 1300 „Super
1217 1209 1472 1300 quibus
1527 1208 1662 1281 rite
1696 1207 1756 1298 5)
1813 1211 1883 1281 et
1937 1207 2265 1280 canonice
2320 1227 2676 1298 processe,
2734 1212 2805 1280 et
2858 1206 3179 1279 omnibus
3233 1206 3370 1278 rite
3424 1206 3603 1278 actis
3658 1209 3731 1277 et
3760 1206 3827 1296 ⁶)
3886 1205 3991 1276 di-

893 1328 1234 1418 „ligenter
1307 1327 1643 1419 inspectis
1677 1327 1763 1416 ⁷),
1838 1326 2219 1417 habitaque
2292 1346 2502 1417 super
2574 1325 2725 1398 illis
2788 1325 3291 1399 deliberatione
3364 1330 3670 1414 matura,
3752 1326 3995 1397 eadem

893 1452 1178 1538 „sancta
1205 1446 1270 1536 8)
1323 1447 1668 1539 generalis
1727 1446 2082 1538 synodus,
2122 1446 2595 1519 universalem
2635 1445 3019 1518 Ecclesiam
3068 1449 3631 1537 repraesentans,
3690 1444 3767 1517 in
3804 1445 3997 1516 dicta

896 1567 1422 1659 „inquisitionis
1479 1588 1690 1638 causa
1751 1587 1875 1657 pro
1941 1565 2283 1639 tribunali
2339 1566 2619 1654 sedenS,
2687 1566 3127 1657 pronuntiat,
3186 1565 3497 1637 decernit
3552 1570 3623 1636 et
3677 1565 3997 1636 declarat

895 1707 1062 1777 „per
1116 1688 1294 1758 hanc
1349 1684 1798 1758 diffinitivam
1839 1685 2260 1757 sententiam
2316 1685 2389 1756 in
2426 1685 2539 1756 his
2597 1685 2913 1776 scriptis:
2972 1685 3264 1757 eundem
3311 1686 3599 1757 Petrum
3638 1685 3725 1756 de
3764 1685 3996 1768 Luna,

895 1806 1398 1894 „Benedictum
1439 1804 1922 1892 tredecimum,
1962 1810 2044 1876 ut
2080 1804 2583 1896 praemittitur,
2625 1810 3137 1896 nuncupatum,
3198 1805 3417 1877 fuisse
3454 1809 3523 1876 et
3562 1825 3718 1876 esse
3756 1803 3997 1895 periu-

896 1946 1116 2013 „rum,
1157 1924 1581 1997 universalis
1612 1924 1969 1996 Ecclesiae
2009 1923 2651 2011 scandalizatorem,
2686 1925 3025 1996 fautorem
3064 1930 3133 1996 et
3161 1925 3578 1996 nutritorem
3614 1923 4001 1996 inveterati

896 2045 1343 2131 „schismatis
1401 2049 1469 2116 ot
1523 2044 1954 2116 inveteratae
2011 2043 2360 2115 scissurae
2416 2049 2485 2115 et
2514 2044 2577 2131 9)
2644 2043 3014 2116 divisionis
3070 2044 3427 2116 Ecclesiae
3482 2043 3785 2116 Sanctae
3841 2041 3997 2126 Dei,

899 2165 1134 2258 „pacis
1191 2169 1260 2236 et
1313 2163 1595 2235 unionis
1653 2163 1961 2235 eiusdem
2017 2162 2376 2235 Ecclesiae
2432 2163 2914 2255 impeditorem
2970 2167 3039 2236 et
3079 2165 3530 2252 turbatorem,
3590 2162 3998 2234 schismati-

904 2306 1102 2374 „cum
1159 2289 1230 2355 et
1281 2282 1744 2370 haereticum,
1803 2305 1844 2353 a
1898 2283 2032 2354 fide
2086 2282 2399 2370 devium,
2460 2288 2529 2354 et
2584 2283 2869 2355 articuli
2923 2282 3114 2354 fidei:
3190 2283 3421 2353 Unam
3478 2282 3813 2353 Sanctam
3872 2281 3999 2352 Ca-

899 2404 1275 2495 „tholicam
1342 2403 1760 2490 Ecclesiam,
1828 2403 2240 2474 violatorem
2303 2403 2761 2493 pertinacem,
2838 2423 2992 2473 cum
3060 2402 3387 2473 scandalo
3450 2402 3812 2472 Ecclesiae
3870 2401 3998 2472 Dei

900 2523 1523 2616 „incorrigibilem,
1581 2523 1932 2594 notorium
1987 2527 2059 2594 et
2113 2523 2595 2609 manifestum,
2654 2543 2733 2594 ac
2770 2522 2957 2593 omni
3013 2522 3248 2609 titulo,
3304 2521 3558 2612 gradU,
3616 2521 3885 2592 honore
3934 2525 4005 2591 et

903 2643 1293 2736 „dignitate
1349 2664 1424 2715 se
1479 2641 1869 2714 reddidisse
1925 2641 2322 2732 indignum,
2382 2663 2421 2712 a
2475 2642 2619 2713 Deo
2672 2641 3007 2714 reiectum
3072 2646 3141 2711 et
3194 2641 3619 2730 praecisum,
3682 2644 3754 2710 et
3808 2639 4005 2711 omni

899 2764 1091 2852 „iure
1147 2763 1368 2836 eidem
1426 2762 1498 2834 in
1553 2763 1827 2853 Papatu
1883 2765 1954 2832 et
2010 2760 2322 2832 Romano
2395 2760 2765 2832 Pontificio
2820 2781 2899 2831 ac
2954 2761 3267 2831 Romana
3321 2759 3637 2832 Ecclesia
3710 2781 4004 2851 quomo-

905 2884 1211 2972 „dolibet
1275 2885 1739 2972 competente,
1815 2880 1968 2970 ipso
2033 2880 2185 2952 iure
2248 2880 2633 2972 privatum,
2710 2885 2779 2954 et
2850 2881 2935 2951 ab
3000 2879 3186 2951 omni
3260 2878 3575 2952 Ecclesia
3648 2880 4005 2951 catholica

905 3008 1277 3092 „tanquam
1332 3000 1713 3073 membrum
1769 2999 2042 3072 aridum
2101 3003 2171 3072 et
2210 3000 2304 3088 ¹⁰)
2359 2999 2771 3090 praecisum.
2830 3000 3212 3090 Ipsumque
3266 2999 3588 3084 Petrum,
3648 3005 4005 3089 quatenus

906 3121 1032 3207 „de
1088 3123 1268 3192 facto
1323 3120 1666 3209 Papatum
1743 3120 2126 3192 secundum
2191 3140 2266 3192 se
2320 3123 2541 3206 tenet,
2608 3119 2844 3190 eadem
2912 3124 3151 3192 sancta
3206 3119 3529 3210 Synodus
3596 3119 3876 3209 Papatu
3936 3125 4005 3189 et

907 3241 1234 3328 „Summo
1290 3239 1643 3312 Ecclesiae
1700 3239 2052 3312 Romanae
2106 3239 2513 3327 PontificiO,
2571 3239 2897 3330 omnique
2953 3240 3188 3328 titulo,
3243 3239 3495 3331 gradu,
3550 3239 3840 3325 honore,
3900 3239 4007 3308 di-

908 3359 1250 3452 „gnitate,
1308 3359 1663 3432 beneficiis
1730 3363 1801 3431 et
1857 3359 2108 3432 officiis
2178 3359 2765 3451 quibuscumque,
2833 3359 2919 3430 ad
2984 3379 3253 3462 omnem
3317 3360 3665 3430 cautelam
3738 3359 4005 3448 privat,

909 3479 1239 3571 „deponit
1293 3483 1364 3551 et
1418 3479 1692 3566 abiicit,
1753 3479 2115 3572 eidemque
2168 3478 2474 3568 inhibet,
2541 3499 2629 3551 ne
2684 3478 3011 3571 deinceps
3064 3499 3190 3570 pro
3245 3479 3441 3569 Papa
3505 3483 3629 3549 aut
3684 3479 4009 3550 Romano

909 3604 1020 3688 „et
1077 3599 1358 3672 Summo
1422 3599 1762 3672 Pontifice
1827 3621 1900 3672 se
1953 3604 2185 3692 gerat3
2253 3619 2635 3690 omnesque
2692 3598 3145 3672 Christicolas
3210 3599 3295 3670 ab
3360 3597 3511 3670 eius
3577 3597 4009 3685 obedientia,

910 3725 1022 3808 „et
1078 3719 1266 3790 omni
1320 3718 1554 3792 debito
1630 3718 2062 3792 obedientiae
2127 3718 2357 3810 ipsius
2426 3722 2635 3811 atque
2688 3718 3105 3793 iuramentis
3170 3723 3239 3790 et
3295 3717 3853 3810 obligationibus
3912 3718 4013 3789 ei-

910 3839 1111 3927 „dem
1168 3837 1687 3929 quomodolibet
1741 3839 2137 3929 praestitiS,
2198 3838 2503 3911 absolvit
2557 3844 2628 3911 et
2665 3839 3025 3910 absolutos
3082 3839 3226 3910 fore
3263 3838 3603 3924 declarat,
3662 3859 3743 3909 ac
3780 3838 4009 3908 omni-

910 3959 1084 4045 „bus
1141 3962 1210 4030 et
1265 3956 1568 4048 singulis
1634 3957 1895 4030 Christi
1959 3958 2287 4030 fidelibus
2351 3958 2625 4030 inhibet
2691 3959 2820 4030 sub
2886 3957 3129 4050 poenis
3196 3957 3538 4029 fautoriae
3596 3957 4013 4029 schismatis

913 4081 1025 4164 „et
1080 4075 1418 4163 haeresiS‚
1477 4081 1686 4168 atque
1723 4076 2116 4167 privatione
2158 4077 2468 4149 omnium
2506 4078 3028 4163 beneficiorum,
3087 4076 3512 4169 dignitatum
3552 4080 3622 4148 et
3657 4076 4014 4147 honorum

914 4193 1588 4282 „ecclesiasticorum
1644 4202 1714 4267 et
1752 4197 2290 4286 mundanorum,
2348 4203 2419 4270 et
2456 4199 2619 4270 aliis
2675 4198 2919 4290 poenis
2956 4197 3157 4285 iuriS,
3215 4196 3492 4269 etiamsi
3548 4195 4009 4287 episcopalia,

915 4313 1482 4404 „patriarchalis,
1549 4315 2066 4403 CardinalatuS,
2137 4315 2396 4408 regalis
2453 4317 2548 4388 sit
2612 4316 2953 4408 dignitas,
3032 4321 3155 4388 ant
3217 4315 3637 4408 imperialis:
3716 4315 4012 4406 quibua,

917 4433 1022 4521 „si
1077 4436 1320 4504 contra
1372 4433 1550 4505 hanc
1602 4434 2090 4506 inhibitionem
2129 4436 2443 4523 fecerint,
2502 4435 2645 4508 sint
2683 4436 3109 4508 authoritate
3164 4436 3376 4507 huius
3415 4435 3675 4507 decreti
3734 4441 3807 4506 et
3852 4457 4013 4507 seu-

918 4551 1224 4641 „tentiae
1279 4551 1430 4642 ipso
1489 4553 1667 4624 facto
1722 4553 2016 4643 privati,
2077 4559 2148 4626 et
2184 4555 2363 4626 alias
2420 4555 2595 4626 iuris
2634 4555 2993 4627 incurrant
3047 4577 3339 4646 poenas;
3398 4577 3483 4628 ne
3521 4555 3743 4626 eidem
3796 4555 4016 4628 Petro

919 4673 1044 4760 „de
1099 4671 1331 4759 Luna,
1391 4671 1834 4744 schismatico
1891 4678 1961 4744 et
2016 4674 2363 4746 haeretico
2421 4674 2918 4766 incorrigibili,
2978 4676 3281 4763 notori0‚
3353 4676 3701 4747 declarato
3762 4681 3839 4746 et
3900 4676 4017 4747 de-

920 4790 1222 4882 „posit0,
1283 4795 1612 4880 tanquam
1669 4791 1899 4881 Papae
1955 4793 2313 4880 obediant,
2372 4799 2695 4884 pareant,
2753 4796 2867 4866 vel
2904 4795 3304 4882 intendant,
3361 4799 3484 4866 aut
3539 4815 3694 4866 eum
3754 4796 4018 4886 quovis

923 4911 1163 4999 „modo
1221 4915 1460 4981 contra
1514 4911 1898 5000 praemissa
1961 4913 2359 4985 sustineant
2422 4915 2538 4985 vel
2590 4918 2977 5006 receptent,
3049 4914 3321 5006 sibique
3384 4918 3748 5006 praestent
3805 4915 4017 4988 auxi-

1131 5198 1176 5278 ¹)
1224 5201 1416 5261 dictae
1465 5196 1618 5262 Cod.
1661 5199 1836 5264 Calv.
1888 5201 1940 5282 ⁹)
1987 5221 2158 5264 sacra
2202 5201 2326 5265 Ed.
2358 5201 2539 5286 Lips.
2590 5203 2643 5282 ³)
2692 5204 2937 5264 aliorum
2966 5205 3226 5265 varietas
3258 5201 3383 5266 Ed.
3416 5200 3595 5286 Lips.
3646 5201 3697 5280 ⁴)
3748 5206 4027 5267 declarat

921 5297 1072 5364 Cod.
1117 5299 1307 5365 Rozr.
1361 5301 1413 5382 ὅ)
1461 5305 1614 5364 iuste
1671 5302 1821 5366 Ood.
1869 5301 2060 5366 Rozr.
2110 5303 2165 5385 ⁶)
2212 5326 2283 5366 ac
2332 5303 2483 5369 Cod.
2532 5305 2721 5369 Rozr.
2773 5305 2822 5386 7)
2870 5310 3169 5385 processis
3222 5313 3282 5369 et
3326 5308 3606 5384 inspeetis
3650 5305 3783 5371 Ed.
3833 5307 4023 5392 Lips.

921 5403 972 5486 ⁸)
1020 5423 1189 5466 sacra
1235 5402 1361 5468 Ed.
1408 5404 1590 5490 Lips.
1639 5405 1692 5488 ⁹)
1737 5427 1808 5469 ac
1850 5404 1976 5471 Ed.
2029 5406 2209 5494 Lips.
2266 5407 2347 5492 ¹⁰)
2392 5411 2623 5472 aridum
2666 5429 2799 5474 esse
2855 5409 3012 5476 eod.
3062 5408 3253 5474 Rozr.
