4342 6384
349 586 481 686 (Α.
521 587 612 661 D.
653 585 884 685 1431.)
1524 611 1750 696 muns
1780 609 2261 662 rmnucmus.
3295 591 3447 663 463

351 795 552 867 homo
611 794 1022 886 prudentiae
1086 793 1467 886 singularis
1541 798 1611 866 et
1673 795 2058 866 multarum
2121 815 2353 866 rerum
2427 797 2792 884 expertae,
2870 815 3045 867 onus
3111 794 3447 887 suscepit.

353 914 488 987 Sed
541 916 822 987 fortuna
876 914 1094 1007 Regis
1149 935 1304 986 cum
1361 915 1551 986 Duce
1605 918 1876 985 mutata
1929 935 2067 984 non
2123 918 2265 985 est:
2334 913 2673 986 Albertus
2726 913 3061 988 Austriae
3115 914 3449 1006 Princeps

351 1055 473 1124 per
526 1033 909 1106 Moraviam
965 1053 1128 1104 suas
1183 1032 1418 1124 copias
1474 1033 1722 1106 ducere
1776 1033 2039 1106 iussus.
2095 1033 2183 1105 In
2238 1033 2575 1105 comitatu
2631 1032 3053 1123 CardinaIiS,
3112 1035 3450 1106 Albertus

354 1157 423 1224 et
476 1152 1018 1244 christophorus
1076 1153 1450 1240 Bavariae‚
1520 1157 1589 1224 01
1652 1152 2057 1225 Fridericus
2124 1151 2470 1225 saxoniae
2525 1153 2753 1226 Duces
2820 1155 3045 1242 fuere,
3101 1154 3449 1227 Iohannes

355 1277 425 1344 et
480 1272 816 1346 Albertus
871 1271 1236 1362 Principes
1276 1272 1933 1364 Brandeburgenses
1989 1293 2144 1343 cum
2182 1277 2407 1363 patre,
2465 1292 2675 1363 penes
2732 1293 2935 1364 quem
2971 1273 3146 1346 belli
3182 1295 3453 1347 summa

356 1397 536 1480 erat3
592 1391 1162 1482 Herbipolensis,
1222 1391 1790 1483 Bambergensis,
1836 1391 2160 1464 Estensis
2192 1393 2270 1480 ¹),
2310 1391 2652 1483 episcopi,
2711 1412 2869 1464 cum
2908 1393 3241 1466 societate
3279 1393 3448 1466 Sue-

355 1531 598 1583 vorum
655 1516 724 1585 et
775 1511 1246 1603 imperialium
1302 1511 1672 1583 civitatum
1727 1510 2213 1602 magistratus,
2271 1511 2439 1583 Cum
2479 1511 2729 1583 deinde
2784 1511 3136 1584 exercitus
3192 1513 3448 1584 multo-

354 1653 510 1702 rum
584 1630 992 1722 Principum
1067 1630 1518 1718 Almanniae,
1593 1629 1669 1702 in
1733 1629 2188 1702 multitudine
2250 1628 2451 1722 gravi
2533 1634 2677 1702 tam
2740 1632 3169 1722 pedestrium
3243 1653 3452 1724 quam

359 1749 818 1841 equestrium,
885 1754 967 1820 ut
1021 1749 1146 1822 vix
1211 1750 1377 1822 illos
1433 1755 1620 1823 terra
1683 1770 1925 1840 capere
1979 1754 2250 1840 posset,
2319 1769 2613 1841 cumque
2681 1752 3047 1842 splendido
3102 1753 3327 1845 magis
3382 1757 3454 1824 et

356 1869 755 1957 luxurioso,
817 1890 1024 1960 quam
1077 1869 1413 1943 bellicoso
1479 1873 1549 1943 et
1602 1869 1904 1942 terrifico
1959 1875 2332 1961 apparatu,
2398 1869 2473 1941 in
2509 1869 3058 1964 Nurembergam
3110 1893 3235 1964 pro
3291 1893 3451 1945 con-

359 1988 615 2061 stituta
650 1988 764 2060 die
819 1988 1342 2078 convenissent,
1399 1993 1470 2062 et
1507 1988 1788 2078 abinde,
1845 1989 2301 2080 praecedente
2338 1988 2725 2062 exercitum
2772 1990 3051 2063 Iuliano
3091 1991 3455 2066 cardinale

357 2129 516 2182 cum
571 2128 804 2196 cruce,
859 2107 934 2180 10
971 2109 1227 2201 Egram
1282 2108 1670 2197 venissent,
1729 2108 1939 2182 motis
1995 2108 2247 2181 castris
2304 2129 2391 2181 ex
2428 2110 2645 2202 Egra,
2704 2110 2992 2199 silvam,
3052 2133 3227 2203 quae
3282 2111 3449 2185 Mis-

361 2249 560 2300 snam
615 2233 686 2300 et
721 2227 1096 2300 Bavariam
1151 2251 1192 2300 a
1227 2229 1564 2302 Bohemia
1617 2228 1888 2301 dirimit
1919 2227 2004 2316 2),
2061 2250 2201 2302 non
2240 2229 2389 2301 sine
2444 2229 2863 2303 difficultate
2919 2251 3238 2320 onerosa,
3298 2252 3454 2312 cum

361 2347 739 2440 quadrigas
795 2348 1134 2420 haberent
1196 2348 1700 2423 commeatibus
1753 2369 2036 2440 graves,
2109 2353 2475 2439 superant,
2533 2354 2604 2421 et
2658 2355 2888 2424 castra
2940 2351 3015 2422 10
3066 2353 3278 2442 plano
3331 2373 3453 2443 po-

361 2470 573 2556 nunt,
630 2466 1040 2540 Bohemiam
1094 2469 1474 2557 vastaturi,
1531 2471 1655 2539 aut
1709 2487 1864 2539 cum
1919 2466 2293 2540 haereticis
2349 2469 2711 2557 Bohemis„
2780 2491 2954 2561 quos
3006 2472 3253 2542 nullus
3308 2491 3452 2544 cre-

362 2587 570 2661 debat
626 2592 862 2660 tantae
918 2587 1364 2660 multitudini
1419 2607 1776 2661 occurrere
1830 2587 2085 2660 audere
2116 2585 2202 2677 3),
2261 2588 2724 2680 congressuri.
2792 2590 2885 2661 Et
2940 2589 3261 2680 quamvis
3321 2592 3454 2663 Bo-

361 2706 586 2780 hemis
641 2707 1014 2780 haereticis
1070 2707 1304 2780 tenuis
1359 2713 1526 2781 tunc
1564 2713 1750 2781 esset
1805 2707 2192 2796 exercituS,
2250 2707 2451 2780 cuius
2508 2713 2705 2780 erant
2759 2707 2921 2781 Dux
2962 2708 3455 2802 sigismundus
3526 2802 3531 2805 Α

363 2827 720 2900 Koributh
775 2832 845 2900 et
897 2827 1279 2919 Procopius
1335 2829 1686 2916 sacerdoS‚
1744 2828 1986 2916 (111003,
2063 2827 2576 2919 quamprimum
2630 2831 2863 2901 tamen
2918 2828 3003 2900 ab
3060 2830 3455 2921 explorato-

361 2946 559 3019 ribus
615 2947 803 3019 docti
841 2952 1036 3035 sunt,
1079 2947 1461 3020 exercitum
1499 2948 1997 3020 Almannicum
2037 2947 2291 3020 silvam
2348 2952 2862 3040 transgressum
2900 2950 3043 3021 fore
3071 2949 3135 3038 ⁴¹)
3194 2953 3264 3020 01
3314 2953 3455 3021 sta-

366 3067 516 3139 tiva
570 3088 698 3139 sua
759 3067 834 3138 in
889 3067 1266 3140 Bohemiae
1331 3068 1564 3159 planis
1625 3069 1980 3158 posuisse,
2048 3073 2289 3140 contra
2354 3067 2519 3140 11103
2584 3066 2982 3140 dimicaturi
3048 3069 3454 3159 procedunt.

367 3187 459 3258 Et
514 3186 650 3258 iam
688 3185 815 3258 vix
869 3186 1126 3278 viginti
1181 3187 1500 3259 millibus
1557 3187 1942 3259 stadiorum
1997 3187 2316 3258 aberant:
2374 3187 2567 3259 illico
2600 3187 2685 3276 5),
2744 3187 2978 3260 nescio
3016 3187 3176 3279 quis
3214 3187 3460 3280 ingens

368 3327 604 3397 pavor,
663 3306 864 3378 0111113
921 3327 1130 3378 causa
1185 3329 1322 3378 non
1379 3307 1695 3394 suberat,
1753 3308 2261 3378 Almannorum
2300 3307 2569 3379 animos
2624 3307 3013 3397 concussit,
3072 3329 3159 3380 ex
3198 3309 3460 3381 denun-

367 3426 663 3498 tiatione
718 3425 1238 3498 advenientium
1278 3426 1590 3499 hostium
1628 3429 1854 3515 ortuS,
1899 3425 2209 3516 totisque
2246 3427 2497 3500 castris
2535 3426 2959 3516 trepidatum
2988 3427 3075 3515 6);
3134 3427 3252 3519 qui
3294 3428 3463 3500 adeo

369 3545 774 3618 universum
831 3547 1217 3619 exercitum
1271 3547 1612 3638 pervasit,
1688 3550 1770 3616 ut
1822 3546 2034 3617 robur
2095 3546 2280 3618 tanti
2336 3546 2686 3618 exercitus
2762 3548 2912 3618 sola
2965 3548 3149 3618 fama
3202 3547 3460 3619 adven-

371 3668 492 3736 tus
542 3664 888 3753 hostium,
945 3687 1071 3737 nec
1127 3666 1406 3757 quidem
1436 3667 1496 3756 ⁷)
1551 3666 1876 3738 hostibus
1931 3665 2142 3754 visiS,
2202 3665 2517 3738 crederes
2571 3667 3024 3738 confractum.
3097 3666 3164 3737 A
3198 3666 3459 3757 primo-

368 3785 568 3858 ribus
623 3785 893 3875 itaque,
953 3790 1022 3856 et
1075 3786 1162 3856 ab
1200 3786 1354 3874 ipso
1393 3787 1583 3857 Duce
1621 3785 2018 3856 Marchione
2057 3785 2667 3876 Brandeburgensi
2723 3789 2874 3857 orta
2911 3786 3109 3876 fuga,
3167 3790 3236 3857 et
3273 3789 3464 3857 metu
3498 3785 3504 3792 ’

371 3904 575 3995 quasi
629 3903 912 3975 maioris
964 3903 1261 3994 periculi
1325 3925 1562 3976 001003
1617 3904 1968 3992 concussi,
2027 3904 2100 3974 in
2152 3905 2385 3995 fugam
2443 3909 2835 3993 vertuntur,
2894 3905 3145 3976 castris
3200 3909 3270 3976 01
3306 3925 3460 3975 cur-

369 4023 567 4095 ribus
650 4029 859 4115 atque
934 4023 1484 4112 impedimentis,
1571 4023 1757 4094 omni
1830 4043 2080 4114 genere
2152 4023 2562 4096 divitiarum
2637 4027 2707 4094 et
2770 4023 3134 4113 epularum
3206 4024 3461 4114 pleniS,

367 4143 564 4214 hosti
616 4143 908 4216 relictis.
967 4143 1162 4232 Quod
1217 4163 1374 4214 cum
1430 4143 1758 4216 Bohemis
1813 4143 2221 4230 haereticiS,
2282 4165 2572 4232 quorum
2612 4163 2859 4234 agmen
2916 4144 3141 4214 fuerat
3194 4143 3267 4214 in
3304 4165 3461 4235 pro-

365 4263 671 4354 pinquo,
736 4283 858 4352 per
913 4269 1224 4354 agrestes
1287 4263 1580 4354 pavidos
1643 4262 2046 4333 nuntiatum
2111 4267 2329 4348 esset,
2398 4263 2647 4335 addere
2708 4262 3055 4352 perculsis
3120 4263 3465 4353 timorem,

367 4386 446 4454 01
501 4382 764 4454 instare
820 4380 1254 4472 fugientibus
1311 4387 1708 4472 coeperunt.
1768 4381 2014 4473 Neque
2050 4382 2284 4452 clades
2342 4381 2493 4452 illic
2548 4385 2671 4453 aut
2708 4381 3099 4471 dimicati0,
3158 4384 3279 4456 sed
3319 4388 3465 4456 tru-

365 4501 636 4574 cidatio
693 4501 858 4572 fuit:
919 4501 1082 4572 dum
1123 4502 1416 4574 Bohemi
1473 4503 1546 4573 in
1583 4502 2090 4573 Almannorum
2145 4501 2371 4573 dorsis
2426 4502 2827 4590 haerentes,
2888 4523 3035 4590 eos,
3096 4523 3269 4593 quos
3307 4523 3465 4576 con-

365 4621 583 4712 sequi
615 4625 971 4712 poterant,
1029 4626 1152 4692 aut
1189 4621 1626 4708 occidebant,
1686 4624 1810 4693 aut
1846 4621 2319 4711 captivabant.
2380 4621 2735 4693 Silvarum
2774 4620 3086 4693 densitas
3136 4621 3465 4712 fugienti—

359 4744 513 4812 bus
567 4740 865 4813 addebat
901 4741 1370 4829 formidinem,
1413 4729 1653 4829 veriti‚
1692 4760 1780 4812 ne
1820 4761 1906 4813 ex
1944 4741 2237 4813 latebris
2266 4740 2328 4829 8)
2368 4741 2691 4813 arborum
2727 4741 2967 4812 hostes
3006 4746 3466 4831 erumperent.

361 4860 728 4934 Bohemos
769 4861 831 4948 ⁹)
887 4881 1134 4932 currus
1199 4862 1632 4953 multiplices
1689 4866 1759 4933 et
1811 4881 2094 4952 graveS‚
2156 4860 2565 4952 sarcinaque
2619 4882 2849 4932 rerum
2904 4859 3365 4951 pretiosarum
3404 4866 3474 4934 et

358 4979 758 5068 nobilium,
816 4980 1071 5070 quibus
1129 4985 1352 5054 strata
1395 4985 1635 5069 erant,
1693 4981 1980 5069 itinera,
2039 5003 2126 5052 ne
2163 4984 2754 5070 consequerentur
2806 4979 3191 5072 fugienteS,
3248 4999 3470 5052 mora-

599 5267 646 5350 ¹)
692 5277 752 5331 et
791 5271 1062 5331 Estensis
1105 5267 1234 5330 Ed.
1283 5267 1464 5352 Lipe.
1512 5269 2087 5348 (Eichstaedtensis).
2135 5267 2190 5348 2)
2236 5270 2448 5330 dividit
2494 5265 2647 5332 cod.
2694 5267 2871 5330 Kost.
2922 5267 2973 5348 ³)
3017 5287 3265 5330 ausuros
3320 5267 3475 5332 cod.

353 5372 580 5439 Rozr.
626 5370 679 5450 ⁴)
726 5390 858 5434 esse
906 5367 1058 5434 Cod.
1103 5369 1295 5434 Rozr.
1347 5370 1398 5452 ⁵)
1443 5389 1575 5432 cum
1617 5374 1776 5432 illico
1825 5367 1976 5434 Cod.
2007 5369 2201 5434 Rozr.
2250 5370 2303 5452 ⁶)
2348 5373 2705 5448 trepidatum
2748 5377 2841 5432 est
2887 5366 3041 5432 Cod.
3072 5368 3265 5433 Rozr.
3316 5367 3371 5456 ⁷)
3400 5391 3478 5433 110

352 5480 526 5544 dum
573 5469 724 5538 Cod.
759 5471 950 5538 Rozr.
999 5470 1053 5560 ⁸)
1100 5476 1324 5554 veritis,
1371 5493 1446 5536 ne
1490 5493 1564 5536 ex
1606 5476 1890 5536 lateribus
1940 5469 2090 5538 Cod.
2151 5473 2344 5538 Rozr.
2395 5471 2451 5559 ⁹)
2496 5475 2790 5537 Bohemos
2836 5479 3031 5536 autem
3082 5469 3234 5537 Cod.
3282 5470 3474 5540 Rozr.
