4342 6384
858 517 1007 588 336
2017 539 2246 592 mal-:n
2297 539 2754 594 unnncnms.
3371 519 3508 622 (Α.
3547 518 3638 594 D.
3677 520 3932 620 1425.)

1812 837 2023 910 Pestis
2065 837 2134 908 in
2180 837 2442 908 Pelonia
2485 839 2556 908 et
2598 837 2963 910 titinnania.

1052 1080 1160 1152 Ex
1226 1079 1679 1152 conventione
1744 1078 2107 1152 Brestensi
2170 1079 2608 1152 wladislaus
2673 1082 2828 1153 Rex
2891 1101 3049 1154 cum
3113 1085 3432 1154 consorte
3485 1103 3612 1154 sua
3667 1083 3928 1174 Sophia

846 1198 1117 1290 Regina
1170 1198 1242 1271 in
1296 1198 1747 1271 Lithuaniam
1802 1198 2123 1288 divertit,
2181 1204 2254 1272 et
2306 1200 2458 1272 illic
2511 1199 2762 1272 hiemis
2817 1205 3092 1291 tempus
3149 1200 3222 1272 in
3259 1201 3748 1275 venationibus
3803 1203 3922 1276 de-

845 1317 1052 1390 duxit
1082 1319 1167 1408 1);
1225 1318 1529 1390 nondum
1584 1317 1769 1390 enim
1823 1318 1977 1390 lues
2030 1319 2510 1409 pestilentica,
2579 1320 2652 1390 in
2717 1321 2958 1411 Regno
3013 1320 3346 1392 Poloniae
3399 1320 3750 1410 saevienS,
3805 1321 3922 1393 Li-

844 1437 1247 1510 thuanicam
1302 1458 1489 1509 oram
1544 1439 1977 1528 pervaserat,
2036 1443 2287 1528 expost
2315 1435 2376 1525 ²)
2433 1442 2664 1510 tamen
2704 1439 3073 1529 serpendo,
3113 1438 3326 1510 etiam
3363 1439 3438 1511 in
3473 1439 3922 1512 Lithuaniam

842 1564 1162 1648 grassata
1214 1559 1356 1644 est3
1412 1561 1831 1648 coactusque
1893 1555 2332 1628 Wladislaus
2399 1557 2728 1628 Poloniae
2793 1557 2948 1628 Rex
3005 1561 3074 1628 et
3129 1557 3532 1632 Alexander
3585 1559 3922 1630 Withaw-

844 1675 1007 1762 duS,
1065 1675 1374 1766 oppidis,
1430 1675 1681 1748 castris
1738 1679 1808 1748 et
1860 1674 2079 1747 curiis
2132 1674 2520 1763 derelictis,
2581 1675 2654 1746 in
2709 1675 3048 1748 silvarum
3105 1682 3175 1750 et
3228 1698 3588 1750 nemorum
3633 1677 3924 1750 latebris

842 1793 1067 1867 hieme
1122 1793 1348 1866 media
1401 1794 1829 1866 commorari.
1896 1794 2129 1866 Filius
2201 1797 2436 1866 autem
2499 1793 2875 1866 Wladislai
2929 1795 3146 1886 Regis
3201 1796 3636 1869 Wladislaus
3691 1797 3923 1868 infans

844 1911 918 1983 in
956 1911 1329 1985 Chanczini
1366 1916 1671 1984 castrum
1724 1912 1999 1986 delatus
2055 1919 2195 2002 est,
2252 1914 2371 1986 ubi
2409 1934 2533 2005 per
2569 1935 2770 1986 omne
2807 1913 3178 2004 epidimiae
3217 1919 3493 2006 tempus
3531 1914 3920 1987 tenebatur.

989 2263 1277 2336 Summus
1319 2263 1618 2336 Pontifex
1660 2262 2051 2336 donationes
2094 2262 2430 2336 wladislai
2473 2263 2666 2352 nogia
2709 2263 2933 2352 Regno
2973 2264 3427 2349 incon-edas,
3469 2264 3772 2336 infirmat.

1050 2507 1353 2581 Sabbato
1390 2508 1463 2580 in
1499 2508 1611 2580 die
1648 2507 2137 2599 concept-ionis
2177 2507 2472 2582 Sanctae
2509 2509 2770 2581 Mariae
2801 2506 2888 2596 ³),
2931 2507 3320 2581 Wladislao
3358 2507 3693 2581 Poloniae
3730 2508 3924 2599 Rege

844 2631 915 2698 et
968 2626 1368 2699 Alexandro
1423 2626 1820 2699 Withawdo
1875 2628 2069 2699 Duce
2132 2627 2384 2718 Magno
2440 2627 2860 2699 Lithuaniae
2913 2627 3100 2717 apud
3153 2625 3430 2698 Grodno
3485 2625 3918 2699 immoranti-

840 2745 1005 2834 11113,
1063 2745 1401 2836 Magister
1452 2745 1783 2818 Prussiae
1835 2747 2103 2818 Paulus
2158 2747 2244 2817 de
2297 2745 2672 2819 Russdorff
2728 2766 2886 2819 cum
2939 2745 3300 2818 nonnullis
3357 2745 3505 2817 suis
3561 2745 3916 2816 Commen-

841 2864 1201 2938 datoribus
1240 2864 1556 2952 advenit,
1615 2866 2013 2956 Ducomque
2059 2864 2538 2937 Alexandrum
2575 2863 3080 2951 Withawdum‚
3140 2868 3484 2955 quatenus
3539 2863 3920 2936 molendini

840 2983 1103 3055 Lubicz
1159 2982 1598 3054 donationem
1648 2984 1831 3074 apud
1876 2982 2208 3056 Poloniae
2269 2984 2530 3074 Regem
2583 2984 2920 3070 efficeret,
2985 2987 3180 3056 tanto
3237 2982 3507 3070 studio,
3565 2981 3922 3073 tantisque

841 3100 1206 3174 conatibus
1260 3107 1331 3174 et
1384 3101 1745 3173 instantiis
1800 3101 2249 3192 interpellare
2302 3101 2565 3192 coepit,
2621 3105 2701 3172 ut
2753 3101 3154 3173 Alexander
3207 3101 3648 3174 Withawdus
3693 3102 3806 3174 vel
3845 3121 3920 3172 se

842 3218 1313 3291 molendinum
1366 3218 1627 3292 Lubicz
1682 3220 1866 3311 apud
1920 3220 2182 3311 Regem
2237 3226 2308 3291 et
2361 3221 2679 3312 Regnum
2735 3219 3302 3310 impetraturum,
3359 3220 3474 3292 vel
3519 3219 3916 3292 districtum

840 3339 1223 3430 Polangam
1296 3358 1508 3429 supra
1562 3339 1793 3410 sinum
1839 3339 2050 3411 maris
2106 3338 2546 3431 Samagittici
2603 3338 2848 3427 situm,
2907 3338 3241 3430 Magistro
3297 3343 3363 3410 et
3417 3337 3662 3410 Ordini
3705 3339 3913 3410 dona-

840 3461 1111 3544 turum,
1168 3457 1603 3530 astrinxerit.
1661 3457 2097 3530 Wladislaus
2152 3479 2426 3549 queque
2479 3457 2812 3530 Poloniae
2865 3459 3022 3532 Rex
3071 3457 3556 3548 frequentibus
3593 3457 3918 3548 precibus

838 3582 910 3649 et
962 3575 1530 3668 persuasionibus
1587 3575 1971 3650 Alexandri
2026 3576 2406 3649 Withawdi
2459 3581 2934 3668 expugnatus,
2992 3577 3390 3650 benivolum
3447 3595 3522 3648 se
3575 3576 3664 3647 ad
3699 3575 3910 3647 dona-

838 3695 1098 3768 tionem
1154 3695 1533 3769 molendini
1597 3695 1859 3769 Lubicz
1924 3695 2330 3783 exhibebat,
2395 3694 2761 3766 dummodo
2817 3694 3200 3767 consiliarii
3264 3695 3493 3788 Regni
3557 3693 3916 3780 Poloniae,

840 3814 991 3888 sine
1045 3815 1301 3906 quibus
1353 3835 1498 3888 rem
1554 3818 1699 3886 tam
1752 3814 2039 3886 arduam
2100 3815 2464 3888 decernere
2527 3835 2664 3884 nen
2727 3818 2996 3904 posset,
3064 3813 3559 3905 impedimento
3621 3833 3758 3884 non
3812 3813 3912 3884 fo-

838 3937 1014 4006 rent.
1072 3933 1395 4008 Sentiens
1451 3933 1737 4024 insuper
1790 3933 2119 4006 Summus
2156 3933 2484 4005 Pontifex
2522 3928 2868 4004 Martinus
2905 3932 3098 4022 Papa
3135 3932 3460 4024 quintae,
3515 3930 3744 4023 Regni
3780 3932 3910 4002 Po-

838 4053 1067 4126 loniae
1122 4059 1381 4142 castra,
1448 4053 1807 4142 civitatee,
1874 4052 2158 4144 oppida,
2229 4052 2472 4139 villas,
2533 4056 2980 4142 caeterosque
3035 4051 3369 4123 introitus
3423 4072 3550 4141 per
3603 4049 3924 4138 Wladis7

836 4171 1027 4243 laum
1082 4171 1413 4244 Poloniae
1468 4173 1727 4264 Regem
1782 4173 2069 4265 prodige
2114 4171 2368 4264 magia,
2426 4193 2634 4263 quam
2671 4172 3022 4243 fructuose
3061 4175 3131 4243 et
3169 4171 3556 4243 necessarie
3593 4171 3910 4254 donasse,

837 4290 1281 4381 inscripsisse
1343 4295 1412 4364 et
1474 4291 1923 4378 distraxisse,
1990 4291 2507 4382 archiepiscopo
2572 4289 3017 4380 Leopoliensi
3080 4290 3200 4361 dat
3261 4288 3334 4361 in
3397 4287 3776 4374 mandati8‚
3831 4291 3916 4358 ut

836 4409 1096 4497 literis,
1152 4409 1643 4482 donationibus
1698 4417 1769 4483 et
1820 4410 2402 4501 inscriptionibus
2453 4409 2666 4501 regiis
2713 4430 2848 4481 non
2887 4409 3362 4496 obstantibuS,
3420 4409 3738 4500 Regnum
3775 4407 3908 4478 Po-

836 4528 1065 4601 loniae
1101 4528 1512 4621 reintegret,
1568 4529 2027 4620 decernatque
2066 4531 2326 4621 Regem
2365 4529 2450 4602 ad
2487 4528 2996 4602 observandum
3031 4527 3470 4613 donationes,
3513 4524 3908 4616 inscriptio-

836 4666 1099 4738 nesqne
1151 4647 1487 4719 bonorum
1542 4669 1665 4739 per
1718 4669 1875 4721 eum
1930 4649 2182 4736 factae,
2241 4669 2376 4720 non
2431 4648 2653 4721 teneri
2683 4649 2770 4738 ⁴).

1050 4952 1095 5034 ¹)
1158 4955 1357 5032 exegit
1416 4949 1567 5016 Cod.
1626 4953 1819 5016 Rozr.
1889 4951 1935 5034 ¹)
1992 4961 2202 5032 postea
2263 4951 2414 5017 Cod.
2480 4953 2668 5016 Rozr.
2731 4953 2783 5034 ³)
2831 4955 2892 5014 S.
2937 4954 3160 5014 Mariae
3203 4953 3466 5030 Virginis
3515 4949 3667 5015 Cod.
3713 4949 3907 5013 Rozr.

834 5055 887 5136 ⁴)
935 5051 1087 5118 Cod.
1132 5051 1307 5118 Calv.
1352 5077 1613 5139 sequens
1668 5054 2178 5119 additamentum
2236 5055 2575 5119 subnectit:
2635 5057 2807 5132 Quod
2865 5075 2940 5117 ne
2985 5057 3079 5116 cui
3124 5057 3458 5131 scrupulum
3513 5057 3572 5114 in
3618 5053 3910 5114 credendo

834 5160 1067 5236 afferat,
1114 5161 1341 5236 copiam
1384 5161 1594 5219 Bullae
1626 5160 1984 5236 apostolicae
2028 5161 2447 5220 subnectimus.
2491 5157 2692 5220 Bulla
2735 5166 2950 5218 autem
2993 5157 3142 5239 ipsa
3173 5153 3581 5217 desideratur
3609 5155 3680 5216 iu
3709 5152 3906 5216 omni-

836 5257 951 5322 bus
998 5255 1194 5324 codd.
