4342 6384
880 577 1031 652 606
2040 604 2270 660 mna
2323 601 2832 660 nuonncnms.
3407 574 3550 678 (Α.
3593 573 3700 652 Β.
3761 567 4058 668 ⁸⁴3⁹.)

875 783 1189 861 lacrimis
1244 807 1454 880 quam
1493 787 1845 880 precibus,
1902 789 2353 862 consentiunt
2390 789 2806 864 descendere
2858 787 2933 861 in
2970 785 3480 861 Namisloviam
3535 789 3616 856 et
3651 803 3810 875 pro
3854 800 4040 873 pace

875 911 999 978 aut
1051 909 1301 1000 treuga
1336 907 1393 996 ¹)
1449 927 1677 1000 agere.
1736 909 2050 983 Veniunt
2116 910 2357 1002 itaque
2420 907 2673 1002 Legati
2726 910 2958 1000 Papae
3013 912 3082 980 et
3135 905 3428 980 Concilii
3483 905 3562 976 in
3623 901 4032 976 Narm‘slo-

874 1025 1095 1114 viam,
1151 1026 1491 1100 Albertus
1527 1028 1685 1104 Rex
1741 1049 1905 1102 suos
1942 1028 2386 1102 consiliarios
2424 1028 2874 1102 transmittit:
2913 1027 3036 1101 ubi
3075 1047 3278 1118 opera
3315 1027 3804 1117 Legatorum,
3851 1022 4026 1093 dum

872 1165 1015 1237 pax
1067 1149 1409 1238 perpetua
1461 1146 1723 1222 firmari
1778 1169 1917 1220 non
1970 1153 2240 1240 posset,
2299 1152 2548 1241 treuga
2601 1147 2676 1219 in
2729 1148 3001 1238 aliquot
3055 1167 3269 1219 annos
3325 1146 3654 1218 confecta
3715 1145 3882 1226 est,
3943 1161 4024 1211 ea

874 1263 1277 1341 conditione
1328 1266 1683 1359 apposita,
1751 1272 1833 1340 ut
1885 1289 2009 1360 pro
2066 1269 2244 1341 festo
2301 1268 2542 1341 Sancti
2599 1267 2882 1359 Georgii
2943 1266 3109 1339 anni
3164 1266 3468 1338 eiusdem
3532 1264 3790 1355 Reges
3853 1283 4013 1352 per-

876 1385 1215 1461 sonaliter
1268 1386 1343 1460 in
1398 1387 1606 1460 metis
1661 1387 2067 1481 Hungariae
2123 1393 2194 1461 et
2247 1387 2580 1462 Poloniae
2619 1389 3018 1480 Regnorum
3073 1383 3525 1470 conveniant,
3587 1386 3730 1454 aut
3787 1383 4014 1453 Prae·

875 1505 1061 1578 latos
1116 1511 1187 1578 et
1238 1507 1533 1581 barones
1590 1508 1675 1582 de
1728 1507 2206 1583 concludenda
2243 1528 2410 1600 pace
2467 1512 2888 1580 tractaturos
2943 1506 3447 1578 transmittant.
3507 1504 3886 1574 Albertus
3923 1521 4010 1571 ex

872 1624 1095 1717 gradu
1152 1627 1330 1700 forte
1385 1625 1888 1701 Wratislaviae
1953 1629 2357 1720 prolapsae,
2415 1628 2718 1718 primurn
2771 1648 3052 1719 gravem
3111 1623 3660 1717 aegritudinem,
3729 1623 3824 1692 ad
3885 1643 4004 1694 ex-

872 1747 1174 1818 tremum
1226 1744 1777 1820 claudicaturam
1832 1749 2274 1834 contrahenS,
2333 1767 2456 1839 per
2484 1747 2862 1820 Moraviam
2919 1747 2990 1818 in
3021 1743 3378 1818 Austriam
3432 1743 3686 1817 rediit.
3751 1743 4004 1814 comes

874 1863 1095 1938 ciliae
1122 1861 1188 1954 ²)
1244 1864 1564 1954 Ulricus,
1634 1865 1756 1958 qui
1810 1867 2188 1940 Bohemiae
2241 1872 2591 1960 praeerat,
2657 1868 2741 1940 de
2795 1865 3226 1938 vendicando
3283 1864 3418 1938 sibi
3475 1864 3739 1955 Regno
3807 1862 4000 1953 apud

873 1983 1168 2056 barones
1223 2004 1427 2076 agere
1480 1985 1742 2076 coepit3
1800 2007 1935 2077 quo
1992 1987 2330 2074 Albertus
2385 1987 2540 2060 Rex
2595 1986 2896 2079 cognito,
2955 1986 3183 2076 ipsum
3236 1991 3551 2070 revocat,
3615 1989 3692 2056 et
3753 2001 3996 2058 curam

874 2102 1105 2194 Regni
1160 2101 1427 2176 Ulrico'
1458 2105 2010 2200 Roszembersky
2042 2105 2105 2196 ³)
2160 2112 2233 2180 et
2285 2106 2659 2182 Menhardo
2691 2105 2754 2195 4)
2809 2104 3206 2180 committit.

874 2461 1149 2552 spithko
1170 2465 1255 2538 de
1274 2464 1585 2538 lelsthin
1608 2469 1874 2556 propter
1894 2467 2296 2541 &bonicum
2325 2469 2643 2541 haeresim
2671 2469 3061 2542 seditionem
3083 2469 3351 2554 taciens,
3374 2467 3662 2540 conecto
3687 2465 3990 2538 exercitu

871 2584 1158 2655 vincitur
1218 2587 1288 2656 et
1330 2584 1400 2657 in
1445 2587 1692 2676 praelio
1749 2587 2159 2659 interficitur.
2230 2587 2636 2678 Eandemque
2681 2588 2760 2660 ob
2805 2605 3067 2660 causan
3122 2587 3433 2660 Abraham
3475 2586 3561 2658 de
3609 2585 3987 2658 lumbi:

872 2703 1297 2778 anathemate
1355 2705 1588 2778 feritur
1604 2761 1621 2792 ,
1683 2710 1755 2779 et
1815 2724 1855 2778 a
1912 2707 2337 2780 tesamenti
2383 2709 2684 2798 episcopo
2743 2707 3043 2798 oppidum
3087 2707 3450 2780 zbsnscbin
3495 2705 3856 2780 obsidetur
3909 2721 3984 2774 se

1678 2827 1960 2918 qunque
2005 2828 2386 2902 sacedotes
2429 2829 2742 2902 henotici
2786 2830 3174 2901 crementur.

1083 3059 1521 3136 Wladislaus
1576 3063 1733 3140 Rex
1768 3064 2104 3139 Poloniae
2159 3066 2618 3141 conventione
2671 3065 2984 3158 generali
3019 3063 3560 3157 Pyotrkoviensi
3617 3063 3976 3154 expedita,

869 3199 1119 3252 versus
1173 3184 1409 3272 partes
1466 3181 1750 3258 Maioris
1814 3185 2147 3258 Poloniae
2209 3186 2585 3277 processit,
2653 3190 2725 3260 et
2789 3205 3009 3278 pauco
3074 3189 3384 3274 tempore
3448 3181 3522 3254 in
3579 3182 3737 3256 illis
3797 3203 3972 3254 com-

871 3303 1217 3387 moratus,
1274 3319 1364 3372 ex
1402 3301 1731 3376 Lancicia
1783 3321 2029 3378 versus
2084 3309 2344 3378 terram
2382 3304 2882 3380 Lublinensem
2921 3309 2992 3376 et
3029 3305 3504 3377 chelmensem
3561 3300 3820 3386 rediit,
3861 3299 3974 3372 ubi

870 3418 1307 3511 consumptis
1362 3419 1633 3513 aliquot
1682 3422 1965 3511 diebus,
2022 3444 2148 3516 per
2187 3423 2696 3498 Sandomiriam
2752 3424 2824 3495 in
2863 3423 3263 3498 cracoviam
3315 3420 3561 3507 rediit,
3619 3424 3696 3492 et
3755 3426 3974 3492 totum

868 3541 1147 3631 tempus
1212 3539 1795 3633 quadragesimae
1865 3543 2022 3617 illic
2092 3547 2589 3632 commoratus,
2665 3544 2970 3618 secunda
3041 3540 3404 3614 Dominica
3474 3543 3638 3630 post
3719 3541 3972 3612 festum

869 3658 1187 3730 Paschae
1240 3659 1804 3734 convocationem
1868 3661 1941 3733 in
1996 3662 2198 3740 Nova
2251 3662 2554 3736 civitate
2608 3662 2868 3751 tenuit,
2941 3683 3152 3753 quam
3217 3659 3443 3752 aliqui
3510 3658 3585 3732 in
3651 3659 3820 3730 dolo
3875 3663 3968 3729 te-

867 3777 1166 3851 nendam
1220 3777 1645 3852 indixerant.
1728 3780 2064 3853 Pluribus
2118 3781 2358 3872 itaque
2410 3781 2790 3854 baronibus
2856 3781 2940 3852 de
2995 3779 3204 3855 terris
3258 3777 3632 3851 cracoviae
3699 3783 3778 3849 et
3833 3778 3968 3848 Ma-

870 3894 1040 3968 ioris
1092 3896 1429 3972 Poloniae
1482 3898 1571 3971 ad
1626 3897 1823 3972 illam
1878 3899 2324 3974 venientibus
2342 3956 2359 3987 ‚
2417 3901 2718 3992 Spithko
2773 3901 2860 3974 de
2909 3898 3249 3973 Melsthin
3303 3897 3608 3988 Sophiae
3653 3896 3970 3988 Reginae

869 4014 1455 4106 promissionibus
1511 4021 1581 4092 et
1616 4017 2214 4109 persuasionibus,
2269 4024 2351 4090 ut
2387 4009 2702 4112 plerique
2741 4020 3184 4104 astruebant,
3241 4017 3634 4102 inescatus,
3673 4017 3972 4088 collecte

870 4133 957 4206 de
1012 4133 1510 4223 familiaribus,
1566 4135 1810 4210 amicis
1863 4140 1935 4208 et
1972 4136 2329 4228 aliquibus
2369 4139 2762 4211 forensibus
2816 4138 3042 4229 pretio
3079 4135 3443 4212 conductis
3498 4135 3852 4225 equestri,
3891 4136 3970 4207 de

868 4251 1365 4327 kmethonibus
1420 4275 1583 4327 vero
1620 4254 1927 4328 omnium
1964 4255 2296 4330 villarum
2353 4279 2636 4330 suarum
2673 4257 2985 4349 pedestri
3023 4255 3368 4344 exercitu,
3417 4254 3748 4328 curribus
3787 4275 3970 4327 more

868 4373 1126 4448 bellico
1182 4371 1555 4462 ordinatiS,
1614 4375 1700 4448 ad
1735 4374 2137 4450 huiusmodi
2172 4376 2742 4450 convocationem
2778 4377 3157 4468 processit,
3215 4379 3285 4449 et
3318 4375 3627 4466 primum
3683 4373 3764 4446 in
3799 4374 3966 4446 villa

870 4511 999 4565 sua
1051 4491 1299 4566 Maiori
1354 4494 1627 4584 Pyasek
1680 4515 1722 4566 a
1774 4493 1979 4567 Nova
2032 4494 2334 4568 civitate
2386 4497 2574 4569 haud
2628 4497 2836 4589 longe
2891 4495 3232 4583 distante,
3289 4515 3364 4565 se
3427 4494 3810 4576 collocans,
3867 4493 3960 4561 al-

866 4616 1019 4686 tera
1071 4610 1187 4685 die
1238 4633 1471 4701 mane,
1528 4613 1727 4688 nullo
1787 4613 2188 4705 suspicante
2249 4620 2322 4688 et
2373 4616 2698 4708 pluribus
2754 4615 2829 4688 in
2885 4617 3066 4688 lecto
3121 4613 3348 4688 adhuc
3413 4611 3960 4705 quiescentibus,

866 4730 1200 4823 oppidum
1262 4730 1506 4804 Novae
1558 4731 1885 4806 Civitatis
1957 4732 2318 4824 irrumpit,
2397 4739 2467 4808 et
2528 4736 2727 4810 velut
2780 4756 3020 4808 amens
3087 4739 3158 4807 et
3231 4733 3732 4819 exacerbatus,
3807 4731 3958 4822 plus

866 4849 1087 4923 furori
1140 4853 1211 4922 et
1262 4849 1762 4942 indignationi,
1828 4872 2037 4942 qnam
2090 4853 2384 4927 consilio
2439 4855 2822 4928 amicorum
2887 4855 2960 4927 id
3015 4853 3156 4928 sibi
3209 4873 3628 4946 magnopere
3693 4851 3954 4922 dissua-

863 4967 1214 5056 dentium,
1272 4967 1613 5056 tribuens,
1669 4969 2058 5062 hospitium
2095 4971 2479 5046 Wladislai
2533 4973 2844 5065 episcopi
2882 4971 3504 5047 wladislaviensis
3561 4976 3636 5044 et
3665 4967 3954 5044 'Nicolai

862 5087 1261 5179 Lassoczky
1313 5086 1562 5160 decani
1614 5087 2115 5180 cracoviensis,
2176 5092 2297 5183 qui
2351 5092 2463 5168 die
2519 5094 2742 5168 altera
2793 5092 3237 5186 praecedenti
3265 5092 3329 5180 5)
3393 5091 3482 5164 ad
3538 5091 3952 5182 praedictam

1078 5356 1129 5436 ¹)
1171 5358 1409 5421 foedere
1464 5356 1617 5421 eod.
1662 5356 1800 5422 Ia'e.
1864 5357 1913 5436 2)
1962 5359 2192 5422 cliviae
2232 5358 2362 5424 Ed,
2408 5359 2590 5445 Lips.
2663 5361 2718 5441 ³)
2761 5363 3226 5441 Rocembergski
3270 5351 3398 5432 Ed.
3445 5359 3632 5446 Life.
3681 5359 3738 5440 ⁴)
3787 5362 3946 5422 Mein·

868 5457 1056 5519 harde
1103 5459 1177 5520 de
1218 5460 1582 5524 Nowadomo
1624 5457 1753 5524 Ed.
1799 5457 1981 5543 Lips.
2026 5461 2127 5540 (de
2168 5463 2450 5544 Hradec).
2499 5463 2555 5544 ὓ)
2599 5466 2702 5541 qui
2745 5465 2940 5542 pridie
2986 5461 3139 5530 cod.
3171 5457 3354 5530 Kost‘.
