4342 6384
1189 446 1340 524 484
2371 471 2599 526 uem
2651 470 3108 524 monemus.
3721 444 3855 544 (Α.
3892 443 3991 517 Β.
4029 439 4300 538 ⁸432.)

1189 658 1306 748 „et
1359 654 1698 730 honorare
1761 652 1946 727 sicut
1999 652 2357 728 dominum
2413 658 2485 731 et
2547 657 2832 729 fratrem
2884 657 3202 729 nostrum
3255 654 3619 728 seniorem.
3677 656 3814 727 Pro
3875 674 4017 745 quo
4077 650 4299 723 etiam

1196 773 1509 866 misum,
1583 774 1954 861 Coronam,
2021 773 2345 865 Regnum
2410 778 2482 848 et
2541 774 2930 867 regnicolas
2994 775 3221 868 Regni
3292 774 3622 848 Poloniae
3684 772 4063 865 praedicti,
4136 791 4302 843 con-

1193 893 1570 986 „stantiori
1604 894 1861 970 fiducia
1913 893 2245 984 prosequi
2300 893 2661 985 cupientes
2716 898 2786 969 et
2840 900 3051 987 prout
3102 896 3372 968 iustum
3411 899 3551 983 est,
3607 894 3893 967 reddere
3928 883 4306 977 certiores,

1189 1013 1747 1107 „promittimus,
1834 1012 2256 1104 pollicemur
2319 1019 2391 1091 et
2455 1014 2874 1105 spondemus
2931 1014 3211 1089 domino
3267 1015 3654 1087 Wladislao
3718 1013 3900 1105 Regi
3952 1010 4309 1084 Poloniae

1200 1139 1315 1225 „et
1369 1133 1659 1225 inclytis
1713 1132 1903 1207 natis
1958 1133 2141 1220 suis,
2202 1133 2593 1208 wladislao
2649 1128 2731 1206 'et
2783 1134 3179 1223 Kazimiro,
3243 1135 3580 1222 Coronae,
3637 1136 3879 1226 Regno
3934 1139 4011 1205 et
4063 1129 4310 1222 regni-

1199 1253 1415 1345 „colis
1469 1252 1700 1346 Regni
1753 1251 2121 1340 Poloniae,
2179 1253 2311 1330 sub
2367 1252 2501 1330 fide
2554 1257 2628 1326 et
2680 1254 2970 1341 honore,
3037 1254 3301 1345 absque
3352 1255 3514 1326 dolo
3566 1259 3640 1327 et
3692 1254 3966 1339 fraude,
4039 1256 4117 1324 et
4178 1250 4314 1322 sub

1198 1394 1446 1465 „onere
1498 1370 1831 1465 praestiti
1895 1371 2272 1448 iuramenti
2328 1372 2744 1465 corporalis,
2811 1374 3138 1447 stabilem
3193 1373 3702 1459 assistentiam,
3770 1378 4041 1445 extunc
4094 1374 4318 1462 prout

1200 1514 1549 1584 „exnunc‚
1606 1496 1679 1567 et
1729 1512 2011 1570 exnunc
2073 1495 2286 1583 prout
2348 1497 2641 1581 extunc,
2709 1497 2944 1567 tenere
3007 1495 3207 1568 firma
3268 1495 3433 1582 fide,
3509 1494 3642 1581 ita,
3710 1494 3895 1584 quod
3958 1495 4137 1584 post
4195 1491 4316 1561 de-

1200 1634 1517 1703 „cessum
1551 1616 1905 1700 nostrum,
1963 1612 2280 1688 Ducatus
2319 1612 2620 1704 Magnus
2657 1609 3083 1687 Lithnaniae
3136 1635 3293 1687 cum
3331 1613 3540 1687 terris
3596 1616 3668 1685 et
3705 1611 4043 1685 dominiis
4084 1609 4316 1682 omni-

1197 1733 1407 1822 „bus‚
1466 1733 1679 1810 etiam
1732 1731 2069 1817 Russiae,
2137 1731 2671 1823 quibuscunque
2734 1753 2919 1805 nunc
2983 1733 3322 1807 subiectis
3377 1738 3447 1805 et
3500 1734 3770 1805 virtute
3835 1736 4090 1804 nostra
4146 1730 4318 1801 sub-

1202 1850 1601 1941 „iiciendiffi
1659 1851 1747 1922 ad
1802 1850 2034 1942 ipsum
2102 1851 2459 1927 dominum
2514 1851 2984 1926 Wladislaum
3040 1854 3301 1946 Regem
3365 1857 3438 1925 et
3489 1853 3793 1944 inclytos
3847 1855 4063 1923 natos
4121 1870 4317 1932 suos,

1203 1970 1521 2061 „scilicet
1572 1969 2049 2046 wladislaum
2111 1973 2186 2041 et
2247 1969 2718 2059 Kazimirnm,
2794 1992 2874 2047 ac
2940 1992 3105 2046 suos
3171 1992 3605 2045 successores
3669 1978 3741 2046 et
3815 1972 3903 2042 ad
3967 1970 4319 2042 Coronam

1204 2095 1318 2180 „et
1388 2091 1711 2183 Regnum
1783 2088 2151 2175 Poloniae,
2224 2088 2482 2165 debent
2552 2111 2717 2164 vera
2788 2096 2859 2167 et
2931 2092 3399 2166 haereditaria
3471 2091 3910 2164 successione
3983 2086 4318 2161 devolvi:

1204 2209 1831 2302 „quemadmodum
1883 2207 2294 2300 patentibus
2358 2208 2588 2284 literis
2651 2209 3004 2301 prioribus
3045 2212 3098 2300 ¹)
3150 2213 3451 2303 desuper
3516 2210 3853 2284 confectis
3906 2213 4024 2280 est
4083 2209 4321 2279 firma·

1208 2333 1434 2419 „tum,
1489 2349 1789 2419 quarum
1843 2330 2152 2400 tenorem
2208 2328 2324 2404 hic
2388 2328 2644 2404 habere
2697 2330 3025 2404 volumus
3091 2352 3215 2421 pro
3271 2330 3593 2417 insertis;
3668 2327 3990 2418 exceptis
4049 2325 4324 2397 nostris

1203 2448 1450 2539 „bonis
1506 2446 1850 2538 paternis,
1908 2446 2244 2523 videlicet
2280 2447 2580 2538 Trokky,
2635 2451 2710 2520 et
2745 2447 2910 2521 aliis
2948 2449 3152 2522 bonis
3208 2450 3293 2520 ad
3330 2448 3768 2540 praedictum
3805 2444 4327 2538 patrimonium

1204 2566 1767 2659 „spectantibuffi
1837 2585 2016 2657 quae
2078 2585 2205 2655 per
2259 2569 2577 2642 nostrum
2632 2567 2992 2643 decessum
3057 2568 3144 2640 ad
3200 2568 3426 2640 filium
3484 2574 3803 2640 nostrum
3860 2568 4140 2638 Ducem
4196 2563 4326 2635 Mi-

1208 2686 1599 2777 „chaelem‚
1656 2705 1781 2760 sen
1834 2684 1923 2756 ad
1976 2682 2157 2759 alios
2213 2684 2401 2757 filios
2456 2684 2810 2777 legitimos
2864 2692 2938 2760 et
2993 2687 3303 2775 futuros,
3360 2687 3856 2761 devolventur:
3914 2686 4006 2757 de
4062 2684 4329 2775 quibus

1205 2803 1712 2895 „nihilominus
1774 2803 2134 2895 praefatus
2192 2804 2357 2878 Dux
2414 2803 2718 2881 Michael
2790 2809 2860 2878 et
2924 2805 3053 2878 alii
3106 2805 3240 2882 filii
3297 2806 3521 2878 futuri
3575 2806 3714 2897 ipsi
3771 2804 4058 2877 domino
4120 2802 4331 2893 Regi,

1212 2922 1426 3013 „filiis
1481 2920 1633 2993 suis
1687 2925 1757 2994 et
1810 2940 2051 2997 eorum
2103 2922 2662 3009 successoribus,
2718 2944 2801 2998 ac
2853 2924 3157 2997 Coronae
3212 2930 3283 2997 et
3319 2927 3596 3018 Regno,
3653 2945 3812 2998 cum
3870 2923 4026 2995 suis
4087 2940 4332 2993 succe·

1211 3040 1531 3131 „danei8,
1588 3039 1949 3131 perpetuis
2004 3040 2469 3131 temporibus,
2526 3046 2734 3132 prout
2788 3043 3044 3116 caeteri
3080 3044 3450 3135 Principes
3505 3048 3853 3117 terrarum
3891 3039 4338 3113 Lithuaniae

1216 3164 1331 3251 „et
1384 3157 1719 3246 Russiae,
1778 3178 1903 3235 seu
1957 3158 2187 3235 Duces
2226 3158 2494 3252 Magni,
2551 3180 2675 3251 per
2709 3165 3078 3252 utramque
3132 3169 3400 3254 partem
3455 3186 3579 3255 pro
3618 3167 3931 3253 tempore
3990 3158 4339 3251 eligendi,

1218 3276 1586 3370 „obsequi,
1640 3275 1955 3365 obedire,
2013 3276 2271 3353 subiici
2309 3278 2734 3355 tenebuntur
2788 3283 2859 3355 et
2894 3281 3184 3355 servire.
3239 3283 3430 3373 Quos
3485 3283 3581 3369 si,
3638 3303 3780 3353 non
3816 3279 4071 3352 habita
4109 3278 4340 3369 prole,

1218 3399 1347 3489 „ab
1401 3398 1535 3472 hac
1587 3397 1748 3469 luce
1802 3394 2179 3487 contigerit
2230 3396 2594 3485 decedere,
2662 3403 2924 3476 extunc
2977 3401 3336 3490 praedicta
3398 3403 3580 3475 bona
3633 3405 3930 3492 paterna
3986 3398 4080 3469 ad
4139 3418 4342 3489 prae·

1223 3520 1490 3608 „fatum
1542 3514 1905 3593 dominum
1960 3515 2260 3606 Regem,
2335 3520 2538 3590 natos
2593 3521 2664 3589 et
2718 3538 3152 3593 successores
3208 3542 3407 3605 suos,
3465 3520 3681 3593 etad
3715 3520 4066 3591 Coronam
4106 3515 4342 3607 Regni

1222 3634 1602 3726 „Poloniae
1656 3633 2144 3710 devolventur.
2202 3633 2574 3708 Praeterea
2628 3640 2863 3712 tenore
2900 3640 3376 3730 praesentium
3424 3641 3861 3730 profitemur,
3919 3635 4117 3727 qnod
4157 3640 4342 3705 tem

1225 3753 1602 3842 „Podoliae
1653 3772 1816 3826 cum
1872 3750 2196 3822 omnibus
2252 3751 2694 3840 civitatibu5‚
2751 3756 3038 3844 castris,
3096 3757 3410 3848 oppidiS,
3470 3757 3670 3829 villis
3727 3762 3802 3828 et
3854 3754 4342 3838 districtibus

1228 3872 1476 3962 „plene
1528 3873 1603 3942 et
1656 3890 1745 3943 ex
1800 3868 2107 3960 integro,
2165 3869 2239 3944 in
2296 3870 2616 3946 omnibus
2675 3873 2825 3945 suis
2879 3875 3264 3963 limitibus,
3324 3878 3512 3948 sicut
3565 3877 3653 3948 ab
3709 3875 4008 3965 antiquo
4066 3876 4342 3964 spectat

1230 3992 1345 4078 „et
1404 3992 1705 4078 protunc
1777 3987 2142 4077 spectabat
2214 3991 2285 4060 et
2365 3988 2790 4078 pertinebat,
2865 3998 3319 4085 spectareque
3401 3995 3612 4068 debet
3682 3999 3756 4067 et
3818 3992 4188 4084 pertinere
4263 3989 4342 4060 ad

1232 4107 1597 4197 „Regnum
1659 4104 2028 4192 Poloniae,
2099 4110 2437 4195 perpetuo
2503 4113 2574 4183 et
2634 4108 2710 4181 in
2773 4131 3056 4199 aevum3
3135 4134 3359 4204 neque
3422 4113 3758 4203 deinceps
3832 4132 3960 4201 per
4025 4130 4164 4181 nos
4229 4113 4342 4179 aui

1233 4243 1712 4314 „successores
1768 4226 2080 4309 nostros,
2147 4243 2274 4313 per
2327 4224 2640 4302 Ducatus
2695 4228 2931 4320 Magni
2995 4230 3293 4319 incolas,
3363 4233 3689 4323 Regnum
3756 4235 3828 4302 et
3885 4230 4166 4301 Corona
4219 4227 4342 4297 im·

1235 4348 1561 4436 „petetur
1626 4363 1753 4434 pro
1818 4340 2057 4419 eadem
2121 4346 2311 4415 terra
2383 4345 2935 4438 quibuscumque
3006 4350 3231 4422 modis
3303 4358 3430 4422 aut
3494 4348 3852 4422 coloribus
3927 4344 4342 4437 exquisitis.

1237 4465 1494 4554 „Item‚
1560 4460 1732 4552 quia
1792 4459 2151 4536 stantibus
2217 4459 2400 4533 inter
2462 4483 2588 4536 nos
2662 4467 3113 4554 tractatibus,
3190 4474 3502 4540 castrum
3575 4466 3992 4540 huiusmodi
4061 4465 4342 4537 Olesko

1240 4582 1369 4671 „de
1401 4601 1561 4671 -quo
1614 4577 1923 4669 plurima
1980 4576 2238 4652 damna
2300 4578 2657 4656 hostiliter
2719 4583 2960 4675 Regno
3028 4590 3097 4658 et
3160 4586 3389 4677 ipsius
3454 4587 3765 4660 subditis
3831 4584 4342 4658 inferebantur

1240 4720 1408 4789 „per
1458 4700 1705 4790 gentes
1759 4693 1991 4786 regiae
2055 4698 2163 4770 est
2226 4696 2603 4784 vallatum,
2680 4699 2755 4773 in
2819 4721 3017 4789 casu,
3082 4724 3220 4793 qno
3284 4706 3373 4776 ad
3439 4726 3692 4777 manus
3747 4704 3988 4795 regias
4055 4722 4188 4794 per
4243 4702 4342 4773 de·

1245 4815 1699 4905 „victionem,
1754 4816 1882 4887 aut
1934 4810 2099 4883 aliis
2154 4811 2706 4909 quibuscumque
2770 4818 2993 4891 modis
3047 4821 3567 4911 devolveretur,
3636 4824 3878 4914 ipsum
3908 4821 3974 4910 2)
4042 4826 4342 4893 castrun

1247 4954 1447 5021 „cum
1501 4929 1703 5006 bouis
1759 4928 1848 5004 ad
1900 4927 2135 5017 ipsum
2165 4926 2227 5015 ³)
2284 4931 2762 5019 spectantibus
2815 4939 3173 5025 praefatus
3212 4940 3539 5013 dominus
3577 4944 3739 5015 Rex
3793 4945 3870 5013 et
3923 4941 4209 5013 Corona
4260 4944 4342 5009 te

1249 5300 1383 5373 cod
1455 5201 1525 5367 *ὲ
1547 5199 1843 5276 prioribus
1902 5196 2090 5266 literifl
2149 5195 2368 5262 noetriu
2435 5192 2590 5265 Cod.
2649 5198 2841 5266 Rozr.
2919 5204 2971 5283 ⁹)
3014 5208 3129 5269 hoc
3186 5212 3381 5287 ipsum
3453 5207 3613 5273 Cod.
3683 5207 3886 5273 Rozr.
3966 5206 4028 5292 ⁸)
4080 5210 4164 5269 ad
4227 5209 4342 5269 illu«

1386 5347 1403 5368 ,
1526 5319 1656 5363 ozr.
