4342 6384
378 635 517 738 (A.
550 637 642 712 D.
682 635 913 736 1410.)
1544 657 1771 710 mmm
1824 658 2284 712 monemus,
3427 639 3472 710 5

382 844 977 937 opportunitatem
1040 865 1130 916 ex
1194 845 1347 916 loco
1411 843 1653 935 iniquo
1717 864 1835 916 eos
1874 844 1951 933 ¹),
2013 847 2137 916 aut
2191 844 2500 934 aliquem
2554 843 2640 916 de
2694 864 2930 916 eorum
2983 864 3304 931 numero,
3364 843 3471 916 in-

380 965 678 1038 vadendi
708 961 795 1053 2),
852 964 1055 1052 adeo,
1112 967 1193 1035 ut
1246 965 1645 1055 frequenter
1698 964 2036 1037 excubiae
2087 964 2313 1056 partis
2367 964 2739 1055 utriusque
2794 985 2868 1036 se
2921 963 3342 1055 aspicerent,
3401 967 3472 1037 et

382 1086 654 1159 dierum
707 1107 881 1172 una,
959 1083 1280 1157 custodia
1340 1083 1886 1157 ambasiatorum
1949 1084 2296 1178 regalium
2351 1088 2420 1156 et
2473 1083 2828 1156 ducalium
2903 1105 2978 1156 se
3049 1083 3475 1175 superiorem

377 1205 785 1293 advertenS,
842 1205 918 1276 in
970 1205 1299 1277 hostilem
1374 1204 1764 1276 custodiam
1836 1203 2076 1293 irruit,
2153 1209 2223 1277 et
2284 1204 2359 1276 in
2423 1207 2697 1276 tantum
2761 1203 2837 1276 in
2890 1203 3089 1276 illam
3151 1208 3473 1296 grassata

377 1329 515 1414 est,
592 1330 675 1397 ut
746 1329 1112 1418 cogeretur
1180 1323 1256 1396 in
1327 1323 1520 1396 Laba
1573 1324 1831 1396 fiumen
1896 1323 2172 1396 insilire
2227 1328 2297 1397 et
2349 1324 2641 1396 fiuvium
2713 1323 3053 1396 tranando
3126 1323 3468 1397 traiicere.

376 1446 549 1517 Erat
630 1449 865 1518 autem
944 1446 1299 1537 praefatus
1381 1445 1654 1516 Boczek
1716 1444 1800 1516 de
1854 1443 2332 1516 Poszdzebrad
2413 1443 2959 1534 Viclephisticae
3029 1451 3260 1517 sectae
3331 1443 3472 1515 iam

375 1569 545 1636 tune
617 1565 905 1638 venenis
977 1565 1310 1653 infectae,
1383 1567 1583 1655 rapto
1608 1579 1615 1586 ·
1640 1567 1711 1636 et
1763 1563 2207 1655 praedocinio
2279 1563 2516 1637 vivere
2593 1563 2878 1651 solitus,
2952 1561 3232 1654 proprio
3289 1562 3472 1654 Regi

380 1682 793 1757 Wenceslao
856 1688 1263 1772 contumax,
1331 1687 1401 1756 et
1456 1671 1543 1754 ad
1598 1683 1951 1755 novandas
2015 1703 2128 1756 res
2194 1688 2404 1774 atque
2459 1682 2844 1756 seditiones
2897 1682 3289 1773 proclivuS,
3349 1681 3472 1772 qui

376 1804 765 1895 impietatis
820 1825 988 1876 suae
1040 1804 1439 1892 haeredem,
1496 1804 1723 1876 filium
1781 1803 2156 1896 Georgium
2211 1802 2619 1894 dereliquit,
2679 1802 2800 1894 qui
2835 1821 3166 1894 processu
3202 1806 3468 1893 tempo-

375 1923 504 2010 rie,
563 1921 747 1995 dolis
802 1929 872 1996 et
923 1922 1241 2011 astutiiS,
1300 1923 1629 1994 Ladislao
1684 1923 2089 2015 Hungariae
2134 1928 2207 1996 et
2247 1922 2624 2000 Bohemiae
2676 1922 2900 2014 Rege,
2955 1921 3106 1994 filio
3161 1912 3464 2010 Alberti,

377 2063 642 2116 veneno
702 2048 813 2134 (ut
852 2045 1117 2132 ferunt)
1170 2039 1573 2135 absumpto,
1631 2043 1748 2115 vel
1783 2048 1864 2114 ut
1900 2043 2064 2115 aliis
2099 2044 2363 2135 placet,
2423 2042 2915 2116 testiculorum
2953 2041 3465 2133 compressione

381 2167 665 2235 enecato
696 2161 781 2252 ³),
839 2163 913 2234 in
968 2163 1344 2235 Bohemiae
1407 2163 1728 2254 Regnum
1787 2162 2157 2250 successit,
2225 2167 2296 2234 et
2340 2161 2764 2254 primoribus
2829 2160 3059 2254 Regni
3121 2160 3470 2253 corruptis

378 2303 578 2370 auro,
638 2282 953 2355 diadema
1005 2280 1458 2355 Bohemicum
1511 2281 1779 2372 rapuit:
1837 2283 2037 2354 cuius
2093 2281 2240 2370 illi,
2297 2287 2377 2353 ut
2431 2283 2613 2356 male
2668 2286 2738 2354 et
2793 2282 3089 2354 sceleste
3129 2281 3460 2372 quaesiti,

380 2423 514 2474 non
568 2397 906 2474 diuturna
958 2401 1219 2474 mansit
1273 2404 1343 2473 et
1396 2400 1751 2491 possessio
1806 2405 1877 2472 et
1934 2401 2308 2474 successio.

382 2753 785 2825 Withavdus
834 2753 978 2825 vice
1030 2753 1389 2826 wladislai
1419 2753 1612 2842 nogia
1666 2754 2127 2826 Kesmarkum
2181 2754 2511 2843 profectus
2565 2753 2648 2825 ad
2701 2754 3200 2826 confirmandum
3242 2753 3472 2826 foedus

379 2873 551 2944 inter
594 2873 927 2962 nungaros
974 2875 1045 2944 et
1086 2873 1359 2945 Polonos
1415 2874 1645 2960 ictum,
1704 2873 1873 2944 dolis
1930 2873 2320 2963 sigismundi
2378 2874 2740 2963 nungariae
2798 2873 2993 2963 Regis
3045 2877 3116 2945 et
3159 2874 3472 2963 promisso

725 2991 947 3082 Regno
991 2994 1401 3082 oppugnatur
1442 2993 1709 3080 frustra,
1752 2996 1832 3065 ut
1876 3011 1917 3064 a
1958 2994 2087 3066 nde
2130 2993 2326 3083 Regis
2368 2993 2700 3065 wladislai
2745 2992 3131 3064 discederet.

586 3239 697 3310 Ex
738 3237 1176 3311 Sandomiria
1212 3239 1387 3311 feria
1421 3243 1585 3330 post
1620 3239 2054 3312 Dominicam
2091 3240 2600 3329 Reminiscere,
2657 3239 3096 3314 Wladislaus
3135 3237 3470 3311 Poloniae

383 3359 534 3432 Rex
587 3359 930 3449 processit
958 3360 1022 3447 ⁴)
1076 3358 1151 3430 in
1204 3346 1675 3448 Prziszow'⁵):
1733 3359 1855 3432 ubi
1908 3361 2165 3433 iterum
2230 3361 2586 3433 venationi
2649 3361 2997 3448 intentus,
3054 3360 3316 3430 multas
3370 3359 3468 3430 fe-

380 3499 493 3549 ras
550 3476 913 3551 silvestres
970 3473 1338 3570 onagrinas
1392 3483 1463 3551 et
1516 3478 1843 3552 zubrinas
1874 3479 1963 3569 θ),
2022 3502 2198 3572 quae
2253 3480 2326 3552 in
2379 3480 2710 3554 Polonico
2773 3482 2831 3552 L
2854 3501 2891 3552 o
2915 3501 3066 3572 szy
3099 3480 3159 3569 ⁷)
3216 3499 3465 3551 vocan-

384 3601 525 3687 tur,
584 3597 801 3688 cepit,
858 3600 929 3669 et
983 3597 1493 3690 quinquaginta
1547 3619 1716 3670 vasa
1778 3600 1863 3672 de
1916 3600 2066 3672 illis
2121 3600 2421 3692 implens
2451 3599 2539 3689 8),
2613 3621 2694 3673 ea
2757 3600 2831 3671 in
2895 3600 3265 3686 Ploczsko,
3339 3618 3464 3688 pro

387 3713 619 3789 futura
672 3715 1119 3808 expeditione
1174 3738 1329 3788 cum
1386 3717 1549 3790 aliis
1606 3720 1975 3807 servanda,
2030 3739 2157 3811 per
2209 3720 2433 3792 undas
2487 3718 2907 3791 transmisit.
2964 3719 3073 3790 Ex
3120 3717 3470 3789 Prziszow

386 3857 505 3927 per
571 3833 1017 3909 Lanszensko
1046 3835 1133 3925 ⁰),
1207 3837 1447 3928 Kopki
1518 3841 1587 3911 et
1655 3839 1989 3911 Iaroslaw
2057 3841 2470 3930 procedenS‚
2542 3861 2666 3931 pro
2740 3838 3106 3913 Dominica
3177 3839 3470 3908 Laetare

388 3955 896 4044 Przemisliam,
952 3977 1077 4047 pro
1132 3956 1497 4030 Dominica
1550 3977 1712 4030 vero
1765 3958 2013 4030 Indica
2064 3960 2427 4051 Leopolim
2489 3949 2831 4051 peruenit.
2905 3956 3179 4030 Exinde
3243 3955 3464 4028 disce-

390 4077 583 4165 dens,
660 4075 991 4148 Podoliae
1062 4079 1350 4166 terram,
1425 4098 1633 4168 quam
1702 4081 1873 4149 tunc
1942 4078 2197 4151 Petrus
2252 4079 2724 4152 Wlodkowicz
2779 4078 2863 4151 de
2917 4075 3469 4150 Charbinowicze

388 4197 845 4288 subpincerna
880 4196 1390 4284 cracoviensiS,
1448 4197 1532 4268 de
1568 4196 1768 4269 domo
1825 4189 2155 4286 Sulima,⁸
2187 4219 2312 4270 suo
2369 4204 2438 4270 et
2474 4199 2702 4290 Regni
2757 4199 2869 4271 sui
2906 4197 2996 4286 ¹⁰)
3051 4195 3328 4268 nomine
3363 4199 3465 4266 te-

386 4316 622 4405 nebat,
692 4316 950 4388 cursim
1010 4336 1421 4409 peragrans,
1488 4337 1574 4389 ex
1629 4317 2113 4409 Kamyenyecz
2167 4338 2293 4409 pro
2350 4318 2716 4391 Dominica
2769 4317 3012 4390 Ramis
3065 4316 3470 4387 Palmarum

384 4434 459 4506 in
508 4436 759 4508 Halicz
831 4435 1146 4523 advenit3
1221 4436 1472 4509 abinde
1550 4458 1714 4509 vero
1750 4458 1902 4528 pro
1967 4438 2145 4510 festo
2209 4439 2522 4511 Paschae
2593 4438 2955 4530 Leopolim
3009 4435 3241 4509 rediit.
3319 4433 3468 4524 Quo

384 4554 562 4628 illic-
588 4559 867 4648 agente,
925 4555 1349 4628 certificatus
1396 4561 1505 4628 est
1540 4555 1625 4628 de
1662 4557 2153 4647 conventione,
2213 4579 2421 4650 quam
2459 4579 2693 4632 secum
2731 4556 3224 4650 Sigismundus
3262 4555 3463 4626 Hun-

382 4675 616 4765 gariae
669 4676 826 4747 Rex
879 4675 955 4746 in
1008 4675 1395 4764 Keszmark
1447 4679 1684 4749 tenere
1739 4674 2180 4768 disponebat.
2238 4679 2348 4749 Ex
2405 4679 2618 4750 fratre
2675 4699 2798 4749 suo
2836 4674 3236 4748 Alexandro
3275 4676 3470 4747 Duce

386 4793 639 4886 Magno
695 4793 1151 4881 Lithuaniae‚
1208 4794 1292 4866 de
1344 4816 1719 4886 progressu
1764 4798 2118 4888 praefatae
2154 4798 2637 4870 conventionis
2693 4797 2766 4870 in
2818 4796 3236 4881 Keszmark,
3297 4815 3466 4885 qua-

388 4917 592 4986 tenus
647 4917 719 4986 et
771 4913 925 5004 ipse
988 4908 1101 4984 illi
1164 4915 1625 5004 personaliter
1688 4916 2002 5006 intersit,
2068 4937 2193 5008 per
2256 4917 2564 4990 velocem
2629 4915 2955 4988 nuntium
3017 4914 3321 5004 avisat0,
3379 4935 3470 4987 ex

598 5203 645 5277 ¹)
694 5205 928 5282 inique,
972 5205 1035 5263 in
1079 5221 1196 5279 quo
1242 5221 1343 5263 eos
1392 5197 1543 5264 cod.
1588 5200 1765 5264 Kost.
1831 5203 1883 5284 ²)
1927 5205 2238 5266 invaderet
2284 5199 2435 5266 Coa.
2483 5201 2657 5267 Kost.
2721 5202 2776 5283 ³)
2823 5209 3031 5266 necato
3081 5199 3232 5266 Cod.
3277 5202 3470 5266 Rozr.

383 5303 443 5383 ⁴)
489 5308 649 5366 venit
692 5302 847 5368 Cod.
890 5303 1082 5367 Rozr.
1132 5304 1183 5385 ⁵)
1228 5307 1456 5366 Prisow
1502 5301 1653 5368 Cod.
1698 5303 1874 5368 Kost.
1925 5304 1977 5385 ⁶)
2024 5309 2340 5385 zanbrinas
2391 5302 2540 5370 Cod.
2585 5302 2759 5369 Calv.
2811 5306 2863 5382 7)
2893 5309 3075 5369 Losie
3109 5303 3259 5369 Cod.
3291 5304 3470 5369 Kost.

383 5403 445 5490 ⁸)
495 5409 787 5485 complens
836 5402 987 5470 Cod.
1032 5405 1224 5470 Rozr.
1288 5407 1339 5487 ⁹)
1388 5409 1701 5486 Lezaysko
1742 5407 1872 5472 Ed.
1916 5407 2096 5494 Lips.
2152 5407 2249 5494 ¹⁰)
2309 5413 2493 5488 Regis
2552 5412 2644 5472 sui
2707 5407 2857 5472 Cod.
2903 5409 3094 5472 Rozr.
3141 5411 3331 5488 Regni
3378 5413 3472 5473 sui

378 5510 662 5572 Poloniae
708 5507 861 5573 Cod.
906 5508 1082 5573 Kost.
