4342 6384
853 514 1000 589 162
1489 523 1502 531 ’
2033 533 2259 587 LIBER
2310 529 2765 585 minuemus.
3403 503 3538 609 (Α.
3579 505 3668 583 D.
3711 505 3942 609 1413.)

847 722 1134 794 biliores
1187 720 1427 813 itaque
1481 740 1717 791 eorum
1786 716 1862 789 in
1925 718 2058 789 fide
2123 716 2349 789 edocti
2413 720 2483 789 et
2548 715 2632 788 de
2697 714 3017 789 articulis
3080 715 3243 788 fidei
3314 716 3521 807 plene
3584 714 3939 803 instructi,

848 842 1286 932 inspectante
1340 843 1410 913 et
1462 841 1878 931 procurante
1933 836 2328 909 Wladislao
2383 834 2716 908 Poloniae
2753 835 2942 927 Rege
2996 838 3067 907 et
3121 835 3469 908 catholica
3521 836 3806 907 nomina
3842 835 3944 907 018

852 962 1256 1051 adaptante,
1315 958 1784 1051 baptisantur.
1842 957 2216 1030 Universis
2255 960 2521 1044 autem,
2581 955 2702 1047 qni
2740 956 2943 1029 fidem
2980 954 3435 1027 christianam
3490 959 3559 1027 et
3593 955 3947 1045 baptisma

852 1083 1338 1170 susceperunt,
1397 1078 1834 1152 Wladislaus
1890 1077 2045 1151 Rex
2099 1098 2367 1168 pannos
2423 1075 2757 1166 optimoS‚
2816 1096 3059 1167 equ08‚
3101 1074 3552 1163 vestimenta,
3610 1074 3945 1166 pecunias

851 1205 923 1271 et
975 1200 1117 1272 alia
1170 1221 1488 1287 munera,
1546 1198 1619 1270 in
1655 1199 1819 1271 fidei
1875 1204 2156 1270 sanctae
2195 1199 2533 1285 favorem,
2589 1195 2981 1269 liberaliter
3015 1194 3317 1287 largitus
3356 1198 3495 1267 est:
3552 1198 3635 1266 nt
3688 1192 3946 1265 caeteri

852 1320 940 1390 ad
993 1318 1510 1410 suscipiendam
1546 1317 1957 1410 religionem
2014 1316 2471 1389 orthodoxam
2510 1317 2738 1388 forent
2772 1314 3156 1407 proniores.
3213 1315 3303 1386 In
3340 1313 3670 1387 districtu
3713 1318 3946 1386 autem

852 1442 922 1511 et
976 1439 1126 1510 loco
1189 1438 1563 1531 insigniori
1633 1441 1858 1510 terrae
1921 1435 2383 1529 Samagittiae
2445 1436 2770 1526 Medniky
2834 1435 3303 1507 cathedralem
3380 1434 3750 1507 ecclesiam
3816 1433 3947 1505 sub

860 1559 1122 1631 honore
1192 1558 1392 1630 tituli
1471 1558 1883 1630 Sanctorum
1947 1557 2335 1649 Martyrum
2396 1553 2815 1643 Alexandri,
2882 1554 3252 1643 Theodori,
3320 1554 3722 1643 Eventii1),
3781 1554 3951 1625 item

855 1677 932 1749 in
987 1678 1149 1751 aliis
1204 1678 1377 1751 locis
1431 1678 1868 1769 parochiales
1924 1677 2253 1750 ecclesias
2309 1676 2747 1748 Wladislaus
2784 1676 2939 1747 Rex
2996 1674 3272 1763 fundat,
3330 1674 3651 1747 aedificat
3706 1677 3779 1747 et
3816 1672 3945 1745 eri-

855 1797 994 1890 git,
1053 1800 1122 1870 et
1175 1796 1326 1870 illis
1381 1796 1455 1869 in
1510 1798 1741 1869 dotem
1797 1797 2227 1870 sufficientes
2282 1795 2595 1869 redditus
2660 1798 2731 1868 et
2783 1794 3118 1866 introitus
3174 1793 3539 1886 consignat
3593 1797 3662 1865 et
3716 1792 3951 1865 literis

856 1917 1005 1989 suis
1059 1916 1406 1989 inscribit.
1481 1916 1791 2008 Contigit
1844 1921 2108 2003 autem,
2189 1916 2353 1987 dum
2421 1894 2877 2006 Samagittiae
2946 1912 3287 2005 praedicti
3357 1935 3482 2005 per
3534 1912 3952 2005 Magistrum

858 2036 1235 2109 Nicolaum
1272 2036 1661 2109 Wanschik
1689 2035 1752 2126 2)
1808 2039 2090 2109 fratrem
2130 2036 2395 2108 ordinis
2432 2034 3028 2123 Praedicatorum,
3075 2033 3617 2125 praedicatorem
3652 2034 3951 2125 regium,

859 2156 1377 2229 instruerentur
1428 2155 1502 2227 in
1557 2156 1724 2245 fide,
1779 2157 2275 2248 praefatusque
2332 2155 2665 2247 Magister
2719 2154 3058 2227 Nicolaus
3113 2153 3500 2226 Wanschik
3554 2175 3678 2245 per
3732 2153 3951 2225 inter-

855 2279 1124 2367 pretem
1177 2274 1668 2367 praedicande,
1725 2276 1930 2367 plura
1985 2275 2068 2347 de
2103 2273 2344 2347 mundi
2400 2274 2749 2347 creatione
2802 2281 2871 2347 et
2908 2276 3113 2365 lapsu
3166 2272 3376 2364 primi
3411 2271 3715 2345 hominis
3753 2273 3955 2345 Adae

859 2395 1339 2484 disseruisset,
1383 2395 1926 2487 Samagittarum
1962 2417 2179 2483 1111118,
2221 2393 2668 2483 existimans,
2708 2394 3123 2487 Magistrum
3160 2393 3531 2465 Nicolaum
3558 2393 3957 2491 Wanschik

857 2519 1004 2587 tam
1058 2514 1389 2587 diffusum
1451 2515 1534 2587 de
1600 2514 1947 2588 creatione
2011 2514 2254 2586 mundi
2325 2514 2819 2606 pronuntiasse
2886 2534 3302 2601 sermonem,
3371 2512 3574 2604 quasi
3637 2513 3765 2585 sub
3822 2534 3960 2584 sua

859 2638 1086 2707 aetate
1141 2639 1212 2707 et
1265 2634 1596 2707 memoria
1650 2634 1907 2707 creatio
1963 2634 2120 2725 ipsa
2175 2634 2260 2706 ab
2313 2634 2467 2726 ipso
2524 2633 2681 2706 visa
2735 2633 3179 2726 contigisset,
3247 2631 3536 2717 sufferre
3599 2636 3681 2704 ut
3734 2633 3957 2705 silva-

857 2776 992 2827 nus
1048 2758 1119 2827 et
1172 2754 1468 2847 agrestis
1527 2774 1911 2827 sermonem
1963 2753 2435 2845 praedicantis
2492 2774 2629 2825 non
2685 2753 2958 2841 valenS,
3018 2752 3092 2824 in
3146 2753 3316 2826 haec
3370 2752 3584 2825 verba
3635 2774 3958 2845 prorum-

858 2873 992 2966 pit.
1066 2874 1429 2961 Mentitur,
1484 2873 1749 2965 inquit,
1828 2872 2313 2945 illustrissime
2368 2874 2556 2961 Rex,
2626 2872 2947 2945 sacerdos
3001 2872 3169 2962 iste,
3236 2893 3553 2945 asserens
3618 2872 3961 2944 mundum

862 2996 1172 3065 creatum
1229 2994 1372 3065 fore
1403 2990 1488 3082 ³),
1547 3013 1703 3064 eum
1760 2992 1945 3064 enim
1999 3015 2138 3065 non
2193 2992 2571 3084 longaevae
2634 2992 2898 3066 existat
2950 2992 3204 3065 aetatis
3257 2994 3495 3081 hom0‚
3564 3014 3697 3084 quo
3750 3000 3967 3084 pacto

862 3112 1123 3202 poterit
1175 3110 1591 3184 creationem
1648 3112 1894 3183 mundi
1948 3133 2114 3185 suae
2149 3112 2652 3185 recordationis
2708 3112 3110 3186 testimonio
3166 3115 3484 3185 firmare?
3541 3113 3721 3186 Sunt
3765 3114 3965 3185 enim

865 3231 1049 3304 inter
1099 3251 1226 3303 1108
1280 3232 1518 3322 plures
1570 3253 1892 3321 numero,
1960 3232 2435 3305 centenarium
2500 3254 2755 3305 annum
2812 3234 3281 3325 supergressi,
3350 3254 3429 3305 00
3485 3236 3715 3305 aetate
3762 3232 3965 3323 prio—

861 3372 1007 3439 108,
1066 3350 1189 3443 qui
1247 3350 1663 3423 creationem
1717 3351 2143 3442 praedictam
2196 3350 2543 3425 recordari
2596 3373 2733 3423 non
2770 3356 3101 3443 possunt3
3160 3351 3281 3423 sed
3336 3352 3465 3423 sub
3503 3351 3762 3424 eisdem
3808 3373 3969 3423 mo·

864 3470 1056 3543 tibus
1114 3474 1184 3543 et
1237 3470 1646 3543 decursibus
1703 3470 1937 3544 sciunt
1973 3473 2192 3544 solem
2249 3476 2318 3544 et
2354 3473 2626 3559 lunam,
2686 3476 3092 3563 caeteraque
3130 3471 3358 3545 sidera
3404 3471 3697 3543 luxisse.
3754 3470 3971 3542 Wla·

867 3590 1138 3663 dislaus
1213 3595 1446 3662 autem
1511 3590 1844 3663 Poloniae
1909 3591 2064 3663 Rex
2139 3590 2347 3663 silere
2420 3612 2497 3664 eo
2562 3591 2785 3678 111880,
2861 3591 3246 3664 declaravit
3315 3591 3467 3663 illis
3540 3590 3971 3683 Magistrum

866 3709 1237 3783 Nicolaum
1292 3709 1678 3782 Wanschik
1742 3710 1826 3783 de
1881 3710 2229 3783 creatione
2292 3710 2535 3782 mundi
2601 3710 2881 3803 singula
2936 3732 3099 3783 vera
3154 3710 3454 3800 dixisse,
3522 3731 3743 3803 neque
3795 3731 3975 3783 011111

868 3829 1282 3917 asseruisse,
1341 3830 1525 3920 quod
1579 3830 1838 3901 creatio
1895 3830 2050 3921 ipsa
2105 3830 2235 3902 sub
2294 3829 2538 3902 diebus
2595 3830 2742 3902 suis
2797 3830 3158 3919 acciderit,
3216 3831 3339 3903 sed
3376 3830 3561 3922 quod
3614 3832 3775 3901 ante
3832 3850 3977 3903 sex

870 3948 1098 4019 millia
1151 3953 1220 4020 et
1275 3948 1727 4040 sexingentos
1783 3970 2034 4036 annos,
2093 3949 2357 4021 virtute
2414 3953 2484 4021 et
2521 3948 2953 4022 ordinatione
3006 3950 3406 4041 provenerit
3460 3949 3732 4037 divina;
3791 3951 3975 4022 sub-

871 4065 1206 4137 inferens:
1265 4067 1451 4158 quod
1507 4068 1694 4139 Deus
1751 4067 2189 4158 omnipotens
2246 4067 2664 4141 mirabiliter
2720 4068 2985 4141 creavit
3035 4068 3417 4157 hominem,
3494 4073 3563 4141 et
3614 4069 3691 4141 in
3744 4069 3977 4141 Para·

871 4183 1026 4255 diso
1091 4185 1512 4276 voluptatiS,
1578 4186 1889 4274 homine,
1966 4208 2170 4278 quem
2242 4188 2329 4258 ad
2394 4186 2932 4260 similitudinem
3004 4209 3203 4260 snam
3276 4192 3663 4276 creaverat,
3735 4188 3977 4261 delin-

874 4307 1162 4394 quente,
1220 4308 1290 4376 et
1341 4304 1712 4376 universae
1779 4326 1943 4377 suae
2006 4306 2411 4397 posteritati
2478 4312 2768 4381 mortem
2842 4312 2911 4379 et
2972 4308 3487 4381 damnationem
3550 4311 3983 4398 perpetuam

874 4422 1301 4512 innectente,
1359 4422 1754 4495 mirabilius
1809 4425 2134 4514 redemit,
2203 4426 2489 4498 mittens
2556 4427 2781 4499 filium
2837 4448 3041 4499 81111111
3096 4448 3183 4500 ex
3237 4426 3617 4518 purissima
3672 4426 3985 4517 Virgine

873 4546 1148 4632 natum,
1208 4546 1275 4614 et
1330 4542 1501 4614 dans
1553 4563 1680 4633 per
1732 4543 1936 4615 illum
1991 4566 2170 4617 nova
2224 4550 2594 4637 praecepta
2648 4546 2927 4619 mundo.

1093 4798 1140 4878 ¹)
1182 4799 1479 4859 Vincentii
1529 4794 1679 4860 Cod.
1727 4795 1901 4859 Kost.
1951 4794 2006 4880 Ω)
2053 4798 2245 4877 Vazik
2294 4794 2445 4862 Cod.
2478 4797 2669 4861 Rozr.
2718 4798 2771 4878 ³)
2818 4818 2950 4860 esse
3004 4794 3155 4860 Cod.
3202 4797 3394 4861 Rozr.
