4342 6384
792 559 941 632 372
1988 587 2215 639 amun
2265 587 2724 641 annuemus.
3329 565 3464 666 (Α.
3502 566 3593 640 D.
3633 564 3884 667 1429.)

788 769 1003 861 perit,
1060 769 1183 862 qui
1238 791 1315 843 eo
1371 771 1743 863 absumpto
1798 772 1871 844 in
1926 773 2250 866 Regnum
2307 778 2472 845 sunt
2527 773 2952 847 successuri:
3010 778 3090 846 tu
3145 778 3216 848 et
3241 769 3692 848 'wladislaus
3729 775 3885 848 Rex

786 912 830 960 a
882 892 1126 983 Regno
1177 891 1512 965 Poloniae
1566 891 1877 967 nitimini
1916 897 2138 965 terras
2195 893 2309 966 illi
2361 901 2698 986 perpetuo
2736 895 2974 967 unitas
3027 894 3464 983 abstrahere,
3521 899 3594 968 et
3633 915 3883 988 corpus

786 1010 1017 1102 Regni
1070 1009 1294 1083 nostri
1348 1016 1790 1086 monstruosa
1844 1013 2193 1087 divisione
2245 1014 2522 1106 partiri.
2599 1015 2790 1088 Satis
2844 1014 3064 1107 igitur
3129 1015 3480 1103 dolemus,
3536 1036 3666 1088 nos
3719 1017 3883 1090 fide-

785 1130 950 1202 liter
1002 1136 1287 1223 agentes
1351 1131 1873 1222 circumveniri,
1942 1134 2063 1226 qui
2124 1155 2252 1226 per
2313 1135 2493 1208 alios
2558 1135 2956 1228 Principes,
3025 1133 3284 1227 quibus
3341 1137 3628 1209 fratrem
3681 1139 3884 1208 tuum

786 1252 1283 1342 praetulimus,
1360 1251 1722 1325 omisimus
1786 1241 2248 1345 amplioribus
2323 1253 2530 1328 terris
2595 1256 2914 1348 Regnum
2977 1259 3295 1327 nostrum
3369 1259 3441 1328 et
3505 1257 3746 1349 augeri
3815 1261 3888 1329 et

788 1371 1041 1444 ornari.
1100 1372 1335 1444 Unum
1390 1392 1518 1444 nos
1573 1373 1645 1444 in
1700 1373 1813 1444 his
1870 1375 2139 1445 solatur
2194 1374 2584 1464 doloribus,
2645 1375 2828 1467 quod
2883 1375 2958 1448 iu
2997 1375 3440 1467 susceptione
3497 1375 3740 1448 fratris
3779 1376 3886 1449 tui

788 1491 1167 1564 Wladislai
1222 1491 1464 1585 Regis,
1522 1492 1685 1565 fidei
1722 1498 2005 1566 sanctae
2060 1493 2584 1585 ampliationem
2639 1501 2709 1567 et
2765 1496 3065 1568 salutem
3121 1495 3512 1568 animarum
3563 1494 3880 1570 intende·

786 1611 1065 1701 hamne,
1122 1633 1261 1684 uon
1298 1611 1589 1684 divitias
1644 1617 1767 1685 aut
1804 1635 2001 1706 opes,
2060 1636 2236 1706 quas
2291 1614 2674 1688 Lithuauia
2728 1637 3083 1706 nunquam
3135 1615 3420 1705 habuit,
3477 1601 3606 1689 nec
3639 1621 3882 1708 poten-

788 1731 988 1820 tiam,
1046 1753 1203 1804 cum
1260 1732 1473 1805 fuerit
1510 1732 1893 1806 Lithuania
1946 1754 1987 1805 a
2024 1734 2280 1808 vicinis
2319 1734 2768 1828 Principibus
2825 1740 2895 1807 et
2931 1734 3337 1807 nationibus
3393 1740 3562 1808 tunc
3615 1736 3886 1810 calcata

788 1857 858 1924 et
910 1873 1085 1944 pene
1141 1873 1380 1925 eversa
1435 1856 1505 1925 et
1558 1853 1821 1926 deleta:
1889 1876 2066 1946 quae
2120 1854 2420 1928 intentio
2479 1855 2742 1947 optima
2807 1855 3086 1927 vincere
3139 1876 3268 1928 uos
3323 1860 3394 1928 et
3449 1856 3726 1930 domare
3760 1857 3884 1928 ho·-

788 1973 931 2044 stes
995 1977 1271 2044 nostros
1335 1972 1756 2062 cruciferos,
1825 1978 1897 2048 et
1960 1974 2464 2066 amplissimam
2533 1976 2616 2047 de
2681 1975 2832 2047 illis
2883 1979 3239 2066 reportare
3302 1975 3670 2049 victoriam
3725 1997 3883 2049 con-

787 2091 1024 2164 cessit.
1082 2092 1209 2164 Illi
1264 2098 1335 2165 et
1387 2093 1727 2166 haetenus
1783 2095 2009 2168 veluti
2064 2093 2492 2166 solidissimo
2549 2094 2998 2167 fundamento
3045 2094 3439 2184 innitimur,
3497 2101 3883 2188 speranteS,

787 2212 971 2303 quod
1024 2212 1213 2284 Deus
1278 2212 1587 2303 optimus
1652 2215 2025 2286 consilium
2092 2220 2292 2286 tuum
2365 2219 2489 2285 aut
2554 2214 2857 2286 mutabit
2920 2219 3044 2286 aut
3107 2214 3482 2304 dissolvet,
3557 2237 3687 2289 uec
3736 2222 3882 2290 tam

785 2331 1206 2404 horrendum
1264 2334 1555 2422 vulnuS,
1624 2335 1809 2426 quod
1861 2334 2103 2428 Regno
2160 2333 2494 2408 Poloniae
2555 2355 2762 2426 paras
2817 2334 3166 2428 infligere,
3235 2335 3495 2409 sentire
3547 2357 3676 2409 nos
3727 2357 3881 2429 per-

786 2452 1044 2525 mittet.
1102 2452 1215 2524 Ad
1270 2453 1395 2525 has
1434 2473 1559 2546 ego
1616 2455 1861 2545 epulas
1898 2461 2043 2526 tam
2080 2475 2351 2528 amaras
2406 2475 2763 2546 nunquam
2801 2454 3272 2545 advenissem,
3331 2476 3490 2529 cum
3526 2456 3642 2531 hic
3687 2478 3879 2532 ener-

786 2573 1135 2645 vationem
1192 2575 1421 2645 status
1477 2574 1708 2667 Regni
1744 2574 1969 2647 nostri
2024 2575 2137 2668 agi
2176 2574 2410 2664 video,
2467 2575 3120 2668 coronationemque
3157 2579 3384 2664 tuam,
3441 2576 3885 2651 serenissime

784 2693 1154 2784 PrincepS,
1222 2698 1560 2785 quantum
1624 2715 1911 2786 possum
1967 2699 2037 2768 et
2090 2695 2329 2783 valeo,
2387 2699 2458 2768 et
2509 2695 2852 2768 dissentio
2888 2697 2942 2784 ¹)
2997 2701 3068 2768 et
3122 2696 3492 2790 impugno,
3548 2698 3748 2771 nulla
3783 2719 3880 2787 re,

784 2815 985 2886 nulla
1039 2813 1466 2903 conditione,
1524 2814 1723 2886 nullo
1778 2819 1980 2906 pacto
2035 2814 2234 2887 illam
2290 2815 2750 2889 admissurus,
2808 2816 3102 2918 Dudum·
3142 2817 3322 2890 hanc
3374 2818 3753 2909 procellam
3808 2818 3883 2891 in

785 2941 977 3008 tuam
1034 2939 1104 3008 et
1156 2939 1466 3007 nostram
1522 2935 1860 3008 cervicem
1914 2935 2171 3008 callido
2228 2935 2404 3009 satis
2460 2935 2738 3030 iugenio
2777 2941 3279 3029 comparatam,
3337 2938 3880 3023 noscitabamus,

786 3055 909 3128 sed
960 3055 1159 3126 nullo
1220 3059 1425 3146 pacto
1487 3059 1886 3147 poteramus
1951 3055 2236 3143 adduci,
2313 3060 2395 3128 ut
2449 3060 2561 3145 tu,
2629 3056 2750 3148 qui
2807 3055 3106 3148 spiritus
3171 3056 3390 3150 Regis
3447 3057 3886 3150 Sigismundi

784 3174 1001 3267 probe
1053 3194 1329 3262 nosseS‚
1386 3174 1538 3248 eius
1595 3173 1911 3248 cassibus
1966 3175 2383 3264 vincereris3
2440 3182 2511 3250 et
2562 3177 2726 3267 plus
2781 3177 2967 3269 apud
3003 3181 3075 3249 te
3128 3177 3401 3251 valeret
3454 3177 3706 3269 cupido
3744 3178 3880 3251 Re-

786 3294 941 3388 gni,
1000 3315 1206 3385 quam
1264 3294 1609 3366 fraternae
1662 3295 2151 3368 unanimitatis
2207 3296 2595 3370 concordia.
2655 3297 2806 3388 Qua
2858 3297 3156 3384 deserta,
3213 3296 3720 3371 discordiarum
3773 3319 3882 3371 se-

786 3413 1160 3488 minarium
1224 3414 1551 3506 amplecti
1615 3415 1922 3502 senaria,
2000 3414 2293 3506 stirpem
2357 3421 2585 3504 tuam,
2653 3417 3102 3510 Principatus
3177 3421 3249 3491 et
3309 3417 3666 3508 Dominia‚
3741 3417 3882 3492 uisi

786 3535 1053 3608 interea
1116 3533 1470 3607 salubrius
1546 3534 1817 3628 aliquid
1889 3541 2334 3627 prospectum
2367 3535 2428 3626 2)
2498 3536 2588 3609 iri
2653 3537 3055 3629 contingat,
3131 3526 3528 3611 eversurus,
3602 3539 3886 3631 Depone

788 3675 1044 3749 quaeso
1100 3655 1309 3743 hanc,
1368 3675 1546 3747 quae
1602 3655 1831 3728 animo
1886 3659 2008 3728 tuo
2064 3656 2358 3744 insedit,
2414 3657 2680 3748 gloriae
2727 3656 3229 3748 appetitionem
3285 3662 3356 3730 et
3411 3657 3880 3732 mulierosita-

786 3781 959 3862 tem,
1020 3779 1089 3847 et
1142 3778 1211 3846 te
1267 3773 1496 3846 virum
1551 3796 1879 3867 magnum
1933 3774 2009 3847 in
2062 3776 2193 3848 hac
2247 3776 2535 3848 occidua
2589 3780 2849 3864 aetate,
2909 3778 3094 3868 quod
3148 3777 3222 3849 iu
3259 3777 3607 3870 superiori
3661 3781 3885 3852 facere

788 3895 1094 3982 solebaS,
1154 3894 1462 3966 ostende.
1540 3895 1773 3966 Unum
1832 3899 1971 3982 est,
2031 3895 2214 3987 quod
2273 3894 2406 3969 tibi
2461 3895 2673 3969 etiam
2727 3902 2940 3988 atque
2995 3897 3206 3971 etiam
3262 3918 3678 3990 persuasum
3732 3919 3884 3972 esse

786 4013 1140 4107 cupimus,
1198 4035 1286 4086 ne
1340 4015 1525 4088 hunc
1582 4018 1854 4087 tantum
1910 4014 2125 4087 animi
2180 4015 2289 4088 tui
2341 4017 2653 4089 ardorem
2707 4018 3187 4108 prosequariS,
3244 4019 3521 4090 nullum
3578 4020 3884 4092 fructum

788 4156 877 4208 ex
932 4133 1057 4205 illo
1094 4133 1498 4222 habiturus;
1556 4134 1869 4227 ingentia
1922 4135 2139 4208 animi
2175 4135 2284 4208 tui
2338 4136 2548 4222 bona,
2606 4136 2680 4208 in
2719 4137 2974 4227 quibus
3011 4137 3362 4210 hactenus·
3405 4139 3592 4229 apud
3632 4138 3882 4211 Orbem

788 4253 1196 4327 universum
1236 4254 1633 4343 effulseraS,
1694 4261 1763 4327 et
1799 4256 1997 4328 illam
2035 4255 2508 4345 concordiam,
2548 4256 3099 4348 charitatemque
3155 4257 3562 4346 fraternam,
3621 4279 3710 4330 ex
3749 4277 3888 4350 qua

790 4375 865 4446 in
919 4395 1101 4463 eam,
1157 4373 1233 4446 in
1288 4394 1427 4464 qua
1478 4395 1663 4447 nuuc
1717 4395 1826 4462 eS,
1884 4375 2428 4464 sublimitatem,
2495 4377 2790 4449 caeteris
2847 4376 3184 4449 fratribus
3237 4376 3453 4470 regiis
3520 4377 3884 4471 neglectis,

791 4495 919 4568 sub
974 4493 1308 4566 beneficio
1371 4493 1902 4583 conscenderas,
1971 4497 2398 4568 foedaturus.
2473 4496 2844 4569 Palatinus
2907 4497 3156 4570 deiude
3223 4497 3702 4571 cracoviensis
3770 4499 3882 4571 Io-

788 4615 1053 4686 hannes
1118 4613 1203 4684 de
1266 4614 1577 4696 Tarnow,
1651 4613 1965 4707 integrae
2029 4615 2139 4687 vir
2203 4616 2635 4689 constantiae
2700 4621 2772 4689 et
2833 4617 3029 4705 fidei,
3106 4617 3528 4690 sententiam
3593 4617 3884 4711 Sbiguei

789 4732 1099 4826 episcopi
1152 4754 1309 4805 cum
1364 4734 1685 4807 omnibus
1740 4734 1903 4808 aliis
1958 4736 2125 4808 adeo
2182 4735 2621 4809 uniformiter
2685 4741 2754 4810 et
2809 4741 3211 4810 constanter
3265 4744 3549 4811 secutus
3605 4743 3748 4828 est,
3803 4742 3886 4810 ut

790 4874 1126 4940 murmur,
1190 4853 1587 4943 praesentia
1649 4854 1867 4927 Ducis
1931 4855 2167 4947 Magni
2223 4854 2606 4928 Withawdi
2669 4877 2808 4930 non
2872 4858 3223 4946 obstante,
3292 4863 3480 4931 esset
3539 4879 3679 4931 uon
3744 4879 3884 4931 me·

791 4973 1023 5046 diocre
1088 4972 1479 5046 subortum.
1559 4975 1975 5046 Frustratus
2042 4995 2164 5066 spe
2229 4997 2356 5047 sua
2411 4976 2573 5048 Dux
2628 4976 3105 5065 WithawduS,
3179 4999 3318 5050 non
3382 4979 3534 5051 sine
3587 4978 3886 5070 quodam

791 5095 1091 5167 clamore
1144 5099 1215 5166 et
1271 5093 1547 5186 mugitu
1600 5095 1909 5168 dolorem
1964 5100 2035 5168 et
2071 5094 2627 5188 indignationem
2681 5099 3149 5188 praeferente,
3208 5119 3295 5171 ex
3335 5097 3630 5172 concilio
3669 5098 3887 5191 Regis

789 5213 1123 5286 Poloniae
1177 5213 1409 5286 tristis
1446 5213 1803 5306 discessit,
1861 5237 2011 5289 eam
2052 5221 2282 5288 tamen
2322 5237 2560 5289 vocem
2617 5217 3226 5291 submurmurans:
3286 5219 3572 5310 Quando
3627 5219 3702 5291 id
3739 5239 3885 5294 cer·

1008 5467 1059 5558 ¹)
1106 5473 1423 5536 dissuadeo
1479 5469 1630 5536 C'od.
1676 5469 1869 5536 Rozr.
1932 5470 1985 5553 ²)
2028 5477 2404 5549 perspectum
2447 5469 2577 5534 Ed.
2623 5469 2808 5556 Lips.
