4342 6384
910 573 1060 645 208
2107 595 2333 648 menn
2386 594 2843 647 monemus.
2971 520 2977 527 -
3470 573 3603 674 (Α.
3645 574 3736 648 D.
3777 575 3993 674 1417.)

912 778 1192 866 diebuS,
1252 783 1320 851 et
1376 777 1591 852 variis
1646 777 1951 871 ingeniis
2009 783 2078 851 et
2133 779 2555 852 tractatibus
2612 780 2698 851 ad
2753 779 3134 852 cessionem
3187 781 3440 852 Petrus
3497 781 3580 852 de
3619 782 3819 852 Luna
3855 803 3994 872 per-

912 899 1342 986 suaderetur,
1400 897 1748 971 universis
1805 903 2038 970 tamen
2093 899 2617 972 honestissimis
2674 899 2957 988 mediis,
3016 921 3192 990 quae
3247 901 3384 972 sibi
3437 922 3560 992 per
3617 900 3994 992 Sigismun-

911 1020 1074 1091 dum
1131 1020 1600 1091 Romanorum
1660 1023 1729 1089 et
1782 1017 2191 1110 Hungariae
2246 1020 2540 1111 Regem,
2608 1020 2996 1111 Patresque
3052 1020 3345 1091 Concilii
3387 1021 3439 1108 ¹)
3506 1021 3700 1093 fuere
3754 1021 3997 1106 oblata,

909 1138 1362 1229 contemptiS,
1421 1139 1830 1210 nullatenus
1881 1159 1954 1210 se
1993 1140 2076 1210 de
2114 1139 2387 1228 Papatu
2444 1137 2785 1212 indicavit
2833 1161 3221 1225 cessurum,
3282 1145 3602 1212 astruens
3661 1162 3736 1212 se
3774 1161 3998 1211 verum

911 1262 979 1331 et
1034 1257 1430 1350 legitimum
1488 1257 1852 1329 Summum
1891 1258 2338 1345 Pontificem,
2397 1258 2547 1330 sine
2588 1259 2788 1331 cuius
2826 1258 3254 1330 authoritate
3292 1260 3614 1350 Synodus
3663 1259 3999 1350 generalis

827 1410 832 1414 ·
912 1399 1134 1469 neque
1190 1381 1465 1469 poterat
1521 1377 1894 1465 celebrari,
1953 1397 2177 1468 neque
2233 1376 2472 1449 indici.
2542 1378 2628 1448 In
2686 1377 3035 1450 obstinato
3094 1377 3331 1468 itaque
3388 1379 3646 1468 spiritu
3701 1400 3789 1450 ex
3844 1379 4000 1450 Par·

911 1498 1195 1589 piniano
1228 1497 1290 1587 2)
1347 1498 1745 1585 discedenS,
1805 1502 1875 1569 et
1929 1497 2002 1568 iu
2042 1501 2350 1568 castrum
2407 1497 2869 1569 fortissimum
2908 1497 3336 1569 Paniuscula
3373 1497 3829 1569 Dertusensis
3866 1497 3998 1568 dio-

913 1619 1124 1707 cesiS‚
1184 1619 1367 1710 quod
1423 1618 1507 1693 de
1544 1617 1971 1710 proprietate
2027 1617 2321 1688 fratrum
2362 1617 2893 1688 Iohannitarum
2952 1618 3208 1703 fuerat,
3278 1638 3489 1708 supra
3527 1638 3715 1689 mare
3773 1616 4001 1702 situm,

914 1759 989 1811 se
1043 1740 1437 1827 conferenS,
1493 1739 1838 1829 reliquam
1894 1737 1966 1809 in
2021 1737 2182 1824 illo,
2251 1737 2462 1809 etiam
2525 1740 2686 1826 post
2740 1736 3011 1808 unitam
3067 1736 3462 1823 ecclesiam,
3532 1735 3771 1828 exegit
3826 1741 3999 1808 aeta-

915 1863 1091 1947 tem,
1162 1879 1372 1949 seque
1434 1857 1891 1950 pertinaciter
1951 1878 2076 1948 pro
2141 1857 2334 1947 Papa
2407 1861 2475 1928 et
2539 1856 2612 1928 in
2678 1857 2922 1928 mortis
2994 1857 3289 1928 articulo
3362 1856 3605 1949 gessit.
3691 1855 4004 1928 Deseruit

915 1983 1150 2051 autem
1205 1979 1412 2051 illum
1465 1978 1952 2050 Ferdinandus
1992 1978 2396 2067 Aragonum
2434 1977 2621 2064 Rex,
2682 1982 2750 2048 et
2790 1976 3186 2048 obedientia
3240 1976 3352 2047 illi
3408 1977 3804 2063 subtracta,
3844 1976 4001 2046 Con-

917 2098 1080 2170 cilio
1136 2098 1658 2171 Oonstantiensi
1721 2097 1850 2169 sub
1916 2097 2126 2169 certis
2192 2096 2547 2184 articuliS,
2616 2117 2739 2186 per
2803 2117 2976 2186 quos
3039 2095 3561 2187 providebatur,
3632 2101 3713 2167 ut
3779 2115 4003 2166 omnes
4090 2127 4098 2135 ·

917 2240 1040 2310 per
1093 2219 1379 2291 Petrum
1444 2218 1528 2290 dc
1581 2218 1783 2289 Luna
1844 2216 2146 2307 promoti
2220 2216 2293 2288 in
2352 2216 2500 2287 suis
2565 2215 3031 2308 dignitatibus
3108 2220 3177 2288 et
3240 2215 3491 2287 officiis
3554 2220 4003 2299 remanerent,

919 2337 1260 2410 adhaesit.
1319 2337 1756 2428 Quapropter
1809 2335 2210 2408 cardinales
2265 2335 2461 2407 Petri
2516 2336 2601 2407 de
2655 2336 2857 2407 Luna
2911 2357 3035 2408 suo
3092 2337 3282 2426 Papa
3338 2336 3644 2423 deserte,
3703 2334 3791 2406 ad
3844 2335 4003 2405 Con·

920 2459 1254 2530 stantiam
1313 2457 1750 2544 accedentes,
1807 2478 1931 2548 pro
1988 2455 2479 2528 Cardinalibus
2537 2461 2605 2528 et
2659 2456 2927 2548 accepti
2983 2461 3052 2529 et
3106 2455 3334 2528 habiti
3388 2460 3576 2527 sunt.

1062 2821 1412 2892 Definitiva
1457 2819 1796 2891 sententia
1841 2820 2072 2889 contra
2116 2819 2371 2890 Petrum
2417 2819 2498 2889 de
2543 2819 2720 2888 Luna
2766 2819 2933 2889 alias
2977 2817 3393 2890 Benedictnm
3438 2817 3876 2888 tredecimum.

1817 2939 2131 3010 nartinns
2178 2939 2447 3028 quintus
2492 2938 2794 3009 Pontifex
2839 2940 3114 3009 creatur.

1133 3178 1546 3250 Modestiam
1602 3199 1798 3248 suam
1843 3178 2165 3269 Synodus
2205 3177 2763 3250 Constantiensis
2820 3177 3004 3268 apud
3042 3178 3331 3248 Pet-rum
3369 3175 3454 3246 de
3491 3176 3693 3247 Luna
3744 3175 4012 3245 nullum

923 3299 1310 3389 profectum
1366 3298 1696 3370 attulisse
1751 3299 2221 3389 perpendenS‚
2279 3300 2577 3389 rigorem
2634 3297 2951 3369 iustitiae
3009 3297 3081 3368 in
3120 3318 3275 3368 eum
3333 3296 3675 3367 extendit.
3734 3296 3827 3365 Et
3862 3315 4009 3385 pro-

924 3439 1127 3492 cessu
1183 3418 1553 3490 iudiciario
1609 3418 2032 3505 instaurate,
2091 3419 2322 3508 ipsum
2379 3440 2502 3508 per
2558 3417 2978 3489 sententiam
3043 3416 3477 3488 definitivam
3534 3421 3604 3487 et
3659 3415 3845 3487 omni
3899 3415 4009 3484 ho-

922 3559 1122 3626 nore,
1179 3537 1524 3630 dignitate
1579 3542 1648 3610 et
1703 3538 1929 3609 officio
1984 3538 2251 3629 privat,
2321 3537 2880 3626 sententiamque
2942 3536 3345 3607 huiusmodi
3410 3536 3483 3607 in
3540 3535 3852 3607 sessione
3904 3554 4010 3624 ge-

922 3658 1178 3745 nerali,
1237 3657 1568 3731 vicesima
1625 3661 1826 3728 sexta
1881 3658 1993 3730 die
2050 3657 2309 3729 mensis
2365 3657 2569 3744 Iulii,
2629 3655 3040 3747 pronuntiat
3094 3659 3163 3727 et
3217 3656 3553 3746 publicat.
3614 3655 3880 3726 Deinde
3934 3673 4012 3724 ex

924 3779 1245 3851 omnibus
1300 3777 1706 3850 nationibus
1762 3779 2124 3850 Praelatos
2183 3777 2602 3868 insigniores
2658 3777 2930 3868 legenS,
2990 3796 3144 3847 cum
3202 3775 3713 3861 Cardinalibus,
3772 3775 4012 3864 quiex

924 3899 1153 3971 tribus
1219 3897 1633 3970 obedientiis
1700 3895 1774 3968 in
1837 3918 2057 3967 unum
2123 3897 2400 3968 fuerant
2464 3895 2839 3987 collegium
2903 3895 3122 3983 uniti,
3198 3896 3284 3965 ad
3348 3895 3675 3966 conclave
3748 3893 4016 3985 ingredi

927 4021 1285 4108 procurat,
1344 4017 1567 4089 futuri
1622 4015 1895 4089 Summi
1931 4015 2298 4088 Pontificis
2356 4016 2764 4088 electionem
2820 4017 3275 4105 perfecturos.
3334 4015 3426 4085 Et
3462 4014 3633 4086 licet
3685 4014 4014 4086 Nicolaus

928 4135 1489 4227 archiepiscopus
1547 4135 1976 4209 Gnesnensis
2031 4136 2271 4227 plures
2328 4157 2531 4207 voces
2580 4135 3053 4208 cardinalium
3110 4139 3178 4205 et
3216 4134 3698 4205 Praelatorum
3754 4133 3828 4204 in
3886 4133 4013 4204 ele-

929 4255 1156 4329 ctione
1213 4255 1613 4328 huiusmodi
1680 4256 1973 4327 sortitus
2039 4255 2323 4341 fuisset,
2399 4256 2483 4327 de
2540 4255 2858 4327 omnibus
2926 4257 3157 4324 tamen
3224 4252 3493 4324 Oddoni
3550 4250 3634 4324 de
3691 4253 4018 4324 Columna

929 4373 1280 4447 Cardinali
1335 4374 1639 4446 Diacono
1694 4377 1930 4449 cessit.
1991 4375 2124 4466 Qui
2189 4397 2277 4448 ex
2341 4375 2743 4448 huiusmodi
2808 4374 3121 4447 cessione
3189 4373 3474 4444 vocibus
3541 4376 3784 4444 contra
3850 4372 4015 4444 alios

930 4494 1245 4586 singulos
1299 4496 1744 4584 praevalenS,
1811 4495 1885 4567 in
1951 4495 2060 4567 die
2125 4496 2363 4568 Sancti
2430 4494 2718 4567 Martini
2782 4494 2855 4565 in
2910 4495 3168 4585 Papam
3238 4492 3684 4564 conformiter
3757 4494 4015 4565 electus

929 4617 1002 4701 et
1054 4613 1456 4704 publicatus
1513 4616 1643 4702 est,
1703 4618 1771 4685 et
1808 4615 2154 4686 Martinus
2213 4615 2503 4705 quintus
2558 4614 2990 4705 appellatuS,
3050 4612 3372 4703 sequenti
3426 4619 3660 4684 autem
3718 4612 3832 4683 die
3888 4613 4015 4682 Do-

930 4732 1186 4805 minica
1256 4733 1329 4804 in
1384 4734 1867 4824 presbyterum
1922 4734 2223 4826 primum
2280 4735 2673 4822 ordinatuS,
2740 4734 2987 4805 deinde
3054 4734 3125 4804 in
3182 4732 3586 4822 episcopum
3642 4738 3711 4804 et
3766 4734 4017 4822 Papam

931 4870 1407 4934 ezjaeiiseuratns,
1483 4854 1794 4945 Regibus
1868 4858 1938 4926 et
2001 4854 2451 4945 Principibus
2527 4852 2926 4942 catholiciS,
3003 4858 3073 4925 et
3136 4851 3320 4924 inter
3384 4851 3563 4923 alios
3630 4851 4017 4923 Wladislao

943 4974 1259 5042 fedentu-
1331 4974 1527 5062 ltegi,
1604 4973 1718 5044 cui
1786 4974 2129 5064 singulari
2195 4974 2631 5045 afficiebatur
2696 4975 2960 5061 favore,
3038 4994 3236 5044 suam
3301 4972 3712 5043 electionem
3781 4976 3850 5043 et
3913 4991 4015 5040 as-

935 5094 1391 5178 sumptioni-in
1459 5092 1526 5162 in
1566 5092 1930 5163 Summum
1984 5094 2397 5166 Pontificem
2451 5115 2573 5185 per
2610 5093 2853 5165 literas
2908 5096 2977 5164 et
3014 5092 3321 5164 Nuntios
3360 5091 3813 5182 significavit.
3862 5092 4020 5161 Per-

943 5210 1093 5274 tulii
1171 5218 1395 5278 alitem
1475 5234 1515 5280 a
1579 5209 2098 5284 Constantiensi
2155 5213 2433 5303 Synodo
2507 5212 2845 5284 Albertus
2918 5213 3473 5302 Iastrzambyecz
3549 5208 4019 5284 Cracoviensis

1159 5466 1199 5542 'j
1247 5469 1608 5542 mmm-riptos
1657 5462 1809 5529 Cod.
1865 5464 2058 5531 Bozr.
2109 5465 2157 5547 ²)
2205 5468 2488 5528 Narbona
2535 5462 2689 5529 Cod.
2723 5464 2913 5530 Rozr.
