4342 6384
389 590 524 692 (Α.
565 592 657 667 D.
698 591 928 691 1410.)
1560 615 1787 667 menn
1839 584 2301 667 nxnncnms.
2566 622 2577 633 ·
3346 590 3491 664 115

388 800 876 891 redeuntibus,
943 822 1124 874 novo
1191 804 1499 875 tractatu
1562 822 1688 893 per
1749 803 2040 874 Petrum
2097 800 2627 890 Schaffranyecz
2693 796 3277 871 succamerarium
3332 796 3491 870 Cra-

391 922 786 997 coviensem
841 921 1292 1015 interposito,
1351 928 1598 1015 treuga
1653 922 1740 993 ad
1795 921 2005 994 unius
2047 921 2525 993 tantummodo
2564 919 2826 992 mensis
2866 918 3173 1010 spatium
3210 922 3495 1010 accepta

393 1048 522 1117 est.
601 1045 754 1135 Qua
824 1044 1170 1130 confecta,
1245 1042 1686 1116 wladislaus
1757 1042 2092 1115 Poloniae
2165 1043 2322 1115 Rex
2394 1061 2485 1113 ex
2556 1042 2891 1113 Brzescze
2956 1060 3312 1132 egressus,
3367 1059 3495 1131 per

387 1165 762 1255 Przedecz,
821 1164 1221 1238 Lanciciam
1277 1168 1346 1237 et
1399 1164 1704 1251 Lowicz,
1762 1163 1838 1236 in
1874 1162 2257 1255 Wyskitky
2294 1160 2648 1253 pervenit,
2707 1164 2776 1234 et
2832 1182 2871 1232 a
2910 1159 3264 1233 Semovito
3302 1160 3494 1232 Duce

389 1286 742 1359 Masoviae
795 1290 866 1359 et
919 1290 1238 1358 consorte
1293 1307 1452 1371 sua,
1523 1305 1852 1377 germana
1904 1283 2096 1377 regia
2152 1283 2587 1371 Alexandra,
2662 1286 2731 1355 et
2786 1281 3093 1375 quinque
3148 1280 3319 1353 filiis
3381 1301 3491 1352 eo-

389 1427 544 1478 rum
599 1406 1118 1494 communibu8‚
1175 1405 1563 1493 SemovitO,
1631 1404 2059 1492 Wladisla0‚
2125 1404 2563 1491 Alexandro,
2641 1402 2998 1493 Troydeno
3038 1402 3092 1492 1)
3149 1405 3220 1473 et
3274 1400 3490 1473 Kazi-

393 1526 604 1616 miro,
661 1549 912 1620 magna
965 1526 1309 1600 charitate
1363 1530 1432 1600 et
1485 1528 1744 1598 honore
1799 1529 2136 1617 exceptus
2192 1528 2263 1597 et
2307 1523 2593 1597 habitus
2651 1526 2780 1596 est.
2838 1524 3009 1595 Post
3056 1521 3206 1598 dies
3255 1526 3494 1594 autem

396 1650 730 1740 quatuor,
789 1648 1048 1741 quibus
1105 1648 1410 1721 ferarum
1471 1644 1830 1720 venationi
1893 1667 2172 1738 operam
2230 1645 2545 1733 dederat,
2604 1665 2691 1716 ex
2746 1642 3128 1736 Wyskitky
3184 1642 3491 1736 disgres-

393 1792 542 1857 suS‚
599 1790 725 1861 per
780 1769 1142 1857 Osuchow,
1198 1768 1553 1840 Bandkow
1609 1770 1678 1840 et
1715 1768 2144 1858 Stromyecz‚
2202 1766 2521 1839 Iedlnam
2558 1764 3004 1857 perveniens,
3061 1762 3489 1836 Nativitatis

395 1889 662 1964 Christi
715 1889 871 1963 illic
925 1890 1141 1963 festos
1194 1887 1346 1961 dies
1401 1886 1569 1980 egit.

600 2012 850 2083 Annus
905 2008 968 2081 is
1023 2031 1162 2081 non
1215 2009 1400 2101 apud
1455 2009 1758 2080 Polonos
1815 2008 2076 2095 solum,
2135 2007 2259 2079 sed
2314 2009 2385 2079 et
2438 2006 2621 2097 apud
2690 2004 3026 2079 finitimos
3092 2004 3316 2077 socios
3371 2005 3494 2077 ho-

397 2136 711 2223 stesque,
768 2128 1240 2204 memorabilis
1294 2128 1804 2202 cruciferorum
1859 2148 2112 2219 magna
2165 2127 2407 2200 caede:
2476 2147 2614 2218 qua
2668 2130 2738 2200 et
2791 2125 3022 2199 virtus
3087 2124 3371 2198 illorum
3428 2131 3499 2197 et

397 2250 724 2344 superbia
787 2248 1051 2323 domita
1113 2254 1254 2338 est,
1327 2248 1615 2341 diesque
1680 2247 2024 2339 triumphi
2080 2246 2455 2339 quotannis
2510 2246 2809 2319 habetur
2864 2245 3160 2319 celebris
3216 2252 3286 2317 et
3338 2267 3495 2337 pro·
3539 2302 3545 2307 ,

397 2377 550 2466 pter
605 2373 845 2465 plures
898 2371 1075 2444 alios
1131 2370 1560 2461 triumphos,
1619 2390 1706 2442 ex
1762 2368 2022 2442 eisdem
2077 2368 2263 2440 circa
2308 2368 2679 2457 Koronow,
2737 2368 3095 2460 Tucholya
3133 2370 3203 2439 et
3240 2366 3495 2457 Golub,

399 2516 478 2567 ac
529 2494 615 2566 de
667 2492 999 2587 gentibus
1055 2488 1492 2585 sigismundi
1545 2489 1950 2581 Hungariae
2005 2487 2221 2581 Regis
2278 2486 2463 2560 circa
2517 2488 2906 2579 Barduyow
2936 2486 2998 2577 2)
3051 2488 3339 2561 relatos,

491 2849 658 2921 Ιοτι
701 2848 874 2921 Petri
918 2847 1135 2919 visch
1182 2846 1466 2938 episcopi
1511 2846 1957 2918 cracoviensis
2003 2848 2074 2917 et
2116 2845 2328 2935 Papae
2373 2843 2723 2917 Alexandri
2769 2843 3011 2934 quinti,
3055 2860 3133 2916 ac
3180 2843 3416 2916 electio

1503 2965 1810 3039 lobannis
1854 2964 2145 3037 vicesimi
2190 2964 2395 3037 tertii.

606 3220 862 3293 Petrus
917 3217 1164 3291 Wisch
1219 3214 1697 3289 cracoviensis
1755 3213 2157 3307 episcopua,
2215 3216 2379 3305 post
2429 3216 2789 3305 peractum
2844 3214 3030 3307 apud
3083 3212 3289 3286 Pisas
3326 3213 3499 3285 Con-

398 3342 676 3430 cilium,
745 3339 1130 3431 Sepulchro
1198 3337 1459 3411 Christi
1524 3336 1851 3424 visitate,
1929 3334 2330 3407 cracoviam
2404 3335 2779 3427 languens,
2853 3338 3138 3427 propter
3210 3332 3502 3405 nimiam

397 3462 828 3535 laxationem
883 3464 954 3532 et
1007 3458 1558 3533 exinanitionem
1615 3457 1802 3549 apud
1859 3455 2191 3529 Venetiae
2249 3454 2549 3547 sumptis
2588 3454 2987 3543 mediciniS‚
3047 3459 3500 3543 contractam,

395 3603 726 3657 reversus
765 3586 873 3655 est
885 3604 906 3671 3
960 3601 1089 3653 nec
1125 3580 1212 3653 ab
1250 3580 1376 3651 illo
1415 3582 1726 3670 tempore
1763 3576 2078 3669 integrae
2127 3575 2459 3648 sanitatis
2496 3574 2697 3667 vigor
2732 3578 3009 3666 poterat
3045 3574 3161 3647 illi
3195 3574 3498 3646 refundi.

607 3702 1010 3775 Alexander
1040 3699 1101 3791 3)
1157 3701 1351 3792 Papa
1407 3698 1735 3790 quintus,
1792 3697 2074 3770 natione
2130 3696 2435 3769 Graecus
2492 3716 2579 3769 ex
2619 3695 2910 3783 Gaudia,
2968 3694 3234 3767 ordinis
3272 3694 3495 3766 Mino-

395 3848 558 3899 rnm
611 3826 865 3910 frater,
921 3844 1080 3895 cum
1134 3841 1349 3914 parvo
1405 3824 1715 3911 tempore
1771 3822 1840 3891 et
1895 3817 2018 3889 vix
2073 3838 2253 3889 anno
2306 3836 2445 3887 uno
2484 3815 2556 3887 in
2596 3816 2871 3907 Papatu
2927 3815 3255 3903 sedisset,
3314 3814 3500 3905 apud

393 3946 784 4021 Bononiam
839 3943 1136 4015 moritur
1195 3946 1264 4015 et
1316 3940 1391 4012 in
1447 3942 1740 4012 fratrum
1795 3938 2140 4010 Minorum
2196 3935 2618 4009 monasterio
2684 3936 3040 4008 Bononiae
3107 3934 3494 4027 sepelitur.

393 4070 576 4142 Post
637 4066 838 4140 cuius
902 4064 1168 4136 obitum
1231 4061 1634 4134 cardinales
1699 4060 2026 4132 conclave
2090 4057 2427 4151 ingressi,
2498 4057 2985 4129 Balthasarem
3051 4057 3135 4129 de
3192 4056 3404 4129 Cossa
3432 4056 3499 4144 ⁴)

396 4188 870 4273 cardinalem,
928 4206 969 4257 a
1023 4180 1536 4275 stipendiariis,
1595 4179 1718 4272 qui
1772 4179 1903 4250 sub
1957 4179 2174 4251 ductu
2214 4183 2283 4252 et
2320 4176 2657 4269 auspiciis
2706 4176 3016 4249 eiusdem
3056 4175 3500 4249 Balthasaris

397 4307 796 4384 cardinalis
832 4305 1267 4391 militabant,
1324 4302 1583 4395 rogati,
1639 4299 2000 4392 requisiti,
2051 4304 2119 4373 et
2158 4300 2505 4371 minarum
2542 4296 2961 4385 terroribus,
3021 4296 3277 4389 quibus
3316 4296 3497 4385 illis,

397 4430 466 4504 si
523 4449 725 4502 secus
791 4428 1127 4514 facerent,
1194 4428 1508 4498 extrema
1573 4422 1805 4493 omnia
1867 4423 2292 4511 proventura
2356 4418 2649 4506 scirent,
2718 4418 3041 4509 impulsi,
3108 4416 3183 4488 in
3238 4417 3502 4508 Papam

395 4549 705 4643 eligunt:
765 4545 886 4639 qui
924 4547 1272 4618 Iohannes
1310 4536 1684 4615 vicesimus
1723 4540 1975 4612 tertius
2008 4539 2068 4629 5)
2125 4538 2524 4630 appellatus
2580 4543 2719 4626 est3
2778 4560 2819 4609 a
2871 4536 3260 4630 plerisque,
3320 4536 3503 4631 quod

399 4668 1006 4763 praedecessorem
1054 4685 1258 4736 suum
1297 4662 1780 4735 Alexandrum
1819 4681 2084 4733 veneno
2123 4658 2528 4748 sustulerit,
2586 4658 3075 4746 insimulatus,
3134 4679 3291 4730 cum
3330 4657 3495 4730 Gal-

393 4792 635 4864 licana
691 4791 759 4862 et
813 4784 1202 4878 Hispanica
1256 4783 1552 4857 ecclesia
1604 4783 1892 4855 Petrum
1949 4781 2032 4853 de
2079 4781 2282 4852 Luna
2318 4800 2445 4871 pro
2483 4780 2676 4872 Papa
2713 4784 2881 4852 tunc
2921 4777 3255 4851 tunuerit.
3314 4778 3502 4849 Mors

393 4916 638 4984 autem
693 4906 993 4999 praefat-i
1048 4903 1436 4977 Alexandri
1491 4904 1728 4975 ordine
1784 4923 1863 4975 eo
1921 4902 2255 4975 scribitur
2308 4900 2739 4993 provenisse.
2797 4899 2980 4972 Nam
3036 4898 3201 4971 dum
3240 4897 3500 4970 officia-

391 5034 508 5105 les
563 5025 943 5103 Wladislai
999 5024 1284 5099 Siciliae
1338 5025 1553 5117 Regis
1607 5045 1730 5116 per
1786 5024 2274 5095 Balthasarem
2331 5021 2766 5094 cardinalem
2822 5018 3067 5093 Sancti
3106 5016 3501 5105 Eustachii,

393 5156 473 5227 et
528 5150 826 5221 Paulum
885 5147 970 5221 de
1025 5146 1341 5235 UrsiniS,
1401 5167 1487 5219 ex
1545 5144 1734 5217 Urbe
1790 5143 2068 5235 depulsi
2124 5144 2350 5216 forent
2378 5142 2466 5232 ⁶),
2526 5146 2595 5214 et
2632 5142 2858 5213 Roma
2894 5140 3298 5213 Alexandro
3340 5139 3501 5211 sub-

628 5422 672 5505 ¹)
719 5425 981 5484 Troiano
1031 5416 1181 5484 Cod.
1228 5419 1404 5484 Kost.
1469 5415 1524 5499 ⁹)
1567 5421 1842 5481 Bardiow
1892 5414 2043 5481 Cod.
2099 5415 2293 5479 Rozr.
2358 5414 2407 5497 3)
2466 5416 2806 5476 Alexander
2866 5416 3043 5475 etiam
3107 5408 3258 5475 Cod.
3315 5409 3506 5475 Rozr.

393 5529 458 5617 ⁴)
509 5530 716 5589 Kussa
756 5522 907 5590 Cod.
946 5522 1123 5589 Calv.
1165 5526 1326 5587 Rosa
1360 5520 1511 5587 Cod.
1546 5521 1738 5585 Rozr.
1775 5520 1830 5603 ⁵)
1859 5524 2114 5583 Ioannes
2144 5522 2355 5581 XXIV.
2392 5515 2543 5583 Cod.
2575 5517 2767 5581 Rozr.
2803 5515 2859 5599 ο)
2894 5523 3095 5579 essent
3126 5512 3282 5579 God.
3313 5514 3505 5578 Rozr.
