<?xml version="1.0" encoding="UTF-8"?>
<!DOCTYPE html PUBLIC "-//W3C//DTD XHTML 1.0 Transitional//EN"
    "http://www.w3.org/TR/xhtml1/DTD/xhtml1-transitional.dtd">
<html xmlns="http://www.w3.org/1999/xhtml" xml:lang="en" lang="en">
 <head>
  <title>
</title>
<meta http-equiv="Content-Type" content="text/html;charset=utf-8" />
  <meta name='ocr-system' content='tesseract 3.04.00' />
  <meta name='ocr-capabilities' content='ocr_page ocr_carea ocr_par ocr_line ocrx_word'/>
</head>
<body>
  <div class='ocr_page' id='page_1' title='image "./dzieawszystkie00unkngoog_0022.png"; bbox 0 0 4342 6384; ppageno 0'>
   <div class='ocr_carea' id='block_1_1' title="bbox 369 600 3475 701">
    <p class='ocr_par' dir='ltr' id='par_1_1' title="bbox 369 600 3475 701">
     <span class='ocr_line' id='line_1_1' title="bbox 369 600 3475 701; baseline 0.001 -26"><span class='ocrx_word' id='word_1_1' title='bbox 369 600 506 701; x_wconf 86' lang='grc' dir='ltr'><strong>(Α.</strong></span> <span class='ocrx_word' id='word_1_2' title='bbox 547 602 636 675; x_wconf 88' lang='lat' dir='ltr'><strong>D.</strong></span> <span class='ocrx_word' id='word_1_3' title='bbox 681 600 912 701; x_wconf 82' lang='grc'>1410.)</span> <span class='ocrx_word' id='word_1_4' title='bbox 1563 616 1812 678; x_wconf 62' lang='lat' dir='ltr'><strong>mena</strong></span> <span class='ocrx_word' id='word_1_5' title='bbox 1843 626 2303 679; x_wconf 74' lang='lat' dir='ltr'><strong>UNDECLMUS.</strong></span> <span class='ocrx_word' id='word_1_6' title='bbox 3388 608 3475 677; x_wconf 90' lang='lat'><strong>11</strong></span> 
     </span>
    </p>
   </div>
   <div class='ocr_carea' id='block_1_2' title="bbox 367 809 3481 1263">
    <p class='ocr_par' dir='ltr' id='par_1_2' title="bbox 367 809 3481 1263">
     <span class='ocr_line' id='line_1_2' title="bbox 369 809 3481 904; baseline 0.001 -23"><span class='ocrx_word' id='word_1_7' title='bbox 369 809 642 883; x_wconf 86' lang='lat' dir='ltr'><strong>dislaus</strong></span> <span class='ocrx_word' id='word_1_8' title='bbox 695 809 1032 883; x_wconf 86' lang='lat' dir='ltr'><strong>Poloniae</strong></span> <span class='ocrx_word' id='word_1_9' title='bbox 1089 811 1240 885; x_wconf 84' lang='lat' dir='ltr'><strong>Rex</strong></span> <span class='ocrx_word' id='word_1_10' title='bbox 1315 811 1584 902; x_wconf 86' lang='lat' dir='ltr'><strong>legatos</strong></span> <span class='ocrx_word' id='word_1_11' title='bbox 1641 809 2078 903; x_wconf 88' lang='lat' dir='ltr'><strong>Sigismundi</strong></span> <span class='ocrx_word' id='word_1_12' title='bbox 2133 811 2604 883; x_wconf 87' lang='lat' dir='ltr'><strong>Romanorum</strong></span> <span class='ocrx_word' id='word_1_13' title='bbox 2673 816 2743 883; x_wconf 88' lang='lat' dir='ltr'><strong>et</strong></span> <span class='ocrx_word' id='word_1_14' title='bbox 2802 811 3209 903; x_wconf 86' lang='lat' dir='ltr'><strong>Hungariae</strong></span> <span class='ocrx_word' id='word_1_15' title='bbox 3262 812 3481 904; x_wconf 82' lang='lat' dir='ltr'><strong>Regis</strong></span> 
     </span>
     <span class='ocr_line' id='line_1_3' title="bbox 367 929 3481 1023; baseline 0.001 -22"><span class='ocrx_word' id='word_1_16' title='bbox 367 930 448 1001; x_wconf 91' lang='lat' dir='ltr'><strong>in</strong></span> <span class='ocrx_word' id='word_1_17' title='bbox 499 929 862 1003; x_wconf 86' lang='lat' dir='ltr'><strong>Prussiam</strong></span> <span class='ocrx_word' id='word_1_18' title='bbox 919 930 1023 1003; x_wconf 88' lang='lat' dir='ltr'><strong>ire</strong></span> <span class='ocrx_word' id='word_1_19' title='bbox 1077 930 1323 1018; x_wconf 87' lang='lat' dir='ltr'><strong>iussit,</strong></span> <span class='ocrx_word' id='word_1_20' title='bbox 1383 935 1508 1003; x_wconf 86' lang='lat' dir='ltr'><strong>aut</strong></span> <span class='ocrx_word' id='word_1_21' title='bbox 1563 929 1894 1017; x_wconf 82' lang='lat' dir='ltr'><strong>videlicet</strong></span> <span class='ocrx_word' id='word_1_22' title='bbox 1949 930 2455 1021; x_wconf 79' lang='lat' dir='ltr'><strong>composituros</strong></span> <span class='ocrx_word' id='word_1_23' title='bbox 2510 952 2785 1023; x_wconf 90' lang='lat' dir='ltr'><strong>pacem,</strong></span> <span class='ocrx_word' id='word_1_24' title='bbox 2842 936 2967 1003; x_wconf 88' lang='lat' dir='ltr'><strong>aut</strong></span> <span class='ocrx_word' id='word_1_25' title='bbox 3014 952 3481 1022; x_wconf 85' lang='lat' dir='ltr'><strong>suspensuros</strong></span> 
     </span>
     <span class='ocr_line' id='line_1_4' title="bbox 367 1049 3480 1143; baseline 0.001 -21"><span class='ocrx_word' id='word_1_26' title='bbox 367 1050 668 1139; x_wconf 87' lang='lat' dir='ltr'><strong>bellum,</strong></span> <span class='ocrx_word' id='word_1_27' title='bbox 726 1055 850 1122; x_wconf 88' lang='lat' dir='ltr'><strong>aut</strong></span> <span class='ocrx_word' id='word_1_28' title='bbox 904 1050 1070 1123; x_wconf 87' lang='lat' dir='ltr'><strong>illos</strong></span> <span class='ocrx_word' id='word_1_29' title='bbox 1136 1054 1356 1123; x_wconf 90' lang='lat' dir='ltr'><strong>testes</strong></span> <span class='ocrx_word' id='word_1_30' title='bbox 1423 1071 1590 1123; x_wconf 88' lang='lat' dir='ltr'><strong>suae</strong></span> <span class='ocrx_word' id='word_1_31' title='bbox 1654 1049 2036 1123; x_wconf 79' lang='lat' dir='ltr'><strong>modestiae</strong></span> <span class='ocrx_word' id='word_1_32' title='bbox 2103 1052 2411 1138; x_wconf 79' lang='lat' dir='ltr'><strong>futurOS,</strong></span> <span class='ocrx_word' id='word_1_33' title='bbox 2476 1073 2689 1142; x_wconf 85' lang='lat' dir='ltr'><strong>penes</strong></span> <span class='ocrx_word' id='word_1_34' title='bbox 2749 1050 3137 1124; x_wconf 74' lang='lat' dir='ltr'><strong>cruciferos</strong></span> <span class='ocrx_word' id='word_1_35' title='bbox 3202 1052 3480 1143; x_wconf 87' lang='lat' dir='ltr'><strong>culpam</strong></span> 
     </span>
     <span class='ocr_line' id='line_1_5' title="bbox 367 1169 3474 1263; baseline 0.001 -22"><span class='ocrx_word' id='word_1_36' title='bbox 367 1191 641 1242; x_wconf 91' lang='lat' dir='ltr'><strong>omnem</strong></span> <span class='ocrx_word' id='word_1_37' title='bbox 696 1170 871 1243; x_wconf 87' lang='lat' dir='ltr'><strong>belli</strong></span> <span class='ocrx_word' id='word_1_38' title='bbox 925 1190 1113 1258; x_wconf 88' lang='lat' dir='ltr'><strong>esse,</strong></span> <span class='ocrx_word' id='word_1_39' title='bbox 1181 1169 1411 1261; x_wconf 90' lang='lat' dir='ltr'><strong>ipsum</strong></span> <span class='ocrx_word' id='word_1_40' title='bbox 1470 1169 1659 1242; x_wconf 89' lang='lat' dir='ltr'><strong>iusta</strong></span> <span class='ocrx_word' id='word_1_41' title='bbox 1723 1175 1793 1242; x_wconf 93' lang='lat' dir='ltr'><strong>et</strong></span> <span class='ocrx_word' id='word_1_42' title='bbox 1845 1171 2223 1261; x_wconf 77' lang='lat' dir='ltr'><strong>plusquam</strong></span> <span class='ocrx_word' id='word_1_43' title='bbox 2288 1171 2679 1243; x_wconf 86' lang='lat' dir='ltr'><strong>necessaria</strong></span> <span class='ocrx_word' id='word_1_44' title='bbox 2734 1175 3178 1263; x_wconf 88' lang='lat' dir='ltr'><strong>sumpturum</strong></span> <span class='ocrx_word' id='word_1_45' title='bbox 3244 1176 3315 1244; x_wconf 91' lang='lat' dir='ltr'><strong>et</strong></span> <span class='ocrx_word' id='word_1_46' title='bbox 3368 1193 3474 1245; x_wconf 91' lang='lat' dir='ltr'><strong>re-</strong></span> 
     </span>
    </p>
   </div>
   <div class='ocr_carea' id='block_1_3' title="bbox 374 1290 1046 1380">
    <p class='ocr_par' dir='ltr' id='par_1_3' title="bbox 374 1290 1046 1380">
     <span class='ocr_line' id='line_1_6' title="bbox 374 1290 1046 1380; baseline 0.001 -19"><span class='ocrx_word' id='word_1_47' title='bbox 374 1290 684 1363; x_wconf 88' lang='lat' dir='ltr'><strong>laturum</strong></span> <span class='ocrx_word' id='word_1_48' title='bbox 725 1290 778 1380; x_wconf 92' lang='lat'><strong>¹)</strong></span> <span class='ocrx_word' id='word_1_49' title='bbox 834 1311 1046 1362; x_wconf 85' lang='lat' dir='ltr'><strong>arma.</strong></span> 
     </span>
    </p>
   </div>
   <div class='ocr_carea' id='block_1_4' title="bbox 363 1650 3477 1981">
    <p class='ocr_par' dir='ltr' id='par_1_4' title="bbox 363 1650 3477 1981">
     <span class='ocr_line' id='line_1_7' title="bbox 365 1650 3477 1742; baseline 0 -18"><span class='ocrx_word' id='word_1_50' title='bbox 365 1652 764 1725; x_wconf 61' lang='lat' dir='ltr'><strong>vladislaus</strong></span> <span class='ocrx_word' id='word_1_51' title='bbox 792 1651 932 1725; x_wconf 75' lang='lat' dir='ltr'><strong>Rex</strong></span> <span class='ocrx_word' id='word_1_52' title='bbox 961 1653 1030 1723; x_wconf 84' lang='lat' dir='ltr'><strong>in</strong></span> <span class='ocrx_word' id='word_1_53' title='bbox 1059 1651 1300 1725; x_wconf 78' lang='lat' dir='ltr'><strong>bellun</strong></span> <span class='ocrx_word' id='word_1_54' title='bbox 1327 1650 1776 1723; x_wconf 77' lang='lat' dir='ltr'><strong>Pruthenicum</strong></span> <span class='ocrx_word' id='word_1_55' title='bbox 1809 1668 2142 1740; x_wconf 75' lang='lat' dir='ltr'><strong>egressus,</strong></span> <span class='ocrx_word' id='word_1_56' title='bbox 2175 1651 2500 1723; x_wconf 69' lang='lat' dir='ltr'><strong>Nicola-</strong></span> <span class='ocrx_word' id='word_1_57' title='bbox 2531 1651 2895 1740; x_wconf 65' lang='lat' dir='ltr'><strong>Kurovsks</strong></span> <span class='ocrx_word' id='word_1_58' title='bbox 2930 1652 3477 1742; x_wconf 73' lang='lat' dir='ltr'><strong>archiepiscopum</strong></span> 
     </span>
     <span class='ocr_line' id='line_1_8' title="bbox 363 1771 3475 1861; baseline 0 -16"><span class='ocrx_word' id='word_1_59' title='bbox 363 1774 829 1857; x_wconf 72' lang='lat' dir='ltr'><strong>Gnesnonsen,</strong></span> <span class='ocrx_word' id='word_1_60' title='bbox 873 1772 1183 1845; x_wconf 77' lang='lat' dir='ltr'><strong>vicarium</strong></span> <span class='ocrx_word' id='word_1_61' title='bbox 1227 1789 1413 1844; x_wconf 75' lang='lat' dir='ltr'><strong>suum</strong></span> <span class='ocrx_word' id='word_1_62' title='bbox 1459 1771 1542 1843; x_wconf 79' lang='lat' dir='ltr'><strong>ad</strong></span> <span class='ocrx_word' id='word_1_63' title='bbox 1573 1773 1788 1844; x_wconf 77' lang='lat' dir='ltr'><strong>omnia</strong></span> <span class='ocrx_word' id='word_1_64' title='bbox 1817 1772 2086 1861; x_wconf 71' lang='lat' dir='ltr'><strong>nogotia</strong></span> <span class='ocrx_word' id='word_1_65' title='bbox 2129 1772 2528 1843; x_wconf 80' lang='lat' dir='ltr'><strong>auctoritate</strong></span> <span class='ocrx_word' id='word_1_66' title='bbox 2558 1771 2739 1859; x_wconf 74' lang='lat' dir='ltr'><strong>rogia</strong></span> <span class='ocrx_word' id='word_1_67' title='bbox 2784 1772 3187 1860; x_wconf 78' lang='lat' dir='ltr'><strong>exequenda,</strong></span> <span class='ocrx_word' id='word_1_68' title='bbox 3216 1772 3286 1844; x_wconf 83' lang='lat' dir='ltr'><strong>in</strong></span> <span class='ocrx_word' id='word_1_69' title='bbox 3324 1790 3475 1845; x_wconf 77' lang='lat' dir='ltr'><strong>aroc</strong></span> 
     </span>
     <span class='ocr_line' id='line_1_9' title="bbox 1545 1892 2284 1981; baseline 0 -18"><span class='ocrx_word' id='word_1_70' title='bbox 1545 1893 1955 1964; x_wconf 68' lang='lat' dir='ltr'><strong>cracoviensi</strong></span> <span class='ocrx_word' id='word_1_71' title='bbox 2000 1892 2284 1981; x_wconf 80' lang='lat' dir='ltr'><strong>reliquit.</strong></span> 
     </span>
    </p>
   </div>
   <div class='ocr_carea' id='block_1_5' title="bbox 353 2128 3473 3903">
    <p class='ocr_par' dir='ltr' id='par_1_5' title="bbox 353 2128 3473 3903">
     <span class='ocr_line' id='line_1_10' title="bbox 571 2128 3473 2223; baseline -0.001 -18"><span class='ocrx_word' id='word_1_72' title='bbox 571 2131 1005 2223; x_wconf 81' lang='lat' dir='ltr'><strong>comparatis</strong></span> <span class='ocrx_word' id='word_1_73' title='bbox 1071 2139 1142 2203; x_wconf 88' lang='lat' dir='ltr'><strong>et</strong></span> <span class='ocrx_word' id='word_1_74' title='bbox 1203 2130 1572 2223; x_wconf 79' lang='lat' dir='ltr'><strong>dispositis</strong></span> <span class='ocrx_word' id='word_1_75' title='bbox 1630 2130 2068 2203; x_wconf 85' lang='lat' dir='ltr'><strong>Wladislaus</strong></span> <span class='ocrx_word' id='word_1_76' title='bbox 2133 2129 2467 2203; x_wconf 91' lang='lat' dir='ltr'><strong>Poloniae</strong></span> <span class='ocrx_word' id='word_1_77' title='bbox 2522 2131 2677 2201; x_wconf 85' lang='lat' dir='ltr'><strong>Rex</strong></span> <span class='ocrx_word' id='word_1_78' title='bbox 2742 2128 3081 2221; x_wconf 80' lang='lat' dir='ltr'><strong>singuliS,</strong></span> <span class='ocrx_word' id='word_1_79' title='bbox 3152 2150 3329 2220; x_wconf 81' lang='lat' dir='ltr'><strong>quae</strong></span> <span class='ocrx_word' id='word_1_80' title='bbox 3386 2132 3473 2203; x_wconf 82' lang='lat' dir='ltr'><strong>ad</strong></span> 
     </span>
     <span class='ocr_line' id='line_1_11' title="bbox 363 2248 3473 2345; baseline -0.002 -18"><span class='ocrx_word' id='word_1_81' title='bbox 363 2253 539 2327; x_wconf 89' lang='lat' dir='ltr'><strong>belli</strong></span> <span class='ocrx_word' id='word_1_82' title='bbox 595 2251 1006 2325; x_wconf 89' lang='lat' dir='ltr'><strong>Pruthenici</strong></span> <span class='ocrx_word' id='word_1_83' title='bbox 1059 2273 1504 2345; x_wconf 87' lang='lat' dir='ltr'><strong>progressum</strong></span> <span class='ocrx_word' id='word_1_84' title='bbox 1545 2250 1826 2323; x_wconf 76' lang='lat' dir='ltr'><strong>videbat</strong></span> <span class='ocrx_word' id='word_1_85' title='bbox 1865 2256 2290 2341; x_wconf 89' lang='lat' dir='ltr'><strong>opportuna,</strong></span> <span class='ocrx_word' id='word_1_86' title='bbox 2347 2249 2595 2322; x_wconf 89' lang='lat' dir='ltr'><strong>relicto</strong></span> <span class='ocrx_word' id='word_1_87' title='bbox 2650 2248 2723 2320; x_wconf 86' lang='lat' dir='ltr'><strong>in</strong></span> <span class='ocrx_word' id='word_1_88' title='bbox 2762 2253 2990 2322; x_wconf 84' lang='lat' dir='ltr'><strong>castro</strong></span> <span class='ocrx_word' id='word_1_89' title='bbox 3028 2249 3473 2323; x_wconf 76' lang='lat' dir='ltr'><strong>Cracoviensi</strong></span> 
     </span>
     <span class='ocr_line' id='line_1_12' title="bbox 362 2368 3466 2463; baseline -0.001 -17"><span class='ocrx_word' id='word_1_90' title='bbox 362 2374 432 2445; x_wconf 89' lang='lat' dir='ltr'>N</span> <span class='ocrx_word' id='word_1_91' title='bbox 439 2374 661 2446; x_wconf 85' lang='lat' dir='ltr'><strong>icolao</strong></span> <span class='ocrx_word' id='word_1_92' title='bbox 717 2372 1110 2463; x_wconf 84' lang='lat' dir='ltr'><strong>Kurowsky</strong></span> <span class='ocrx_word' id='word_1_93' title='bbox 1165 2371 1688 2462; x_wconf 81' lang='lat' dir='ltr'><strong>archiepiscopo</strong></span> <span class='ocrx_word' id='word_1_94' title='bbox 1727 2370 2152 2456; x_wconf 76' lang='lat' dir='ltr'><strong>Gnesnensi‚</strong></span> <span class='ocrx_word' id='word_1_95' title='bbox 2214 2369 2333 2461; x_wconf 90' lang='lat' dir='ltr'><strong>qui</strong></span> <span class='ocrx_word' id='word_1_96' title='bbox 2372 2368 2820 2459; x_wconf 80' lang='lat' dir='ltr'><strong>expeditione</strong></span> <span class='ocrx_word' id='word_1_97' title='bbox 2876 2369 3305 2441; x_wconf 85' lang='lat' dir='ltr'><strong>Pruthenica-</strong></span> <span class='ocrx_word' id='word_1_98' title='bbox 3342 2370 3466 2443; x_wconf 90' lang='lat' dir='ltr'><strong>du-</strong></span> 
     </span>
     <span class='ocr_line' id='line_1_13' title="bbox 359 2468 3471 2585; baseline -0.002 -18"><span class='ocrx_word' id='word_1_99' title='bbox 359 2498 564 2567; x_wconf 86' lang='lat' dir='ltr'><strong>rante</strong></span> <span class='ocrx_word' id='word_1_100' title='bbox 626 2493 816 2565; x_wconf 86' lang='lat' dir='ltr'><strong>vices</strong></span> <span class='ocrx_word' id='word_1_101' title='bbox 879 2468 1098 2585; x_wconf 79' lang='lat' dir='ltr'><strong>Regis</strong></span> <span class='ocrx_word' id='word_1_102' title='bbox 1163 2513 1375 2584; x_wconf 84' lang='lat' dir='ltr'><strong>agens</strong></span> <span class='ocrx_word' id='word_1_103' title='bbox 1395 2548 1411 2579; x_wconf 90' lang='lat'><strong><em>‚</em></strong></span> <span class='ocrx_word' id='word_1_104' title='bbox 1479 2492 1962 2564; x_wconf 81' lang='lat' dir='ltr'><strong>universorum</strong></span> <span class='ocrx_word' id='word_1_105' title='bbox 2027 2490 2467 2582; x_wconf 87' lang='lat' dir='ltr'><strong>negotiorum</strong></span> <span class='ocrx_word' id='word_1_106' title='bbox 2532 2489 3033 2581; x_wconf 83' lang='lat' dir='ltr'><strong>emergentium</strong></span> <span class='ocrx_word' id='word_1_107' title='bbox 3100 2510 3335 2561; x_wconf 89' lang='lat' dir='ltr'><strong>curam</strong></span> <span class='ocrx_word' id='word_1_108' title='bbox 3400 2498 3471 2563; x_wconf 90' lang='lat' dir='ltr'><strong>et</strong></span> 
     </span>
     <span class='ocr_line' id='line_1_14' title="bbox 359 2610 3469 2705; baseline -0.001 -18"><span class='ocrx_word' id='word_1_109' title='bbox 359 2613 881 2705; x_wconf 82' lang='lat' dir='ltr'><strong>expeditionem</strong></span> <span class='ocrx_word' id='word_1_110' title='bbox 937 2612 1078 2685; x_wconf 88' lang='lat' dir='ltr'><strong>sibi</strong></span> <span class='ocrx_word' id='word_1_111' title='bbox 1133 2612 1432 2685; x_wconf 85' lang='lat' dir='ltr'><strong>habebat</strong></span> <span class='ocrx_word' id='word_1_112' title='bbox 1487 2611 1909 2702; x_wconf 86' lang='lat' dir='ltr'><strong>delegatam,</strong></span> <span class='ocrx_word' id='word_1_113' title='bbox 1968 2610 2141 2683; x_wconf 87' lang='lat' dir='ltr'><strong>feria</strong></span> <span class='ocrx_word' id='word_1_114' title='bbox 2198 2610 2445 2701; x_wconf 87' lang='lat' dir='ltr'><strong>quinta</strong></span> <span class='ocrx_word' id='word_1_115' title='bbox 2498 2613 2660 2682; x_wconf 90' lang='lat' dir='ltr'><strong>ante</strong></span> <span class='ocrx_word' id='word_1_116' title='bbox 2708 2610 2963 2683; x_wconf 88' lang='lat' dir='ltr'><strong>festum</strong></span> <span class='ocrx_word' id='word_1_117' title='bbox 3018 2610 3469 2683; x_wconf 88' lang='lat' dir='ltr'><strong>Pentecostes</strong></span> 
     </span>
     <span class='ocr_line' id='line_1_15' title="bbox 357 2728 3469 2825; baseline -0.002 -18"><span class='ocrx_word' id='word_1_118' title='bbox 357 2754 450 2807; x_wconf 83' lang='lat' dir='ltr'><strong>ex</strong></span> <span class='ocrx_word' id='word_1_119' title='bbox 507 2732 838 2807; x_wconf 82' lang='lat' dir='ltr'><strong>Cracovia</strong></span> <span class='ocrx_word' id='word_1_120' title='bbox 893 2732 1268 2825; x_wconf 84' lang='lat' dir='ltr'><strong>egreditur,</strong></span> <span class='ocrx_word' id='word_1_121' title='bbox 1327 2736 1398 2805; x_wconf 89' lang='lat' dir='ltr'><strong>et</strong></span> <span class='ocrx_word' id='word_1_122' title='bbox 1451 2752 1575 2822; x_wconf 90' lang='lat' dir='ltr'><strong>per</strong></span> <span class='ocrx_word' id='word_1_123' title='bbox 1627 2730 1992 2822; x_wconf 82' lang='lat' dir='ltr'><strong>Mogilam‚</strong></span> <span class='ocrx_word' id='word_1_124' title='bbox 2051 2729 2601 2817; x_wconf 83' lang='lat' dir='ltr'><strong>Proschowicze,</strong></span> <span class='ocrx_word' id='word_1_125' title='bbox 2642 2728 3084 2820; x_wconf 79' lang='lat' dir='ltr'><strong>Wisliczam‚</strong></span> <span class='ocrx_word' id='word_1_126' title='bbox 3142 2730 3339 2803; x_wconf 82' lang='lat' dir='ltr'><strong>venit</strong></span> <span class='ocrx_word' id='word_1_127' title='bbox 3394 2730 3469 2803; x_wconf 88' lang='lat' dir='ltr'><strong>iu</strong></span> 
     </span>
     <span class='ocr_line' id='line_1_16' title="bbox 357 2850 3465 2942; baseline -0.001 -15"><span class='ocrx_word' id='word_1_128' title='bbox 357 2855 638 2927; x_wconf 83' lang='lat' dir='ltr'><strong>Novam</strong></span> <span class='ocrx_word' id='word_1_129' title='bbox 691 2852 1055 2927; x_wconf 83' lang='lat' dir='ltr'><strong>civitatem</strong></span> <span class='ocrx_word' id='word_1_130' title='bbox 1109 2851 1448 2938; x_wconf 84' lang='lat' dir='ltr'><strong>Korezin;</strong></span> <span class='ocrx_word' id='word_1_131' title='bbox 1513 2850 1814 2923; x_wconf 89' lang='lat' dir='ltr'><strong>residuis</strong></span> <span class='ocrx_word' id='word_1_132' title='bbox 1879 2871 2156 2942; x_wconf 89' lang='lat' dir='ltr'><strong>quoque</strong></span> <span class='ocrx_word' id='word_1_133' title='bbox 2220 2850 2569 2923; x_wconf 88' lang='lat' dir='ltr'><strong>militibus</strong></span> <span class='ocrx_word' id='word_1_134' title='bbox 2638 2854 2707 2923; x_wconf 90' lang='lat' dir='ltr'><strong>et</strong></span> <span class='ocrx_word' id='word_1_135' title='bbox 2762 2850 3237 2939; x_wconf 76' lang='lat' dir='ltr'><strong>curiensibuS,</strong></span> <span class='ocrx_word' id='word_1_136' title='bbox 3296 2872 3465 2942; x_wconf 89' lang='lat' dir='ltr'><strong>qua-</strong></span> 
     </span>
     <span class='ocr_line' id='line_1_17' title="bbox 359 2970 3468 3064; baseline -0.001 -19"><span class='ocrx_word' id='word_1_137' title='bbox 359 2979 572 3047; x_wconf 87' lang='lat' dir='ltr'><strong>tenus</strong></span> <span class='ocrx_word' id='word_1_138' title='bbox 626 2974 700 3046; x_wconf 88' lang='lat' dir='ltr'><strong>in</strong></span> <span class='ocrx_word' id='word_1_139' title='bbox 754 2974 1022 3046; x_wconf 88' lang='lat' dir='ltr'><strong>bellum</strong></span> <span class='ocrx_word' id='word_1_140' title='bbox 1075 2971 1580 3045; x_wconf 89' lang='lat' dir='ltr'><strong>Pruthenicum</strong></span> <span class='ocrx_word' id='word_1_141' title='bbox 1637 2993 1712 3044; x_wconf 93' lang='lat' dir='ltr'><strong>se</strong></span> <span class='ocrx_word' id='word_1_142' title='bbox 1747 2976 2107 3063; x_wconf 87' lang='lat' dir='ltr'><strong>pararent,</strong></span> <span class='ocrx_word' id='word_1_143' title='bbox 2165 2970 2587 3059; x_wconf 82' lang='lat' dir='ltr'><strong>licentiatis,</strong></span> <span class='ocrx_word' id='word_1_144' title='bbox 2630 2991 2788 3043; x_wconf 88' lang='lat' dir='ltr'><strong>cum</strong></span> <span class='ocrx_word' id='word_1_145' title='bbox 2826 2972 3035 3043; x_wconf 88' lang='lat' dir='ltr'><strong>Anna</strong></span> <span class='ocrx_word' id='word_1_146' title='bbox 3071 2970 3343 3064; x_wconf 85' lang='lat' dir='ltr'><strong>Regina</strong></span> <span class='ocrx_word' id='word_1_147' title='bbox 3396 2976 3468 3044; x_wconf 92' lang='lat' dir='ltr'><strong>et</strong></span> 
     </span>
     <span class='ocr_line' id='line_1_18' title="bbox 358 3090 3464 3187; baseline -0.002 -18"><span class='ocrx_word' id='word_1_148' title='bbox 358 3094 620 3187; x_wconf 83' lang='lat' dir='ltr'><strong>exiguo</strong></span> <span class='ocrx_word' id='word_1_149' title='bbox 675 3094 1196 3167; x_wconf 83' lang='lat' dir='ltr'><strong>adolescent-um</strong></span> <span class='ocrx_word' id='word_1_150' title='bbox 1252 3096 1322 3164; x_wconf 90' lang='lat' dir='ltr'><strong>et</strong></span> <span class='ocrx_word' id='word_1_151' title='bbox 1377 3112 1614 3165; x_wconf 91' lang='lat' dir='ltr'><strong>eorum</strong></span> <span class='ocrx_word' id='word_1_152' title='bbox 1671 3091 2009 3179; x_wconf 89' lang='lat' dir='ltr'><strong>militum,</strong></span> <span class='ocrx_word' id='word_1_153' title='bbox 2068 3112 2244 3183; x_wconf 91' lang='lat' dir='ltr'><strong>quos</strong></span> <span class='ocrx_word' id='word_1_154' title='bbox 2298 3112 2423 3183; x_wconf 89' lang='lat' dir='ltr'><strong>pro</strong></span> <span class='ocrx_word' id='word_1_155' title='bbox 2462 3090 2779 3163; x_wconf 87' lang='lat' dir='ltr'><strong>custodia</strong></span> <span class='ocrx_word' id='word_1_156' title='bbox 2832 3091 3061 3183; x_wconf 84' lang='lat' dir='ltr'><strong>Regni</strong></span> <span class='ocrx_word' id='word_1_157' title='bbox 3114 3090 3464 3183; x_wconf 87' lang='lat' dir='ltr'><strong>relinque-</strong></span> 
     </span>
     <span class='ocr_line' id='line_1_19' title="bbox 354 3210 3465 3303; baseline -0.002 -14"><span class='ocrx_word' id='word_1_158' title='bbox 354 3216 516 3301; x_wconf 85' lang='lat' dir='ltr'><strong>bat,</strong></span> <span class='ocrx_word' id='word_1_159' title='bbox 573 3234 891 3301; x_wconf 86' lang='lat' dir='ltr'><strong>numere,</strong></span> <span class='ocrx_word' id='word_1_160' title='bbox 951 3214 1131 3285; x_wconf 87' lang='lat' dir='ltr'><strong>festa</strong></span> <span class='ocrx_word' id='word_1_161' title='bbox 1183 3213 1669 3299; x_wconf 87' lang='lat' dir='ltr'><strong>Pentecostes‚</strong></span> <span class='ocrx_word' id='word_1_162' title='bbox 1729 3212 2028 3285; x_wconf 76' lang='lat' dir='ltr'><strong>Sanctae</strong></span> <span class='ocrx_word' id='word_1_163' title='bbox 2068 3210 2441 3284; x_wconf 85' lang='lat' dir='ltr'><strong>Trinitatis</strong></span> <span class='ocrx_word' id='word_1_164' title='bbox 2498 3215 2566 3284; x_wconf 92' lang='lat' dir='ltr'><strong>et</strong></span> <span class='ocrx_word' id='word_1_165' title='bbox 2604 3211 2927 3302; x_wconf 85' lang='lat' dir='ltr'><strong>Corporis</strong></span> <span class='ocrx_word' id='word_1_166' title='bbox 2965 3212 3225 3285; x_wconf 85' lang='lat' dir='ltr'><strong>Christi</strong></span> <span class='ocrx_word' id='word_1_167' title='bbox 3280 3214 3465 3303; x_wconf 87' lang='lat' dir='ltr'><strong>apud</strong></span> 
     </span>
     <span class='ocr_line' id='line_1_20' title="bbox 356 3331 3466 3424; baseline -0.001 -17"><span class='ocrx_word' id='word_1_168' title='bbox 356 3336 635 3407; x_wconf 79' lang='lat' dir='ltr'><strong>Novam</strong></span> <span class='ocrx_word' id='word_1_169' title='bbox 688 3333 1050 3407; x_wconf 86' lang='lat' dir='ltr'><strong>civitatem</strong></span> <span class='ocrx_word' id='word_1_170' title='bbox 1103 3331 1410 3405; x_wconf 85' lang='lat' dir='ltr'><strong>Korczin</strong></span> <span class='ocrx_word' id='word_1_171' title='bbox 1465 3332 1734 3424; x_wconf 85' lang='lat' dir='ltr'><strong>exegit:</strong></span> <span class='ocrx_word' id='word_1_172' title='bbox 1789 3331 1912 3403; x_wconf 90' lang='lat' dir='ltr'><strong>ubi</strong></span> <span class='ocrx_word' id='word_1_173' title='bbox 1966 3332 2052 3403; x_wconf 89' lang='lat' dir='ltr'><strong>ad</strong></span> <span class='ocrx_word' id='word_1_174' title='bbox 2091 3352 2249 3403; x_wconf 90' lang='lat' dir='ltr'><strong>eum</strong></span> <span class='ocrx_word' id='word_1_175' title='bbox 2304 3351 2544 3404; x_wconf 88' lang='lat' dir='ltr'><strong>socrus</strong></span> <span class='ocrx_word' id='word_1_176' title='bbox 2584 3353 2713 3403; x_wconf 91' lang='lat' dir='ltr'><strong>sua</strong></span> <span class='ocrx_word' id='word_1_177' title='bbox 2766 3336 2837 3404; x_wconf 91' lang='lat' dir='ltr'><strong>et</strong></span> <span class='ocrx_word' id='word_1_178' title='bbox 2870 3331 3181 3424; x_wconf 81' lang='lat' dir='ltr'><strong>genitrix</strong></span> <span class='ocrx_word' id='word_1_179' title='bbox 3220 3334 3466 3405; x_wconf 84' lang='lat' dir='ltr'><strong>Annae</strong></span> 
     </span>
     <span class='ocr_line' id='line_1_21' title="bbox 356 3450 3463 3548; baseline -0.001 -21"><span class='ocrx_word' id='word_1_180' title='bbox 356 3454 696 3527; x_wconf 87' lang='lat' dir='ltr'><strong>Poloniae</strong></span> <span class='ocrx_word' id='word_1_181' title='bbox 749 3454 1094 3548; x_wconf 80' lang='lat' dir='ltr'><strong>Reginae,</strong></span> <span class='ocrx_word' id='word_1_182' title='bbox 1137 3452 1436 3525; x_wconf 88' lang='lat' dir='ltr'><strong>Ducissa</strong></span> <span class='ocrx_word' id='word_1_183' title='bbox 1489 3452 1573 3525; x_wconf 89' lang='lat' dir='ltr'><strong>de</strong></span> <span class='ocrx_word' id='word_1_184' title='bbox 1609 3452 1792 3537; x_wconf 86' lang='lat' dir='ltr'><strong>Dek,</strong></span> <span class='ocrx_word' id='word_1_185' title='bbox 1851 3451 2058 3523; x_wconf 89' lang='lat' dir='ltr'><strong>Anna</strong></span> <span class='ocrx_word' id='word_1_186' title='bbox 2111 3452 2262 3523; x_wconf 86' lang='lat' dir='ltr'><strong>filia</strong></span> <span class='ocrx_word' id='word_1_187' title='bbox 2316 3450 2663 3524; x_wconf 83' lang='lat' dir='ltr'><strong>Kazimiri</strong></span> <span class='ocrx_word' id='word_1_188' title='bbox 2718 3452 3006 3523; x_wconf 88' lang='lat' dir='ltr'><strong>secundi</strong></span> <span class='ocrx_word' id='word_1_189' title='bbox 3060 3452 3275 3545; x_wconf 87' lang='lat' dir='ltr'><strong>Regis</strong></span> <span class='ocrx_word' id='word_1_190' title='bbox 3329 3454 3463 3525; x_wconf 90' lang='lat' dir='ltr'><strong>Po-</strong></span> 
     </span>
     <span class='ocr_line' id='line_1_22' title="bbox 354 3570 3463 3663; baseline -0.001 -18"><span class='ocrx_word' id='word_1_191' title='bbox 354 3571 590 3646; x_wconf 85' lang='lat' dir='ltr'><strong>loniae</strong></span> <span class='ocrx_word' id='word_1_192' title='bbox 645 3572 818 3663; x_wconf 85' lang='lat' dir='ltr'><strong>(iam</strong></span> <span class='ocrx_word' id='word_1_193' title='bbox 872 3573 1055 3645; x_wconf 89' lang='lat' dir='ltr'><strong>enim</strong></span> <span class='ocrx_word' id='word_1_194' title='bbox 1113 3572 1410 3645; x_wconf 87' lang='lat' dir='ltr'><strong>alterum</strong></span> <span class='ocrx_word' id='word_1_195' title='bbox 1467 3570 1696 3643; x_wconf 86' lang='lat' dir='ltr'><strong>virum</strong></span> <span class='ocrx_word' id='word_1_196' title='bbox 1751 3571 2016 3642; x_wconf 92' lang='lat' dir='ltr'><strong>Ducem</strong></span> <span class='ocrx_word' id='word_1_197' title='bbox 2071 3571 2156 3643; x_wconf 86' lang='lat' dir='ltr'><strong>de</strong></span> <span class='ocrx_word' id='word_1_198' title='bbox 2220 3572 2403 3659; x_wconf 72' lang='lat' dir='ltr'><strong>Deir,</strong></span> <span class='ocrx_word' id='word_1_199' title='bbox 2460 3570 2691 3662; x_wconf 89' lang='lat' dir='ltr'><strong>priore</strong></span> <span class='ocrx_word' id='word_1_200' title='bbox 2759 3571 3139 3645; x_wconf 88' lang='lat' dir='ltr'><strong>Wilhelmo</strong></span> <span class='ocrx_word' id='word_1_201' title='bbox 3198 3572 3463 3644; x_wconf 85' lang='lat' dir='ltr'><strong>Gemite</strong></span> 
     </span>
     <span class='ocr_line' id='line_1_23' title="bbox 353 3690 3459 3783; baseline -0.001 -16"><span class='ocrx_word' id='word_1_202' title='bbox 353 3693 577 3767; x_wconf 83' lang='lat' dir='ltr'><strong>Ciliae</strong></span> <span class='ocrx_word' id='word_1_203' title='bbox 642 3696 951 3780; x_wconf 91' lang='lat' dir='ltr'><strong>mortuo,</strong></span> <span class='ocrx_word' id='word_1_204' title='bbox 1017 3694 1418 3783; x_wconf 86' lang='lat' dir='ltr'><strong>acceperat)</strong></span> <span class='ocrx_word' id='word_1_205' title='bbox 1475 3692 1690 3764; x_wconf 86' lang='lat' dir='ltr'><strong>venit.</strong></span> <span class='ocrx_word' id='word_1_206' title='bbox 1769 3692 1958 3782; x_wconf 75' lang='lat' dir='ltr'><strong>Quae</strong></span> <span class='ocrx_word' id='word_1_207' title='bbox 2013 3690 2285 3781; x_wconf 84' lang='lat' dir='ltr'><strong>aliquot</strong></span> <span class='ocrx_word' id='word_1_208' title='bbox 2338 3691 2585 3765; x_wconf 88' lang='lat' dir='ltr'><strong>diebus</strong></span> <span class='ocrx_word' id='word_1_209' title='bbox 2652 3691 2837 3781; x_wconf 84' lang='lat' dir='ltr'><strong>apud</strong></span> <span class='ocrx_word' id='word_1_210' title='bbox 2890 3712 3221 3783; x_wconf 87' lang='lat' dir='ltr'><strong>generum</strong></span> <span class='ocrx_word' id='word_1_211' title='bbox 3277 3714 3459 3765; x_wconf 85' lang='lat' dir='ltr'><strong>corn-</strong></span> 
     </span>
     <span class='ocr_line' id='line_1_24' title="bbox 353 3810 2715 3903; baseline -0.001 -18"><span class='ocrx_word' id='word_1_212' title='bbox 353 3817 626 3887; x_wconf 87' lang='lat' dir='ltr'><strong>morata</strong></span> <span class='ocrx_word' id='word_1_213' title='bbox 677 3816 748 3887; x_wconf 92' lang='lat' dir='ltr'><strong>et</strong></span> <span class='ocrx_word' id='word_1_214' title='bbox 801 3812 1002 3885; x_wconf 90' lang='lat' dir='ltr'><strong>donis</strong></span> <span class='ocrx_word' id='word_1_215' title='bbox 1057 3817 1422 3885; x_wconf 82' lang='lat' dir='ltr'><strong>munerata</strong></span> <span class='ocrx_word' id='word_1_216' title='bbox 1473 3810 1828 3903; x_wconf 82' lang='lat' dir='ltr'><strong>regalibus</strong></span> <span class='ocrx_word' id='word_1_217' title='bbox 1859 3810 1945 3900; x_wconf 80' lang='grc'><strong>2),</strong></span> <span class='ocrx_word' id='word_1_218' title='bbox 2003 3811 2090 3883; x_wconf 89' lang='lat' dir='ltr'><strong>ad</strong></span> <span class='ocrx_word' id='word_1_219' title='bbox 2144 3811 2427 3903; x_wconf 88' lang='lat' dir='ltr'><strong>propria</strong></span> <span class='ocrx_word' id='word_1_220' title='bbox 2480 3812 2715 3884; x_wconf 90' lang='lat' dir='ltr'><strong>rediit.</strong></span> 
     </span>
    </p>
   </div>
   <div class='ocr_carea' id='block_1_6' title="bbox 350 4173 3461 4366">
    <p class='ocr_par' dir='ltr' id='par_1_6' title="bbox 350 4173 3461 4366">
     <span class='ocr_line' id='line_1_25' title="bbox 350 4173 3461 4262; baseline -0 -16"><span class='ocrx_word' id='word_1_221' title='bbox 350 4173 748 4247; x_wconf 61' lang='lat' dir='ltr'><strong>vladislaus</strong></span> <span class='ocrx_word' id='word_1_222' title='bbox 790 4173 930 4245; x_wconf 75' lang='lat' dir='ltr'><strong>Rex</strong></span> <span class='ocrx_word' id='word_1_223' title='bbox 976 4173 1058 4244; x_wconf 78' lang='lat' dir='ltr'><strong>ad</strong></span> <span class='ocrx_word' id='word_1_224' title='bbox 1101 4173 1338 4246; x_wconf 74' lang='lat' dir='ltr'><strong>bellun</strong></span> <span class='ocrx_word' id='word_1_225' title='bbox 1382 4174 1816 4262; x_wconf 75' lang='lat' dir='ltr'><strong>proficiscens,</strong></span> <span class='ocrx_word' id='word_1_226' title='bbox 1861 4173 1930 4244; x_wconf 85' lang='lat' dir='ltr'><strong>in</strong></span> <span class='ocrx_word' id='word_1_227' title='bbox 1973 4173 2371 4245; x_wconf 73' lang='lat' dir='ltr'><strong>monasterio</strong></span> <span class='ocrx_word' id='word_1_228' title='bbox 2416 4173 2697 4244; x_wconf 77' lang='lat' dir='ltr'><strong>Sanctae</strong></span> <span class='ocrx_word' id='word_1_229' title='bbox 2742 4173 2959 4244; x_wconf 70' lang='lat' dir='ltr'><strong>Crucis</strong></span> <span class='ocrx_word' id='word_1_230' title='bbox 3002 4173 3181 4245; x_wconf 70' lang='lat' dir='ltr'><strong>Calvi</strong></span> <span class='ocrx_word' id='word_1_231' title='bbox 3224 4174 3461 4245; x_wconf 70' lang='lat' dir='ltr'><strong>lentis</strong></span> 
     </span>
     <span class='ocr_line' id='line_1_26' title="bbox 917 4291 2903 4366; baseline 0.001 -3"><span class='ocrx_word' id='word_1_232' title='bbox 917 4294 1322 4365; x_wconf 77' lang='lat' dir='ltr'><strong>orationibus</strong></span> <span class='ocrx_word' id='word_1_233' title='bbox 1367 4295 1439 4364; x_wconf 81' lang='lat' dir='ltr'><strong>et</strong></span> <span class='ocrx_word' id='word_1_234' title='bbox 1481 4292 1742 4363; x_wconf 81' lang='lat' dir='ltr'><strong>ieiuniis</strong></span> <span class='ocrx_word' id='word_1_235' title='bbox 1787 4310 1930 4364; x_wconf 84' lang='lat' dir='ltr'><strong>cum</strong></span> <span class='ocrx_word' id='word_1_236' title='bbox 1975 4310 2223 4364; x_wconf 75' lang='lat' dir='ltr'><strong>summa</strong></span> <span class='ocrx_word' id='word_1_237' title='bbox 2267 4291 2640 4366; x_wconf 73' lang='lat' dir='ltr'><strong>humilitate</strong></span> <span class='ocrx_word' id='word_1_238' title='bbox 2685 4296 2903 4364; x_wconf 77' lang='lat' dir='ltr'><strong>vacat.</strong></span> 
     </span>
    </p>
   </div>
   <div class='ocr_carea' id='block_1_7' title="bbox 354 4528 3458 5225">
    <p class='ocr_par' dir='ltr' id='par_1_7' title="bbox 354 4528 3458 5225">
     <span class='ocr_line' id='line_1_27' title="bbox 549 4528 3454 4623; baseline 0 -18"><span class='ocrx_word' id='word_1_239' title='bbox 549 4534 778 4605; x_wconf 78' lang='lat' dir='ltr'><strong>-Festo</strong></span> <span class='ocrx_word' id='word_1_240' title='bbox 810 4528 871 4620; x_wconf 76' lang='lat'><strong>³)</strong></span> <span class='ocrx_word' id='word_1_241' title='bbox 929 4531 1248 4622; x_wconf 84' lang='lat' dir='ltr'><strong>Corporis</strong></span> <span class='ocrx_word' id='word_1_242' title='bbox 1303 4531 1567 4605; x_wconf 89' lang='lat' dir='ltr'><strong>Christi</strong></span> <span class='ocrx_word' id='word_1_243' title='bbox 1633 4536 1703 4604; x_wconf 91' lang='lat' dir='ltr'><strong>et</strong></span> <span class='ocrx_word' id='word_1_244' title='bbox 1757 4532 1910 4603; x_wconf 90' lang='lat' dir='ltr'><strong>eius</strong></span> <span class='ocrx_word' id='word_1_245' title='bbox 1967 4530 2253 4605; x_wconf 85' lang='lat' dir='ltr'><strong>Octavis</strong></span> <span class='ocrx_word' id='word_1_246' title='bbox 2317 4533 2503 4623; x_wconf 87' lang='lat' dir='ltr'><strong>apud</strong></span> <span class='ocrx_word' id='word_1_247' title='bbox 2556 4532 2828 4603; x_wconf 83' lang='lat' dir='ltr'><strong>Novam</strong></span> <span class='ocrx_word' id='word_1_248' title='bbox 2884 4530 3245 4604; x_wconf 83' lang='lat' dir='ltr'><strong>civitatem</strong></span> <span class='ocrx_word' id='word_1_249' title='bbox 3301 4552 3454 4623; x_wconf 90' lang='lat' dir='ltr'><strong>per-</strong></span> 
     </span>
     <span class='ocr_line' id='line_1_28' title="bbox 355 4650 3457 4741; baseline -0.001 -16"><span class='ocrx_word' id='word_1_250' title='bbox 355 4652 569 4741; x_wconf 83' lang='lat' dir='ltr'><strong>actis,</strong></span> <span class='ocrx_word' id='word_1_251' title='bbox 629 4650 1070 4723; x_wconf 88' lang='lat' dir='ltr'><strong>Wladislaus</strong></span> <span class='ocrx_word' id='word_1_252' title='bbox 1135 4652 1468 4723; x_wconf 85' lang='lat' dir='ltr'><strong>Poloniae</strong></span> <span class='ocrx_word' id='word_1_253' title='bbox 1522 4653 1711 4739; x_wconf 61' lang='lat' dir='ltr'><strong>Reiz,</strong></span> <span class='ocrx_word' id='word_1_254' title='bbox 1772 4650 2074 4724; x_wconf 87' lang='lat' dir='ltr'><strong>Sabbato</strong></span> <span class='ocrx_word' id='word_1_255' title='bbox 2139 4654 2303 4723; x_wconf 87' lang='lat' dir='ltr'><strong>ante</strong></span> <span class='ocrx_word' id='word_1_256' title='bbox 2368 4650 2612 4723; x_wconf 84' lang='lat' dir='ltr'><strong>Sancti</strong></span> <span class='ocrx_word' id='word_1_257' title='bbox 2676 4650 2825 4723; x_wconf 90' lang='lat' dir='ltr'><strong>Viti</strong></span> <span class='ocrx_word' id='word_1_258' title='bbox 2892 4650 3107 4737; x_wconf 87' lang='lat' dir='ltr'><strong>diem,</strong></span> <span class='ocrx_word' id='word_1_259' title='bbox 3183 4651 3457 4723; x_wconf 87' lang='lat' dir='ltr'><strong>Novam</strong></span> 
     </span>
     <span class='ocr_line' id='line_1_29' title="bbox 354 4770 3458 4863; baseline 0 -18"><span class='ocrx_word' id='word_1_260' title='bbox 354 4772 717 4845; x_wconf 80' lang='lat' dir='ltr'><strong>civitatem</strong></span> <span class='ocrx_word' id='word_1_261' title='bbox 789 4772 1145 4863; x_wconf 90' lang='lat' dir='ltr'><strong>egreditur</strong></span> <span class='ocrx_word' id='word_1_262' title='bbox 1174 4772 1263 4860; x_wconf 90' lang='lat'><strong>⁴),</strong></span> <span class='ocrx_word' id='word_1_263' title='bbox 1317 4772 1422 4843; x_wconf 75' lang='lat' dir='ltr'><strong>‘ad</strong></span> <span class='ocrx_word' id='word_1_264' title='bbox 1495 4772 1760 4844; x_wconf 90' lang='lat' dir='ltr'><strong>bellum</strong></span> <span class='ocrx_word' id='word_1_265' title='bbox 1833 4776 2074 4843; x_wconf 87' lang='lat' dir='ltr'><strong>contra</strong></span> <span class='ocrx_word' id='word_1_266' title='bbox 2145 4770 2534 4843; x_wconf 86' lang='lat' dir='ltr'><strong>Cruciferos</strong></span> <span class='ocrx_word' id='word_1_267' title='bbox 2606 4791 3085 4862; x_wconf 76' lang='lat' dir='ltr'><strong>processurus,</strong></span> <span class='ocrx_word' id='word_1_268' title='bbox 3170 4771 3262 4843; x_wconf 84' lang='lat' dir='ltr'><strong>Et</strong></span> <span class='ocrx_word' id='word_1_269' title='bbox 3332 4793 3458 4863; x_wconf 88' lang='lat' dir='ltr'><strong>per</strong></span> 
     </span>
     <span class='ocr_line' id='line_1_30' title="bbox 357 4889 3453 4983; baseline -0 -18"><span class='ocrx_word' id='word_1_270' title='bbox 357 4892 802 4965; x_wconf 85' lang='lat' dir='ltr'><strong>Stobniczam</strong></span> <span class='ocrx_word' id='word_1_271' title='bbox 858 4896 927 4963; x_wconf 85' lang='lat' dir='ltr'><strong>et</strong></span> <span class='ocrx_word' id='word_1_272' title='bbox 983 4892 1330 4964; x_wconf 88' lang='lat' dir='ltr'><strong>Schidlow</strong></span> <span class='ocrx_word' id='word_1_273' title='bbox 1386 4893 1584 4965; x_wconf 84' lang='lat' dir='ltr'><strong>venit</strong></span> <span class='ocrx_word' id='word_1_274' title='bbox 1637 4893 1710 4965; x_wconf 90' lang='lat' dir='ltr'><strong>in</strong></span> <span class='ocrx_word' id='word_1_275' title='bbox 1767 4893 1975 4983; x_wconf 90' lang='lat' dir='ltr'><strong>Slup‚</strong></span> <span class='ocrx_word' id='word_1_276' title='bbox 2036 4891 2375 4983; x_wconf 87' lang='lat' dir='ltr'><strong>stetitque</strong></span> <span class='ocrx_word' id='word_1_277' title='bbox 2429 4891 2583 4965; x_wconf 88' lang='lat' dir='ltr'><strong>illic</strong></span> <span class='ocrx_word' id='word_1_278' title='bbox 2638 4891 2909 4964; x_wconf 91' lang='lat' dir='ltr'><strong>duobus</strong></span> <span class='ocrx_word' id='word_1_279' title='bbox 2964 4889 3244 4963; x_wconf 87' lang='lat' dir='ltr'><strong>diebus:</strong></span> <span class='ocrx_word' id='word_1_280' title='bbox 3322 4891 3453 4964; x_wconf 86' lang='lat' dir='ltr'><strong>sub</strong></span> 
     </span>
     <span class='ocr_line' id='line_1_31' title="bbox 356 5010 3455 5104; baseline 0 -20"><span class='ocrx_word' id='word_1_281' title='bbox 356 5013 611 5103; x_wconf 89' lang='lat' dir='ltr'><strong>quibus</strong></span> <span class='ocrx_word' id='word_1_282' title='bbox 666 5011 975 5104; x_wconf 86' lang='lat' dir='ltr'><strong>pedestri</strong></span> <span class='ocrx_word' id='word_1_283' title='bbox 1030 5011 1281 5085; x_wconf 89' lang='lat' dir='ltr'><strong>itinere</strong></span> <span class='ocrx_word' id='word_1_284' title='bbox 1317 5012 1816 5086; x_wconf 90' lang='lat' dir='ltr'><strong>monasterium</strong></span> <span class='ocrx_word' id='word_1_285' title='bbox 1854 5013 2152 5085; x_wconf 85' lang='lat' dir='ltr'><strong>Sanctae</strong></span> <span class='ocrx_word' id='word_1_286' title='bbox 2191 5012 2431 5086; x_wconf 88' lang='lat' dir='ltr'><strong>Crucis</strong></span> <span class='ocrx_word' id='word_1_287' title='bbox 2487 5011 2685 5085; x_wconf 84' lang='lat' dir='ltr'><strong>Calvi</strong></span> <span class='ocrx_word' id='word_1_288' title='bbox 2724 5010 2982 5083; x_wconf 90' lang='lat' dir='ltr'><strong>Montis</strong></span> <span class='ocrx_word' id='word_1_289' title='bbox 3038 5011 3455 5084; x_wconf 86' lang='lat' dir='ltr'><strong>ascendebat</strong></span> 
     </span>
     <span class='ocr_line' id='line_1_32' title="bbox 355 5130 3451 5225; baseline 0 -22"><span class='ocrx_word' id='word_1_290' title='bbox 355 5131 704 5219; x_wconf 87' lang='lat' dir='ltr'><strong>diluculo,</strong></span> <span class='ocrx_word' id='word_1_291' title='bbox 763 5137 833 5204; x_wconf 92' lang='lat' dir='ltr'><strong>et</strong></span> <span class='ocrx_word' id='word_1_292' title='bbox 886 5135 1038 5203; x_wconf 87' lang='lat' dir='ltr'><strong>tota</strong></span> <span class='ocrx_word' id='word_1_293' title='bbox 1091 5130 1203 5205; x_wconf 91' lang='lat' dir='ltr'><strong>die</strong></span> <span class='ocrx_word' id='word_1_294' title='bbox 1263 5154 1446 5225; x_wconf 87' lang='lat' dir='ltr'><strong>genu</strong></span> <span class='ocrx_word' id='word_1_295' title='bbox 1501 5132 1822 5222; x_wconf 79' lang='lat' dir='ltr'><strong>flecten8‚</strong></span> <span class='ocrx_word' id='word_1_296' title='bbox 1882 5132 2182 5205; x_wconf 87' lang='lat' dir='ltr'><strong>orationi</strong></span> <span class='ocrx_word' id='word_1_297' title='bbox 2236 5136 2307 5205; x_wconf 91' lang='lat' dir='ltr'><strong>et</strong></span> <span class='ocrx_word' id='word_1_298' title='bbox 2360 5131 2823 5223; x_wconf 82' lang='lat' dir='ltr'><strong>eleemosynis</strong></span> <span class='ocrx_word' id='word_1_299' title='bbox 2885 5130 3210 5217; x_wconf 85' lang='lat' dir='ltr'><strong>vacabat,</strong></span> <span class='ocrx_word' id='word_1_300' title='bbox 3268 5152 3451 5203; x_wconf 90' lang='lat' dir='ltr'><strong>com-</strong></span> 
     </span>
    </p>
   </div>
   <div class='ocr_carea' id='block_1_8' title="bbox 356 5398 3453 5586">
    <p class='ocr_par' dir='ltr' id='par_1_8' title="bbox 356 5398 3453 5586">
     <span class='ocr_line' id='line_1_33' title="bbox 567 5398 3453 5485; baseline 0.002 -20"><span class='ocrx_word' id='word_1_301' title='bbox 567 5406 614 5485; x_wconf 86' lang='grc' dir='ltr'><strong>ι)</strong></span> <span class='ocrx_word' id='word_1_302' title='bbox 661 5408 915 5466; x_wconf 83' lang='lat' dir='ltr'><strong>laturum</strong></span> <span class='ocrx_word' id='word_1_303' title='bbox 963 5398 1114 5467; x_wconf 82' lang='lat' dir='ltr'><strong>C’od.</strong></span> <span class='ocrx_word' id='word_1_304' title='bbox 1146 5403 1337 5468; x_wconf 82' lang='lat' dir='ltr'><strong>Rozr.</strong></span> <span class='ocrx_word' id='word_1_305' title='bbox 1401 5404 1454 5484; x_wconf 72' lang='grc'><strong>2)</strong></span> <span class='ocrx_word' id='word_1_306' title='bbox 1499 5408 1680 5483; x_wconf 87' lang='lat' dir='ltr'><strong>regiis</strong></span> <span class='ocrx_word' id='word_1_307' title='bbox 1729 5401 1882 5469; x_wconf 79' lang='lat' dir='ltr'><strong>Cod.</strong></span> <span class='ocrx_word' id='word_1_308' title='bbox 1935 5401 2111 5468; x_wconf 81' lang='lat' dir='ltr'><strong>Calv.</strong></span> <span class='ocrx_word' id='word_1_309' title='bbox 2176 5405 2228 5485; x_wconf 79' lang='lat'><strong>³)</strong></span> <span class='ocrx_word' id='word_1_310' title='bbox 2276 5407 2457 5468; x_wconf 86' lang='lat' dir='ltr'><strong>Festo</strong></span> <span class='ocrx_word' id='word_1_311' title='bbox 2501 5410 2697 5467; x_wconf 85' lang='lat' dir='ltr'><strong>autem</strong></span> <span class='ocrx_word' id='word_1_312' title='bbox 2747 5398 2899 5469; x_wconf 80' lang='lat' dir='ltr'><strong>Cod.</strong></span> <span class='ocrx_word' id='word_1_313' title='bbox 2930 5402 3123 5469; x_wconf 76' lang='lat' dir='ltr'><strong>Rozr.</strong></span> <span class='ocrx_word' id='word_1_314' title='bbox 3180 5401 3235 5485; x_wconf 79' lang='lat'><strong>⁴)</strong></span> <span class='ocrx_word' id='word_1_315' title='bbox 3280 5406 3453 5471; x_wconf 82' lang='lat' dir='ltr'><strong>Nova</strong></span> 
     </span>
     <span class='ocr_line' id='line_1_34' title="bbox 356 5504 1370 5586; baseline 0.001 -18"><span class='ocrx_word' id='word_1_316' title='bbox 356 5509 592 5571; x_wconf 82' lang='lat' dir='ltr'><strong>civitate</strong></span> <span class='ocrx_word' id='word_1_317' title='bbox 637 5510 948 5586; x_wconf 83' lang='lat' dir='ltr'><strong>expeditur</strong></span> <span class='ocrx_word' id='word_1_318' title='bbox 995 5504 1146 5571; x_wconf 79' lang='lat' dir='ltr'><strong>Cod.</strong></span> <span class='ocrx_word' id='word_1_319' title='bbox 1178 5506 1370 5571; x_wconf 81' lang='lat' dir='ltr'><strong>Rozr.</strong></span> 
     </span>
    </p>
   </div>
  </div>
 </body>
</html>
