4342 6384
375 571 512 673 (Α.
551 572 644 648 D.
683 570 912 673 1416.)
1543 591 1770 650 mann
1817 556 2276 648 nnnncnm's.
3314 571 3461 648 199

375 780 604 854 tifices
657 780 848 854 orbis
900 779 1230 854 catholici
1269 781 1349 870 ¹),
1423 780 1544 872 qui
1598 780 1774 854 illuc
1827 780 1901 852 in
1955 799 2207 873 magna
2260 775 2717 852 multitudine
2772 775 3285 865 confluxerant,
3344 777 3467 852 sed

377 920 604 992 neque
667 900 852 973 inter
913 898 1316 973 Cardinales
1379 899 1642 974 habens
1708 899 2120 988 secundum,
2188 898 2357 971 item
2422 897 2825 970 Ianussium
2880 897 2965 970 do
3020 897 3463 970 Thuliskowo

377 1021 844 1093 castellanum
899 1019 1393 1093 calissiensem
1460 1022 1532 1092 et
1585 1019 1993 1092 Zawissium
2045 1018 2327 1112 nigrum
2383 1017 2467 1090 de
2522 1017 2836 1107 Garbow,
2902 1017 3202 1106 militeS,
3258 1017 3463 1090 Polo-

373 1139 534 1212 niae
588 1139 804 1231 Regis
857 1137 1356 1213 ambasiatores
1387 1137 1450 1228 2)
1505 1137 1696 1210 mitti
1751 1137 2080 1211 obtinuit.
2137 1137 2444 1230 Cumque
2497 1136 2570 1210 in
2624 1137 2905 1225 itinere,
2964 1158 3099 1229 quo
3154 1135 3465 1209 Parisios

373 1257 606 1347 ibant,
664 1259 1002 1331 Nicolaus
1059 1257 1488 1331 Gnesnensis
1541 1257 2106 1350 archiepiscopus
2171 1258 2377 1330 iuxta
2440 1256 2942 1330 instructiones
2972 1253 3035 1345 ³)
3090 1254 3467 1330 Wladislai

376 1377 714 1450 Poloniae
767 1377 984 1469 Regis
1039 1376 1180 1449 sibi
1233 1377 1306 1450 in
1363 1376 1648 1469 scriptis
1701 1377 2002 1450 directas
2031 1377 2118 1467 ⁴),
2176 1397 2333 1448 cum
2390 1375 2838 1468 Sigismundo
2893 1376 3361 1448 Romanorum
3398 1377 3470 1449 et

375 1496 784 1589 Hungariae
837 1497 1030 1588 Rege
1083 1495 1302 1570 libere
1357 1496 1638 1588 quidem
1693 1502 1762 1569 et
1799 1501 2118 1585 extense,
2178 1497 2377 1568 velut
2412 1498 2613 1568 extra
2666 1493 3154 1587 occupationes
3206 1494 3462 1586 posito,

375 1617 464 1689 de
526 1599 734 1690 rebus
793 1636 1086 1709 guerrae
1119 1615 1180 1705 5)
1253 1614 1438 1689 inter
1499 1615 1969 1688 Wladislaum
2041 1615 2377 1688 Poloniae
2446 1615 2709 1707 Regem
2781 1617 2852 1687 et
2924 1613 3309 1687 cruciferos
3382 1611 3467 1687 de

375 1735 704 1824 Prussia,
743 1733 1012 1827 treugis
1049 1735 1570 1826 expirantibus,
1610 1734 2044 1808 innovandae
2073 1733 2138 1823 θ)
2174 1734 2413 1826 plures
2450 1733 2793 1826 agitasset
2846 1753 3228 1821 sermones,
3266 1751 3465 1824 prae·

377 1855 570 1926 fatus
625 1853 1120 1946 sigismundus
1175 1854 1646 1926 Romanorum
1709 1856 1782 1926 et
1842 1853 2249 1947 Hungariae
2313 1854 2469 1926 Rex
2534 1852 2844 1926 animum
2900 1850 3279 1924 Wladislai
3331 1851 3465 1923 Po-

376 1972 610 2046 loniae
665 1972 882 2066 Regis
953 1993 1248 2065 pronum
1311 1977 1520 2063 atque
1593 1973 1976 2046 ferventem
2049 1972 2136 2044 ad
2210 1971 2751 2045 continuandam
2780 1971 2867 2060 ⁷),
2934 1969 3205 2062 treugis
3268 1969 3465 2061 expi-

375 2092 704 2164 rantibus
730 2091 820 2181 8),
875 2112 1196 2184 guerram
1225 2091 1289 2180 ⁹)
1353 2112 1510 2163 cum
1573 2091 1946 2164 cruciferis
2011 2111 2162 2166 esse
2224 2091 2629 2180 dinoscens,
2694 2110 2818 2182 per
2870 2088 3175 2162 medium
3240 2087 3470 2160 Caroli

377 2213 808 2283 Francorum
861 2210 1080 2303 Regis
1133 2209 1504 2283 ulteriores
1567 2213 1847 2304 treugas
1913 2211 1988 2284 in
2049 2211 2409 2284 biennium
2463 2209 2865 2296 duraturas,
2932 2207 3305 2280 Nicolaum
3359 2227 3467 2280 ar-

381 2329 902 2422 chiepiscopum
958 2329 1432 2403 Gnesnensem
1496 2335 1568 2402 et
1620 2331 1923 2424 collegas
1989 2351 2187 2419 suos,
2254 2329 2655 2402 Ianussium
2720 2327 3183 2401 castellanum
3248 2326 3467 2398 Calis-

381 2449 686 2522 siensem
741 2453 812 2523 et
867 2447 1273 2522 Zawissium
1325 2447 1638 2540 nigrum,
1705 2449 2205 2522 ambasiatores
2242 2449 2333 2539 ¹⁰)
2386 2447 2615 2541 regios
2680 2466 3033 2520 assumere
3094 2451 3165 2518 et
3216 2444 3471 2518 deinde

383 2568 854 2642 Wladislaum
917 2567 1252 2640 Poloniae
1315 2568 1575 2660 Regem
1649 2567 1922 2641 easdem
1985 2571 2345 2659 acceptare
2417 2565 2745 2640 obtinuit.
2826 2563 3159 2637 Tenorem
3232 2568 3467 2636 autem

385 2686 751 2760 literarum
789 2686 1017 2759 Caroli
1072 2686 1412 2759 Franciae
1447 2687 1664 2779 Regis
1716 2687 2120 2760 huiusmodi
2174 2685 2683 2778 interponentis
2720 2683 3160 2757 sufferentias
3177 2738 3195 2772 ‚
3234 2683 3467 2755 visum

381 2813 494 2879 est
545 2827 686 2879 non
739 2805 1207 2880 necessarium
1263 2806 1589 2881 inserere.

382 3167 706 3239 lohannes
749 3165 1164 3255 fauentem
1207 3167 1436 3237 ramosi
1481 3165 1679 3239 libelli
1723 3167 1792 3238 in
1836 3165 2252 3236 wladislaum
2295 3165 2595 3236 Poloniae
2647 3163 2885 3254 negem
2928 3163 3165 3236 uther
3204 3161 3469 3235 decreto

1067 3285 1330 3357 concilii
1375 3285 1900 3358 constantiensis
1941 3285 2012 3357 in
2057 3301 2351 3357 carceres
2396 3283 2782 3356 detruditur.

594 3521 740 3593 Sub
795 3527 1102 3612 tempore
1165 3525 1399 3593 autem
1455 3542 1566 3610 oo,
1641 3541 1777 3613 quo
1841 3521 2337 3614 sigismundus
2400 3522 2873 3594 Romanorum
2936 3525 3009 3592 et
3062 3518 3467 3610 Hungariae

385 3641 541 3714 Rex
581 3641 767 3732 apud
805 3640 1115 3712 Parisios
1151 3641 1240 3729 ¹¹)
1279 3641 1700 3730 morabatur,
1757 3639 1824 3712 N
1828 3641 2096 3713 icolaus
2157 3639 2585 3713 Gnesnensis
2641 3637 3205 3730 archiepiscopus
3258 3638 3475 3730 Regis

387 3765 456 3830 et
509 3760 742 3851 Regni
798 3759 1128 3832 Poloniae
1186 3760 1438 3832 famam
1493 3780 1746 3852 augere
1800 3764 2157 3852 satagens,
2234 3758 2553 3832 convivio
2609 3763 3018 3849 sumptuoso
3074 3761 3144 3828 et
3199 3756 3471 3828 solenni

387 3879 460 3950 in
519 3879 1062 3971 Quadragosima
1126 3879 1501 3967 instructo,
1577 3899 1812 3952 omnes
1877 3879 2284 3971 Magistros,
2357 3879 2723 3965 DoctoreS‚
2788 3878 3139 3950 scholares
3202 3879 3274 3948 et
3326 3875 3469 3948 sin-

383 3999 554 4090 gula
607 3997 1114 4071 Universitatis
1171 3997 1405 4071 Studii
1459 3998 1882 4072 Parisiensis
1937 3998 2335 4090 supposita,
2394 3997 2575 4088 quod
2630 3997 2816 4088 apud
2853 3995 3285 4068 Parisienses
3326 4015 3467 4066 ma-

385 4139 564 4208 gnae
620 4116 1064 4190 admirationi
1130 4123 1309 4205 erat,
1375 4118 1461 4189 ad
1523 4117 1891 4210 prandium
1957 4117 2216 4189 invitat
2270 4122 2341 4188 et
2396 4116 2757 4208 splendide
2820 4118 3029 4207 atque
3084 4114 3473 4187 liberaliter

387 4240 797 4327 pertractat.
871 4237 1068 4308 Inter
1129 4237 1603 4327 prandendum
1667 4241 1898 4309 autem
1963 4258 2086 4328 per
2147 4235 2654 4308 Universitatis
2719 4236 3071 4326 praefatae
3135 4235 3470 4306 Doctores

389 4356 698 4429 seniores
753 4361 900 4429 erat
954 4356 1174 4430 eidem
1236 4354 1303 4427 N
1309 4355 1530 4428 icolao
1593 4355 1984 4428 Gnesnensi
2043 4355 2563 4447 archiepiscopo
2629 4355 2917 4428 libellus
2984 4353 3300 4446 quidam,
3360 4373 3469 4424 sa-

392 4482 618 4565 tyram
675 4479 746 4548 et
797 4474 1155 4547 infamiam
1211 4474 1588 4546 Wladislai
1641 4474 2060 4546 Polonorum
2115 4473 2335 4566 Regis
2390 4474 2785 4561 0011ῐὶ00118,
2841 4493 2968 4564 per
3018 4473 3303 4544 fratrem
3358 4472 3471 4542 Io-

393 4594 689 4664 hannem
748 4593 1208 4684 Falkemberg
1265 4592 1527 4664 ordinis
1582 4592 2180 4680 Praedicatorum‚
2246 4613 2289 4664 a
2341 4592 2712 4665 cruciferis
2766 4592 2851 4664 de
2904 4591 3195 4664 Prussia
3248 4589 3472 4682 pretio

396 4713 842 4799 conductum,
883 4715 1420 4798 commentatus,
1462 4711 1770 4784 oblatus:
1830 4733 2034 4803 quem
2071 4711 2407 4784 Nicolaus
2446 4711 3008 4802 archiepiscopus
3046 4709 3472 4783 Gnesnensis

396 4830 765 4922 accipiens,
819 4830 892 4902 in
947 4829 1333 4902 Concilium
1389 4829 1918 4904 Constantiense
1971 4831 2228 4903 detulit
2283 4835 2353 4904 et
2406 4831 2785 4904 Iohannem
2822 4829 3283 4920 Falkemberg
3318 4827 3471 4902 eius

609 5133 659 5214 ¹)
703 5135 864 5194 orbis
909 5133 1212 5194 christiani
1263 5131 1414 5195 Cod.
1459 5131 1651 5196 Rozr.
1701 5134 1756 5213 α)
1801 5137 2029 5211 legatos
2077 5132 2230 5197 Cod.
2276 5132 2466 5196 Rozr.
2515 5133 2567 5212 ³)
2613 5136 3055 5195 instructionem
3104 5129 3255 5195 Cod.
3284 5131 3476 5195 Rozr.

403 5235 454 5312 ⁴)
496 5238 782 5297 directam
831 5231 982 5297 Cod.
1028 5232 1220 5298 Rozr.
1270 5235 1324 5314 ⁵)
1372 5237 1512 5296 belli
1561 5232 1712 5298 Cod.
1761 5234 1951 5300 Rozr.
2001 5235 2054 5315 ⁸)
2100 5238 2422 5297 innovandi
2470 5232 2621 5298 Cod.
2676 5233 2865 5297 Rozr.
2916 5233 2967 5314 ⁷)
3013 5237 3091 5296 ad
3136 5238 3478 5296 continuan-

401 5339 532 5398 dum
591 5336 718 5402 Ed.
775 5335 954 5420 Lips.
1027 5337 1080 5416 ⁸)
1127 5341 1244 5398 iam
1304 5339 1710 5414 expirantibus
1771 5334 1922 5399 cod.
1977 5337 2168 5400 Rozr.
2240 5337 2293 5418 ⁹)
2354 5340 2571 5400 bellum
2638 5334 2789 5400 cod.
2852 5335 3045 5399 Rozr.
3122 5337 3201 5418 ²⁰)
3244 5339 3475 5414 legatos

407 5435 548 5500 cod.
595 5437 790 5501 Rozr.
862 5439 936 5518 ¹¹)
983 5441 1228 5500 Parisiis
1280 5436 1429 5502 Cod.
1477 5437 1668 5501 Rozr.
