4342 6384
840 559 989 630 180
2009 577 2235 630 mnan
2286 577 2747 629 nsnsscnma
3396 551 3531 650 (Α.
3568 549 3659 626 ῠ.
3698 545 3961 646 1414.)

949 884 1170 956 nuntii
1215 883 1588 956 Polonorum
1633 883 2084 955 Constantiam
2128 881 2538 972 perveniunt.
2604 881 2925 954 lohannes
2968 880 3139 970 Papa
3184 879 3530 952 vicetinus
3574 878 3823 950 tertius

1864 1003 2206 1092 plerosquo
2251 1001 2526 1092 pecunia
2569 1001 2937 1090 corrumpit.

1049 1239 1343 1312 Nuntiis
1399 1240 1473 1312 in
1530 1241 2134 1340 Constantiana-em
2176 1240 2533 1332 Synodum
2590 1239 2831 1327 ituria,
2888 1236 3237 1330 expeditis
3294 1241 3364 1310 et
3400 1234 3737 1328 provisis,
3780 1257 3958 1328 pro-

844 1359 1058 1433 cessit
1096 1359 1533 1432 Wladislaus
1570 1361 1726 1434 Rex
1781 1381 1867 1433 ex
1908 1359 2445 1452 Nyepolomicze
2498 1380 2622 1451 per
2660 1358 2997 1430 stationes
3056 1356 3301 1430 solitas
3348 1355 3421 1428 in
3459 1355 3957 1442 Lithuaniam,

845 1484 916 1551 et
967 1480 1152 1569 apud
1207 1479 1485 1553 Grodno
1541 1479 1826 1551 Natalis
1883 1479 2147 1553 Christi
2204 1479 2353 1552 dies
2408 1479 2672 1572 exegit.
2732 1477 3191 1551 Vehementer
3242 1481 3477 1548 autem
3534 1475 3958 1548 Alexandro

844 1597 1242 1670 Withawdo
1299 1599 1551 1690 Magno
1607 1599 1784 1671 Duci
1840 1599 2295 1687 Lithuaniae,
2354 1598 2539 1690 quod
2592 1619 2678 1670 ex
2718 1595 3137 1684 Brodnicza,
3194 1596 3386 1687 Rege
3438 1594 3961 1686 necquicquam

846 1718 1292 1807 adversante,
1361 1719 1808 1807 discesserat,
1877 1719 2227 1806 infensus,
2295 1717 2824 1790 contubernium
2892 1737 3099 1787 suum
3162 1714 3518 1802 devitanS,
3584 1735 3963 1804 nunqnam

845 1836 958 1908 illi
1012 1836 1299 1928 pacifice
1363 1838 1810 1929 loquebatur,
1887 1838 1960 1910 in
2025 1858 2242 1929 eaque
2308 1837 2787 1929 indignatione
2849 1855 3332 1927 perseverane,
3408 1853 3497 1905 ex
3560 1832 3963 1905 Lithuania

848 1955 1175 2028 discessit
1217 1957 1294 2044 ¹).
1369 1956 1768 2030 Consiliarii
1831 1962 2064 2030 autem
2119 1957 2453 2029 Poloniae
2517 1978 2754 2028 eorum
2806 1953 3192 2027 discordias
3258 1952 3610 2041 sanaturi,
3668 1952 3957 2024 crebras

855 2074 1154 2162 faciunt,
1213 2078 1702 2167 comportando
1736 2077 1797 2165 ²)
1837 2099 2072 2150 eorum
2109 2077 2525 2149 dissociatos
2581 2076 2873 2163 anim08,
2930 2075 3095 2147 hinc
3132 2073 3294 2147 inde
3331 2072 3619 2165 fatigas:
3678 2077 3749 2144 et
3784 2077 3961 2163 post

853 2194 1086 2267 varios
1143 2196 1414 2268 labores
1471 2202 1540 2268 et
1594 2201 1973 2284 tractatuS,
2033 2197 2294 2268 Ducem
2349 2196 2627 2268 tandem
2666 2194 3149 2268 Alexandrum
3204 2213 3401 2265 suam
3448 2192 3956 2284 transgressio-

850 2335 1009 2386 nem
1071 2317 1515 2405 profitentem
1580 2315 1758 2408 Regi
1822 2315 2300 2388 reconciliant.
2387 2315 2537 2406 Qua
2600 2319 2869 2402 secuta,
2947 2312 3348 2385 Alexander
3419 2313 3581 2384 Dux
3647 2311 3957 2403 Magnus

854 2431 1277 2506 Lithuaniae
1353 2433 1824 2506 Wladislaum
1895 2434 2232 2507 Poloniae
2294 2435 2556 2526 Regem
2638 2432 2943 2524 amplius
3004 2433 3443 2523 placaturus,
3516 2431 3751 2521 ipsum
3824 2452 3961 2522 pro

855 2557 1122 2626 aestate
1177 2551 1592 2624 adveniente
1647 2553 1720 2624 in
1758 2553 2211 2626 Lithuaniam
2252 2551 2533 2625 invitat.
2590 2552 3113 2626 Ambasiatores
3168 2555 3395 2624 autem
3433 2549 3611 2642 regii
3666 2549 3741 2621 in
3776 2550 3961 2622 Con-

854 2671 1096 2744 cilium
1136 2671 1668 2746 constantiense
1722 2672 2059 2745 destinati
2083 2671 2169 2763 ³),
2226 2693 2350 2765 per
2402 2672 2739 2744 Missnam
2796 2675 2865 2744 et
2903 2670 3282 2744 Saxoniam
3338 2669 3472 2743 iter
3524 2668 3845 2742 faciendo
3866 2671 3961 2760 ⁴),

856 2813 898 2863 a
935 2789 1459 2863 Marchionibus
1499 2791 2015 2864 Misenensibus
2052 2792 2353 2885 benigne
2408 2791 2685 2884 excepti
2739 2795 2809 2863 et
2849 2789 3150 2883 singulis
3204 2787 3619 2862 necessariis
3672 2789 3749 2861 in
3785 2789 3963 2862 Mis-

857 2910 1095 2982 snensi
1148 2909 1630 2983 Marchionatu
1684 2911 2070 3003 procurati,
2128 2911 2240 2984 die
2278 2911 2613 2985 vicesima
2664 2910 2965 3002 septima
3018 2909 3436 2983 Novembris
3490 2908 3565 2980 in
3604 2908 3963 3000 frequenti

857 3032 931 3101 et
985 3028 1349 3120 splendido
1414 3035 1754 3121 apparatu
1810 3031 2287 3104 Constantiam
2351 3031 2651 3123 ingressi
2707 3035 2895 3102 sunt.
2971 3028 3238 3120 Quibus
3303 3027 3653 3100 maximae
3717 3028 3961 3102 Cardi-

857 3147 1126 3220 nalium
1191 3152 1259 3221 et
1322 3150 1801 3222 Praelatorum
1863 3154 2218 3239 catervae,
2294 3152 2673 3224 adventum
2747 3171 2983 3222 eorum
3056 3148 3521 3240 excipienteS‚
3596 3169 3737 3219 non
3802 3149 3967 3221 sine

861 3267 1248 3340 animorum
1302 3269 1668 3343 alacritate
1723 3271 2207 3360 occurrebant,
2274 3269 2783 3343 admirantibus
2846 3274 2917 3342 et
2970 3267 3617 3343 commendantibus
3682 3269 3967 3341 cunctis

862 3387 1144 3459 illorum
1200 3409 1563 3461 numerum
1617 3393 1687 3463 et
1741 3395 2177 3481 apparatum.
2235 3392 2321 3462 In
2374 3391 2488 3463 die
2543 3395 2775 3463 autem
2834 3389 3131 3462 Sanctae
3179 3389 3527 3461 Barbarae
3582 3409 3966 3480 congrega-

861 3507 1122 3580 tionem
1184 3509 1518 3600 ingressi‚
1595 3509 2187 3582 commendatione
2251 3510 2628 3583 Wladislai
2692 3508 2910 3602 Regis
2984 3513 3053 3582 et
3117 3507 3344 3600 Regni
3410 3507 3524 3579 sui
3597 3507 3968 3596 Poloniae,

864 3627 1096 3718 Papae
1150 3627 1480 3715 Iohanni,
1540 3629 2026 3702 cardinalibus
2081 3635 2152 3703 et
2190 3630 2522 3702 Patribus
2560 3628 2890 3718 Concilii,
2947 3649 3177 3700 coram
3232 3628 3449 3715 facta,
3507 3628 3796 3700 fuerunt
3834 3628 3969 3699 Sa-

866 3768 1020 3819 crae
1077 3747 1354 3839 Synodo
1409 3749 1628 3841 Regis
1693 3754 1762 3821 et
1824 3749 2054 3841 Regni
2117 3751 2451 3842 primum,
2528 3749 2776 3822 deinde
2841 3749 2988 3820 suis
3055 3746 3453 3821 nominibus
3508 3747 3970 3839 incorporati.

867 3867 978 3938 Ab
1017 3888 1233 3958 eoque
1286 3874 1593 3958 tempore
1631 3868 2135 3941 Cruciferorum
2190 3869 2517 3941 alacritas
2574 3873 2645 3942 et
2682 3869 3005 3956 audacia,
3064 3867 3187 3960 qui
3224 3869 3487 3960 Regem
3534 3871 3606 3940 et
3642 3868 3973 3959 Regnum

870 3985 1278 4058 multifariis
1344 3987 1774 4060 infamabant
1836 3989 2419 4076 detractionibus,
2498 3999 2567 4061 et
2632 3989 3021 4080 signanter,
3081 3986 3263 4079 quod
3330 3986 3551 4058 filiam
3617 4007 3817 4058 suam
3893 3985 3977 4058 in

871 4104 1426 4178 Christianitatis
1481 4106 1976 4180 contumeliam
2014 4109 2393 4182 Turcorum
2450 4109 2943 4199 desponsasset
2979 4107 3287 4195 Caesari,
3344 4105 3481 4177 fuit
3534 4127 3973 4197 compressa:

871 4243 998 4294 nec
1053 4225 1401 4296 audebant
1455 4227 1527 4297 in
1567 4227 2135 4319 suggillationem
2176 4227 2391 4320 Regis
2430 4233 2499 4300 et
2536 4227 2766 4319 Regni
2820 4227 2904 4300 de
2942 4232 3213 4299 caetero
3268 4225 3643 4317 quicquam
3683 4225 3974 4298 mutire.

875 4343 1206 4432 Quamvis
1261 4349 1494 4418 autem
1548 4346 1846 4418 Iohanni
1899 4348 2130 4438 Papae
2188 4347 2516 4420 vicesimo
2570 4346 2778 4418 tertio
2812 4345 2873 4436 5)
2930 4346 3180 4418 fuisset
3234 4366 3275 4416 a
3312 4345 3671 4436 plerisque
3726 4365 3976 4418 carna·

873 4462 1040 4534 liter
1095 4467 1164 4535 et
1218 4466 1486 4536 terrene
1541 4466 1977 4556 sapientibus
2033 4473 2476 4558 suggestum,
2534 4487 2621 4538 ne
2642 4465 2705 4555 6)
2761 4469 2905 4557 Ρῐσ
2941 4465 3418 4558 congregando
3474 4463 3788 4538 Concilio
3844 4487 3979 4536 na-

876 4587 1072 4654 varet
1127 4603 1437 4673 operam,
1511 4607 1684 4658 neve
1745 4585 2208 4676 personaliter
2271 4586 2642 4658 interesset
2704 4585 2849 4673 illi,
2924 4584 3429 4676 depositionem
3492 4605 3535 4656 a
3565 4585 3626 4672 ⁷)
3692 4586 3983 4676 Papatu

877 4705 949 4774 et
1001 4703 1340 4773 nonnulla
1402 4702 1542 4774 alia
1605 4703 1911 4776 ludibria
1984 4704 2136 4777 illic
2202 4710 2655 4796 excepturus:
2733 4705 3053 4776 omnibus
3117 4710 3383 4792 tamen,
3454 4726 3633 4797 quae
3695 4703 3982 4797 ingere·

877 4822 1156 4909 bantur,
1213 4821 1436 4894 nihilo
1501 4823 1771 4912 pensis,
1847 4845 2004 4895 cnm
2067 4825 2255 4896 omni
2320 4825 2514 4897 curia
2578 4845 2706 4896 sua
2770 4823 2985 4896 Italia
3050 4824 3423 4912 excedenS,
3493 4824 3984 4898 Constantiam

882 4940 1178 5013 Sueviae
1232 4942 1472 5014 urbem
1505 4942 1850 5033 ‚vigesima
1887 4943 2304 5016 Novembris
2360 4944 2676 5032 advenit,
2736 4945 3179 5035 adventuque
3220 4965 3346 5016 suo
3384 4943 3771 5016 Concilium
3810 4964 3982 5015 con-

1099 5230 1144 5306 ¹)
1190 5233 1559 5293 discesserat.
1610 5227 1760 5294 God.
1793 5230 1984 5294 Rozr.
2029 5235 2335 5310 processit.
2368 5231 2493 5296 Ed.
2529 5230 2708 5316 Lips.
2759 5232 2813 5310 ²)
2857 5239 3161 5310 portantes
3206 5231 3332 5295 Ed.
3366 5231 3546 5315 Εὗρε.
3596 5232 3649 5312 ³)
3682 5233 3997 5310 designati

889 5330 1042 5396 Cod.
1073 5331 1264 5396 Rozr.
1313 5332 1364 5412 ⁴)
1411 5336 1694 5396 facientes
1739 5334 1866 5398 Ed.
1899 5333 2079 5420 Lips,
2131 5335 2181 5416 ⁵)
2217 5337 2464 5396 Iohanni
2496 5339 2695 5414 Papae
2724 5337 2935 5398 XXIV.
2974 5331 3125 5400 Cod.
3157 5334 3348 5399 Rozr.
3398 5331 3454 5419 ⁸)
3502 5355 3578 5397 ne
3607 5338 3773 5414 Papa
3822 5331 3992 5399 Coa.

888 5434 1078 5498 Rozr.
1129 5435 1182 5516 ⁷)
1227 5439 1301 5498 de
1350 5433 1499 5500 Cod.
1530 5434 1722 5499 Rozr.
