4342 6384
868 572 1013 643 704
2036 588 2264 644 mnan
2316 574 2827 643 nnonncnms.
2873 530 2880 537 .
3401 563 3536 667 (Α.
3577 564 3672 641 Β.
3711 562 3978 663 1444.)

860 776 1168 863 firmato,
1244 773 1516 847 fortiori
1561 773 1789 849 milite
1835 778 1905 847 et
1967 774 2315 862 exercitu,
2390 775 2591 867 lapso
2645 773 3012 862 decennio,
3077 773 3345 846 bellum
3415 776 3654 863 posset
3721 776 3973 845 contra

862 895 1123 967 Turcos
1176 893 1593 967 instaurare.
1650 894 1739 967 In
1791 894 1979 965 hunc
2034 914 2310 985 quoque
2363 894 2675 984 modum,
2742 894 3022 968 Iuliano
3078 891 3434 965 Cardinali
3486 891 3972 985 nequidquam

859 1012 1309 1087 dissuadente
1326 1070 1343 1101 ,
1402 1034 1557 1087 cum
1613 1014 1991 1085 Turcorum
2045 1012 2336 1085 Caesare
2393 1018 2464 1085 et
2517 1013 2790 1086 nuntiis
2829 1012 2980 1086 suis
3015 1016 3404 1086 castrorum
3440 1013 3972 1089 restitutionem

862 1133 1049 1205 infra
1103 1136 1259 1206 octo
1314 1133 1465 1206 dies
1518 1128 2208 1225 repromittentibus,
2268 1132 2663 1207 Wladislao
2723 1134 2917 1226 Rege
2969 1132 3252 1224 publice
3305 1132 3392 1206 de
3445 1133 3752 1207 tenenda
3805 1153 3970 1203 cum

866 1254 1088 1326 Turco
1146 1254 1275 1326 sub
1330 1251 1849 1326 conditionibus
1902 1252 2311 1343 compositis
2364 1273 2536 1343 pace
2587 1253 3060 1326 iuramentum
3115 1256 3548 1343 praestante,
3609 1273 3753 1345 pax
3803 1273 3974 1324 con-

863 1374 1063 1444 clusa
1116 1374 1531 1465 firmataque
1586 1376 1718 1445 est.

863 1725 1277 1799 vlaclislau-
1320 1724 1555 1814 nego·
1601 1726 1753 1814 pont
1796 1724 2117 1795 firmatam
2158 1724 2525 1796 iuramento
2556 1740 2777 1813 paco·
2809 1740 2951 1797 cnm
2994 1723 3222 1813 ramo,
3268 1724 3569 1795 hortatur
3597 1724 3973 1797 nardium

864 1846 1240 1919 franciscus
1285 1844 1654 1934 praefectus
1709 1844 1946 1914 classis
2010 1842 2440 1933 apostolicae,
2509 1842 2833 1933 Principes
2886 1843 3228 1915 christiani
3282 1846 3353 1915 ot
3407 1842 3760 1933 inperator
3811 1844 3976 1916 Gon·

1532 1963 2167 2053 :mamutium
2220 1963 2304 2034 ad
2345 1963 2583 2035 bellun
2624 1962 3031 2035 inferendum
3073 1962 3312 2037 ancis.

1071 2213 1449 2283 Turcorum
1514 2208 1831 2283 Caesaris
1894 2209 2149 2301 legatis
2215 2210 2660 2284 conclusione
2719 2209 2915 2302 pacis
2977 2209 3221 2284 habita
3281 2209 3808 2283 discedentibus
3879 2231 3969 2282 ex

868 2330 1245 2425 Segedino,
1302 2330 1549 2403 literae
1602 2350 1645 2401 a
1680 2329 2055 2403 Francisco
2112 2334 2282 2403 tunc
2318 2330 2373 2420 1)
2429 2330 2674 2404 Sancti
2710 2329 3092 2403 Clementis
3140 2329 3492 2403 cardinali
3509 2385 3526 2418 ,
3583 2329 3973 2421 Capitaneo

867 2451 1117 2525 classis
1172 2449 1629 2541 apostolicae,
1686 2449 1859 2521 item
1912 2470 1953 2521 a
2006 2448 2301 2524 caeteris
2355 2450 2670 2523 Ducibus
2725 2449 3209 2541 Burgundiae,
3267 2443 3717 2523 Venetorum'
3743 2454 3818 2521 et
3849 2449 3972 2521 Ia-

864 2570 1237 2645 nuensium
1272 2570 1631 2661 galearum
1660 2566 1724 2659 2)
1780 2573 1852 2642 et
1886 2568 2174 2643 navium
2209 2570 2580 2661 praefectis
2618 2569 3036 2644 afferuntur:
3096 2568 3483 2643 exercitum
3521 2570 3772 2641 fortem
3809 2590 3972 2641 cum

865 2694 1091 2766 classe
1128 2690 1551 2763 instructum
1591 2708 1775 2778 esse,
1818 2694 1889 2763 et
1926 2710 2013 2762 ne
2048 2690 2261 2762 Turci
2297 2690 2375 2763 in
2408 2690 2824 2763 Romaniam
2855 2710 2944 2763 ex
2970 2689 3039 2762 N
3043 2690 3262 2764 atolia
3295 2692 3585 2781 possent
3611 2688 3971 2776 traiicere,

867 2809 1294 2883 sufficienter
1346 2807 1763 2900 providisse.
1818 2809 2139 2901 Rogatur
2191 2810 2368 2900 ipsis
2421 2809 2653 2883 literis
2708 2811 2901 2884 Rex:
2957 2813 3041 2882 ut
3085 2809 3420 2881 virtutem
3457 2812 3770 2899 praestet
3805 2828 3970 2898 pro-

866 2930 1105 3003 missis
1160 2934 1231 3002 et
1275 2927 1599 3001 celeriter
1634 2927 1707 3000 in
1745 2927 2157 3000 Romaniam
2193 2932 2594 3001 terrestrem
2632 2928 3018 3001 exercitum
3055 2928 3388 3015 adducat,
3446 2926 3652 3000 facile
3687 2947 3967 2999 omnem

868 3051 1249 3141 Europam,
1308 3047 1371 3120 si
1422 3048 1711 3139 paulum
1766 3045 2155 3135 adnitatur,
2221 3047 2633 3138 praesertim
2687 3068 2845 3121 cum
2898 3068 3122 3121 vacua
3175 3047 3301 3136 sit,
3358 3048 3739 3119 Turcornm
3797 3046 3968 3120 Cae-

868 3189 1021 3241 sare
1084 3168 1159 3241 in
1212 3166 1501 3240 Natolia
1552 3166 1820 3240 bellum
1875 3166 2198 3239 omnibus
2252 3166 2476 3259 copiis
2549 3186 2705 3240 cum
2779 3167 3142 3259 Thartaris
3213 3170 3494 3259 agente,
3567 3168 3972 3260 recuperari

867 3310 1095 3380 posse.
1152 3286 1544 3378 Imperator
1602 3290 1961 3377 praeterea
2024 3286 2844 3379 Constantinopolitanus
2907 3288 3257 3360 Iohannes
3319 3288 3724 3379 Palaeologi
3753 3286 3818 3377 ³)
3871 3288 3965 3360 li-

867 3413 1055 3481 teras
1110 3406 1504 3479 Wladislao
1559 3405 1739 3497 Regi
1796 3404 2089 3497 speciali
2141 3406 2392 3479 nuntio
2428 3406 2684 3497 mittit,
2745 3407 3122 3480 maximam
3159 3428 3354 3499 spem
3392 3408 3728 3481 victoriae
3763 3414 3838 3481 et
3871 3408 3964 3478 li-

864 3526 1247 3601 berationis
1301 3526 1621 3617 Europae
1672 3525 2201 3617 repromittens,
2257 3526 2779 3619 cavendumque
2833 3549 2876 3599 a
2929 3528 3130 3600 falsis
3185 3532 3256 3601 et
3308 3527 3494 3600 fictis
3547 3526 3742 3619 pacis
3795 3548 3965 3599 con-

866 3646 1303 3719 clusionibus
1354 3665 1479 3738 per
1530 3646 1831 3717 Turcum
1885 3644 2163 3735 petitis,
2222 3646 2646 3736 persuadens
2701 3651 2773 3719 et
2824 3667 3110 3739 rogans,
3167 3668 3252 3719 ne
3305 3646 3602 3739 gloriam
3655 3667 3852 3718 suam
3885 3652 3968 3717 et

868 3769 1121 3840 famam
1178 3765 1671 3857 sempiternam
1726 3764 1813 3837 ad
1867 3763 2280 3839 abolendam
2333 3766 2555 3838 totius
2609 3766 3169 3839 Christianitatis
3222 3765 3682 3839 inveteratam
3725 3786 3962 3839 macn-

866 3887 1006 3959 lam
1062 3886 1364 3958 dilatum
1420 3884 1509 3957 iri
1562 3884 1898 3976 patiatur.
1954 3884 2048 3957 Et
2100 3890 2182 3958 ut
2234 3906 2348 3959 res
2403 3886 2634 3959 notior
2671 3886 2798 3975 sit,
2856 3887 3128 3977 copiam
3164 3886 3412 3961 literae
3439 3886 3504 3976 ⁴)
3557 3885 3964 3958 huiusmodi

867 4005 1307 4079 inserendam
1361 4003 1719 4076 duximus.

1087 4124 1588 4215 „Serenissime
1642 4128 1713 4199 et
1750 4124 2344 4197 excellentissime
2375 4124 2436 4214 5)
2492 4124 2858 4218 Princeps!
2933 4126 3071 4198 Per
3123 4126 3427 4199 reditum
3473 4126 3692 4218 legati
3737 4126 3962 4197 nostri

877 4245 1005 4334 „ab
1060 4244 1503 4317 Excellentia
1538 4248 1806 4333 vestra,
1862 4243 2258 4344 recep-imus
2312 4244 2557 4317 literas
2613 4234 3005 4319 Maiestatis
3061 4250 3369 4335 vestrae,
3407 4246 3482 4317 in
3520 4266 3812 4337 quarum
3849 4265 3958 4317 se-

877 4366 1021 4455 „rie
1074 4369 1145 4438 et
1198 4363 1423 4437 nostri
1478 4364 1774 4436 oratoris
1830 4364 2062 4438 verbis
2128 4363 2459 4437 certiores
2523 4364 2781 4438 redditi
2837 4386 3112 4454 sumuS,
3178 4386 3304 4438 vos
3360 4365 3620 4457 optime
3675 4370 3748 4437 et
3802 4366 3956 4437 feli·

877 4484 1093 4574 „citer
1146 4485 1401 4557 valere.
1461 4483 1611 4574 Qua
1665 4483 1747 4556 de
1800 4504 1875 4558 re
1926 4483 2181 4557 nedum
2245 4504 2408 4573 noS,
2475 4484 2597 4557 sed
2652 4490 2740 4557 et·
2777 4504 3014 4557 omnes
3077 4484 3441 4576 Principes
3505 4484 3958 4557 Christicolae

878 4604 1169 4695 „laetari
1223 4602 1605 4695 plurimum
1659 4602 1944 4691 debent,
2004 4623 2490 4694 summumque
2543 4624 2774 4677 rerum
2812 4603 3121 4676 omnium
3160 4604 3476 4695 opificem
3513 4624 3594 4677 ac
3633 4604 3956 4677 factorem

876 4726 1143 4814 „Deum
1182 4744 1377 4796 orare
1414 4726 1487 4796 et
1522 4722 1881 4795 obsecrare
1928 4722 2145 4812 votiS,
2197 4723 2484 4796 ieiuniis
2533 4728 2602 4796 et
2639 4723 3106 4813 orationibuS,
3147 4724 3626 4815 desistereque
3664 4726 3948 4796 honeste

879 4863 1058 4934 „non
1112 4848 1440 4935 possunt,
1497 4848 1579 4915 ut
1632 4843 1873 4914 salvus
1930 4842 2121 4931 sitis,
2181 4844 2485 4935 primum
2540 4843 2706 4934 quia
2743 4844 3388 4917 christianissimus
3443 4845 3654 4933 estis;
3709 4844 3951 4915 dehinc

878 4968 1205 5055 „propter
1236 4970 1467 5036 rerum
1506 4961 1883 5035 maximam
1918 4963 2456 5055 praeteritarum
2492 4970 2850 5056 gestarum
2886 4964 3184 5057 gloriam
3211 4970 3283 5036 et
3310 4965 3700 5037 futurarum
3739 4963 3948 5036 incre-

1092 5235 1131 5313 ¹)
1178 5236 1334 5296 tituli
1384 5230 1535 5298 cod.
1582 5234 1758 5299 Kost.
1808 5234 1861 5315 ⁹)
1895 5237 2297 5297 Genuensium
2307 5282 2328 5314 ,
2377 5237 2681 5297 Gallorum
2709 5233 2838 5297 Ed.
2885 5233 3067 5319 Lips.
3118 5236 3170 5317 ³)
3201 5238 3594 5313 Palacologns
3621 5233 3748 5298 Ed.
3780 5233 3946 5317 Lips.

873 5333 929 5417 ⁴)
972 5338 1275 5398 literarum
1318 5336 1445 5400 Ed.
1493 5335 1675 5422 Lips.
1726 5338 1776 5417 ⁶)
1823 5346 2001 5415 atque
2046 5341 2444 5400 illustrissime
2487 5338 2615 5402 Ed.
2662 5336 2845 5422 Lips.
