4342 6384
358 547 492 653 (Α.
533 550 622 627 D.
665 548 918 648 1428.)
1525 566 1752 627 LIBER
1804 568 2263 627 munemne.
3306 554 3459 629 359

983 873 1190 944 Buces
1233 872 1558 945 laevino
1602 873 1906 945 roloniae
1949 872 2108 962 nugi
2151 874 2541 945 fidelitatem
2584 873 2829 946 iurant.

565 1121 675 1191 Ex
731 1120 976 1192 Maiori
1032 1118 1328 1190 Polonia
1379 1118 1818 1191 Wladislaus
1873 1119 2209 1193 Poloniae
2253 1120 2409 1193 Rex
2450 1120 2523 1192 in
2564 1125 2783 1195 terras
2821 1120 3313 1193 Craoovienses
3352 1142 3457 1194 re-

359 1260 638 1327 vel-sue,
703 1240 887 1312 diem
957 1239 1117 1312 festi
1181 1239 1712 1330 Assumptionis
1779 1240 2076 1313 Sanctae
2143 1240 2403 1333 Mariae
2444 1242 2497 1329 ¹)
2555 1241 2629 1312 in
2685 1240 2987 1315 Visli'eia
3050 1241 3457 1315 celebravit.

359 1362 467 1433 Ex
521 1360 822 1433 Vislieia
875 1380 1038 1432 vero
1075 1360 1150 1431 in
1188 1359 1698 1433 Sandomiriam
1753 1360 2126 1451 prooessit,
2186 1367 2256 1432 ot
2294 1361 2477 1433 diem
2516 1360 2937 1433 Nativitatis
2977 1360 3273 1434 Sanctae
3311 1362 3456 1434 Ma-

357 1479 504 1553 riae
558 1480 710 1552 illie
763 1480 931 1572 egit.
991 1480 1138 1571 Quo
1186 1501 1340 1552 eum
1391 1480 1478 1551 ad
1517 1500 1716 1552 suam
1755 1480 2219 1553 Serenitatem
2259 1480 2510 1553 Fotius
2542 1480 2605 1568 ²)
2660 1480 3225 1573 archiepiscopus
3263 1482 3455 1570 Kyo-

358 1601 659 1687 viensiS,
727 1600 1008 1672 natione
1054 1605 1124 1672 et
1161 1599 1304 1671 ritu
1370 1599 1708 1687 GraeeuS‚
1778 1620 1934 1671 cum
1999 1600 2367 1692 magnifico
2433 1605 2502 1672 et
2558 1601 2923 1691 splendido
2990 1606 3331 1693 apparatu
3386 1604 3459 1673 et

357 1720 656 1807 familia,
715 1720 802 1791 ad
857 1699 1364 1810 disponendum
1421 1725 1610 1791 oerta
1664 1720 1998 1819 ecelesiae
2055 1742 2221 1792 suae
2278 1720 2559 1812 negotia
2612 1719 2954 1809 venisset,
3012 1720 3258 1794 diebus
3295 1722 3453 1812 plu-

353 1840 550 1913 ribus
621 1840 998 1912 honorifice
1059 1838 1344 1911 habitus
1410 1844 1480 1912 et
1543 1839 1754 1930 pretii
1819 1839 1948 1911 alti
2017 1840 2423 1913 muneribus
2486 1840 2785 1912 donatus
2842 1846 2971 1913 est.
3039 1840 3154 1913 Ibi
3222 1843 3452 1913 Duces

283 1994 286 1996 “
355 1960 741 2048 Masoviae,
801 1960 1230 2047 SemovitnS,
1288 1959 1691 2031 Kazimirus
1727 1966 1801 2031 et
1839 1960 2243 2047 Boleslaus‚
2285 1960 2674 2033 Wladislao
2714 1961 2891 2053 Regi
2930 1966 3000 2033 et
3036 1962 3279 2053 Regno
3318 1962 3452 2033 Po·

355 2081 619 2169 loniae,
677 2081 750 2152 in
807 2101 1056 2152 corona
1111 2085 1180 2151 et
1235 2080 1662 2153 ornamentis
1716 2080 1929 2172 regiis
1986 2080 2060 2152 in
2117 2081 2424 2152 thalamo
2480 2080 2664 2153 eirea
2718 2081 2969 2153 turrim
3024 2082 3239 2155 castri
3276 2081 3451 2154 San-

359 2200 802 2273 domiriensis
857 2207 1302 2291 praeparato,
1361 2221 1518 2272 eum
1574 2200 1896 2271 omnibus
1953 2199 2103 2272 suis
2161 2200 2369 2272 terris
2416 2208 2486 2273 et
2524 2201 2817 2272 vasallis
2872 2203 3187 2273 fecerunt
3222 2202 3455 2293 publi-

361 2342 518 2393 cum
573 2320 942 2393 fidelitatis
999 2325 1068 2392 et
1123 2319 1578 2392 subiectionis
1635 2320 2068 2411 homagium,
2128 2318 2417 2391 vexillis
2474 2324 2616 2390 tam
2674 2320 2824 2392 suis
2882 2341 3088 2411 quam
3144 2342 3453 2408 suorum,

361 2463 497 2513 non
556 2440 708 2513 sine
771 2440 1216 2513 lacrimarum
1281 2438 1532 2528 imbre,
1599 2439 1673 2511 in
1737 2444 2112 2530 conspeetu
2167 2439 2384 2531 Regis
2440 2437 2681 2511 fractis
2738 2444 2808 2511 et
2859 2439 2932 2511 in
2989 2443 3244 2512 terram
3299 2460 3455 2531 pro·

361 2561 596 2648 ieeti8‚
663 2554 1000 2651 praestito
1065 2559 1462 2632 immediate
1525 2559 1890 2633 fidelitatis
1957 2560 2301 2651 corporali
2368 2558 2779 2632 iuramento.
2850 2560 2959 2631 Ex
3016 2558 3457 2632 Sandomiria

363 2681 516 2753 Rex
572 2680 644 2751 in
699 2680 971 2753 Novam
1025 2680 1388 2753 civitatem
1445 2678 1756 2751 divertit.
2747 2669 2757 2675 ’

787 3033 1152 3105 stanislaus
1198 3033 1478 3124 Oxyolek
1521 3034 1590 3105 in
1636 3034 2004 3125 episcopum
2048 3034 2550 3115 romanianu-
2594 3036 3035 3107 consecratur.

573 3283 947 3355 Miroslaus
1005 3281 1370 3373 episcopus
1425 3281 1929 3363 Posnaniensis
1983 3283 2249 3360 Romae
2304 3282 2634 3369 moritur,
2694 3287 2765 3354 et
2816 3282 2889 3353 in
2946 3280 3240 3353 eeclesia
3287 3279 3459 3352 San-

365 3408 518 3477 ctae
573 3404 832 3475 Mariae
887 3402 970 3475 de
1031 3402 1330 3491 Populo,
1388 3401 1462 3473 in
1517 3406 1714 3491 parte
1769 3400 2020 3474 dextra
2073 3402 2321 3473 altaris
2376 3400 2661 3473 maioris
2716 3400 3109 3473 honorifica·
3152 3400 3459 3471 tumula-

366 3528 484 3594 tus
541 3529 649 3595 est
703 3523 1089 3621 sepultura.
1155 3521 1327 3592 Post
1391 3521 1592 3593 euius
1658 3526 1982 3609 mortem,
2046 3541 2174 3611 per
2233 3519 2615 3592 Martinum
2680 3520 2977 3610 Papam,
3044 3518 3131 3589 ad
3184 3519 3462 3591 crebras

363 3640 743 3733 petitiones
802 3640 1177 3713 Wladislai
1208 3638 1270 3729 ³)
1326 3640 1577 3732 Regis,
1647 3640 2048 3713 Stanislaus
2111 3640 2412 3731 Czyolek
2473 3639 2701 3731 Regni
2756 3638 3089 3711 Poloniae
3143 3638 3459 3712 vicecan-

365 3762 696 3835 eellarius
753 3761 837 3834 de
894 3760 1357 3833 Posnaniensi
1413 3760 1708 3833 eeclesia
1761 3761 2088 3852 provisus
2127 3764 2267 3848 est,
2308 3764 2377 3832 et
2412 3780 2454 3831 a
2489 3757 2793 3851 Sbigneo
2834 3757 3275 3830 Craooviensi
3314 3758 3458 3849 epi·

368 3901 576 3972 scopo
633 3880 708 3951 in
755 3880 957 3952 Nova
1010 3880 1302 3952 civitate
1355 3879 1694 3965 Korozin,
1751 3879 1862 3952 die
1919 3879 2110 3952 Solis
2148 3878 2483 3952 vieesima
2518 3898 2701 3949 nona
2740 3877 3079 3971 Augusti,
3138 3877 3211 3949 in
3265 3898 3461 3969 prae·

365 4000 596 4071 sentia
650 3999 868 4091 Regis
923 4004 1399 4073 consecratus:
1467 3998 1726 4071 nobilis
1791 4000 1874 4072 de
1930 4000 2129 4072 domo
2195 4001 2612 4087 Taurorum,
2680 4019 2771 4071 ex
2834 4002 3033 4090 patre
3102 3997 3459 4069 Stanislao

367 4118 596 4190 milite
665 4118 751 4189 de
824 4116 1244 4189 Ostrolauka
1282 4118 1377 4206 4),
1453 4117 1734 4190 natione
1807 4118 2397 4207 Saudomiriensi,
2472 4124 2620 4191 arte
2691 4118 2969 4208 poetica
3042 4117 3463 4189 naturaliter

363 4239 667 4330 pollens,

476 4595 571 4672 Aa
613 4614 841 4689 precox
885 4594 1272 4687 sigimundi
1316 4592 1738 4667 Romanorum
1784 4595 1856 4668 et
1897 4592 2261 4685 ungariae
2304 4592 2501 4685 Regis
2540 4595 2911 4667 cenventus
2952 4591 3022 4666 in
3067 4590 3357 4665 Lumko

1754 4716 2084 4788 indicitur.

577 4964 687 5039 Ex
741 4962 944 5038 Nova
997 4962 1285 5037 civitate
1323 4962 1479 5037 Rex
1517 4960 1590 5037 in
1631 4959 2172 5050 Saudomiria-m,
2232 4958 2486 5036 exinde
2524 4961 2597 5034 in
2634 4956 3136 5037 Lubliuensem
3174 4962 3245 5033 et
3280 4956 3466 5034 Rus·

368 5084 522 5159 siae
573 5091 798 5159 terras
855 5084 1312 5172 descendens,
1369 5106 1492 5175 pro
1547 5082 1662 5155 die
1717 5082 1956 5155 Sancti
2013 5082 2300 5155 Martini
2358 5082 2431 5153 in
2486 5077 3025 5173 Nyepolomieze
3080 5100 3168 5152 ex
3208 5078 3470 5153 Russia

591 5358 634 5437 ¹)
679 5358 738 5418 S.
787 5358 1010 5418 Mariae
1053 5358 1318 5433 VirgInis
1387 5354 1537 5418 Ood.
1595 5353 1786 5419 Rozr.
1837 5354 1889 5435 ²)
1933 5354 2223 5417 Photinus
2273 5348 2426 5417 Cod.
2477 5350 2666 5417 Rozr.
2724 5352 2779 5435 ³)
2824 5354 3139 5415 wladislai
3184 5349 3355 5415 deest
3398 5351 3472 5416 in

373 5458 532 5527 Cod.
583 5457 760 5523 Calv.
809 5458 861 5539 ⁴)
911 5460 1229 5523 Ostroleka
1275 5455 1429 5522 Cod.
1477 5457 1652 5525 Koet.
2210 5448 2215 5451 ¹
