4342 6384
375 587 509 693 (Α.
539 585 631 662 D.
673 588 928 687 1435.)
1548 611 1775 664 manu
1826 609 2340 692 Duonncmns.
3327 593 3476 666 569

378 797 819 881 militabant;
892 796 978 868 de
1033 794 1287 889 oppido
1353 816 1629 888 quoque
1696 796 2051 869 Chosczno
2090 798 2170 887 ¹),
2240 798 2425 888 quod
2491 798 2810 890 Regnum
2878 798 3194 886 tenebat,
3273 797 3494 876 maior

372 917 953 1012 interponebatur
1004 915 1422 1005 difficultas,
1479 920 1852 1007 propterea
1888 917 2073 1008 quod
2108 917 2380 991 nobiles
2435 917 2776 1008 praedicti
2813 917 3011 1010 prius
3051 919 3234 990 velle
3272 919 3472 1004 mori,

374 1059 581 1130 quam
638 1060 681 1111 a
734 1038 868 1110 fide
924 1041 996 1110 et
1050 1036 1385 1109 societate
1440 1037 1668 1128 Regni
1721 1036 2057 1109 Poloniae
2111 1037 2452 1110 desistere
2482 1035 2569 1129 ²),
2639 1058 2794 1110 cum
2852 1059 3104 1131 magna
3157 1038 3487 1111 lacrima-

375 1179 529 1231 rum
586 1158 921 1231 effusione
975 1155 1419 1230 astruebant:
1497 1156 1881 1230 difficultas
1936 1158 2109 1230 haec
2168 1157 2474 1250 primum
2531 1157 2846 1230 honestis
2903 1157 3127 1230 modis
3193 1158 3268 1230 in
3322 1179 3486 1231 con-

375 1278 763 1352 ditionibus
818 1277 1013 1371 pacis
1050 1281 1429 1369 perpetuae
1484 1275 1839 1368 expressis
1880 1277 2161 1350 sublata
2217 1283 2288 1350 et
2323 1279 2736 1350 concordata
2774 1283 2914 1366 est,
2970 1278 3484 1369 praedictorum

376 1399 588 1470 etiam
642 1398 985 1471 nobilium
1042 1395 1413 1469 accedente
1476 1396 1687 1468 laudo
1742 1401 1813 1470 et
1868 1417 2236 1470 consensu.
2304 1397 2371 1470 N
2377 1418 2464 1469 on
2519 1396 2746 1469 minor
2797 1401 3032 1470 tamen
3097 1403 3347 1491 expost
3401 1397 3486 1468 de

378 1518 832 1609 pecuniarum
886 1515 1189 1588 notabili
1244 1537 1547 1604 summa,
1606 1537 1813 1608 quam
1870 1517 2190 1609 Regnum
2245 1517 2528 1609 petebat
2581 1538 2624 1589 a
2659 1517 3059 1605 cruciferis,
3115 1523 3490 1609 propterea

380 1639 565 1729 quod
619 1658 860 1729 pacem
916 1639 1327 1729 perpetuam
1383 1636 1804 1724 violassent3
1862 1637 1945 1709 de
1983 1637 2262 1710 Ducatu
2301 1636 2554 1730 Magno
2609 1637 3069 1725 Lithuaniae‚
3127 1659 3214 1710 ne
3268 1637 3486 1710 alium

378 1779 502 1849 pro
540 1759 733 1832 Duce
786 1755 1038 1849 Magno
1093 1754 1517 1828 Lithuaniae
1570 1761 2011 1849 reputarent,
2069 1763 2278 1848 quam
2334 1756 2574 1845 illum,
2633 1757 2757 1848 qui
2813 1762 3000 1830 esset
3052 1777 3178 1848 per
3211 1757 3476 1848 Regem

373 1877 710 1951 Poloniae
747 1876 1159 1963 institutus3
1198 1875 1421 1966 deque
1452 1873 1513 1964 ³)
1553 1875 1799 1948 multis
1837 1876 2001 1949 aliis
2040 1875 2329 1949 suborta
2367 1881 2476 1949 est
2513 1877 2932 1950 difficultas:
2991 1877 3377 1967 multisque
3415 1880 3506 1948 ot·

376 1998 701 2090 pluribus
757 1996 1033 2070 vicibus
1087 1999 1358 2089 partes,
1414 2017 1489 2068 re
1544 1995 1833 2083 infecta,
1891 1995 2248 2069 discedere
2299 1998 2674 2090 parabant,
2731 1994 3112 2088 aliquoties
3165 2003 3237 2069 et
3283 1996 3481 2069 fami-

375 2118 601 2208 liares,
644 2121 714 2191 et
752 2137 999 2190 currus
1054 2115 1140 2188 de
1178 2116 1589 2207 Brzesczye,
1649 2135 1765 2188 eos
1803 2115 2246 2189 subsecuturi
2301 2116 2788 2206 remittebant,
2845 2116 2989 2189 nisi
3027 2116 3214 2189 cives
3268 2117 3484 2188 Prus-

377 2237 557 2326 siae,
616 2236 871 2329 quibus
926 2234 1293 2308 molestior
1342 2255 1597 2327 guerra
1651 2235 1807 2308 visa
1860 2239 2001 2322 est,
2059 2241 2328 2328 partem
2387 2257 2583 2309 suam
2642 2237 2998 2328 suscipere
3051 2234 3478 2328 aequitatem

377 2357 793 2450 coegissent.
868 2355 1207 2430 Omnibus
1262 2357 1543 2428 tandem
1598 2355 2037 2429 concordatis
2092 2355 2672 2445 difficultatibus,
2729 2377 2872 2448 pax
2927 2361 3266 2448 perpetua
3321 2375 3486 2428 con-

374 2477 575 2550 clusa
628 2483 701 2550 et
753 2478 1027 2549 firmata
1082 2481 1191 2550 est
1244 2474 1319 2548 in
1373 2474 1625 2568 vigilia
1678 2474 2247 2549 Circumcisionis
2304 2475 2619 2565 Domini,
2677 2480 2748 2550 et
2799 2475 2876 2548 in
2931 2474 3228 2548 ecclesia
3279 2495 3481 2567 paro-

373 2595 591 2669 chiali
665 2595 739 2668 in
815 2597 1235 2687 Brzesczye,
1312 2595 1541 2687 quoad
1603 2596 1927 2688 Regnum
1990 2615 2117 2687 per
2179 2617 2516 2689 organum
2590 2595 2880 2687 Sbignei
2951 2594 3261 2688 episcopi
3325 2595 3484 2667 Cra-

373 2716 757 2806 coviensis,
834 2737 971 2808 quo
1037 2737 1199 2790 vero
1264 2716 1351 2788 ad
1418 2720 1675 2788 terram
1737 2715 2070 2789 Prussiae
2140 2737 2266 2808 per
2328 2737 2665 2809 organum
2737 2714 3098 2788 Francisci
3171 2713 3482 2805 episcopi

373 2835 841 2909 Warmiensis
878 2835 1261 2928 publicata,
1303 2837 1373 2907 et
1408 2855 1531 2927 per
1568 2835 1671 2907 To
1711 2836 1961 2907 Deum
2016 2836 2450 2908 laudamus
2488 2835 2839 2908 canticum
2875 2835 3275 2927 persolutae
3313 2834 3481 2916 Deo,

362 2957 499 3048 ‘qui
554 2955 627 3028 in
682 2954 1105 3028 sublimibus
1160 2955 1329 3028 facit
1366 2954 1836 3043 concordiam,
1892 2955 2280 3048 gratiarum
2335 2955 2672 3044 actioneS,
2728 2977 2867 3027 non
2908 2954 3060 3028 sine
3097 2955 3478 3026 multorum

374 3076 711 3150 effusione
768 3073 1246 3163 lacrimarum,
1314 3074 1570 3166 quibus
1626 3079 1924 3166 utraque
1978 3096 2141 3167 pars
2196 3076 2542 3149 horrenda
2594 3075 2939 3148 bellorum
3007 3073 3305 3147 deflebat
3359 3092 3478 3144 ex-

373 3197 581 3270 cidia.
657 3194 1107 3269 conditiones
1174 3217 1413 3268 omnes
1466 3195 1661 3287 pacis
1727 3200 1897 3268 tuno
1960 3201 2157 3268 erant
2223 3201 2294 3268 et
2349 3195 2729 3288 inscriptae
2795 3199 2868 3267 et
2920 3190 3239 3281 limatae,
3309 3213 3484 3283 quas

373 3337 533 3389 cum
598 3337 739 3388 una
800 3315 1199 3388 membrana
1262 3335 1511 3407 capere
1571 3335 1707 3386 non
1772 3322 2045 3406 posset,
2120 3336 2260 3387 uno
2325 3314 2682 3389 volumine
2749 3313 2871 3387 vix
2945 3314 3483 3406 comprehensae

374 3443 575 3509 sunt:
632 3435 816 3508 unde
872 3439 941 3510 et
976 3434 1319 3523 Praelati‚
1377 3435 1809 3526 baronesque
1861 3434 2091 3527 Regni
2130 3433 2466 3508 Poloniae
2504 3436 2823 3508 feruntur
2861 3433 3246 3520 Praelatis,
3286 3431 3481 3504 Com-

374 3557 900 3631 mendatoribus
964 3560 1035 3630 et
1088 3554 1445 3628 nobilibus
1508 3559 1720 3646 atque
1782 3553 2057 3628 civibus
2110 3555 2446 3628 Prussiae
2511 3553 2813 3641 dixisse,
2881 3558 2952 3626 et
3005 3553 3172 3625 illos
3229 3553 3479 3624 exhor-

372 3682 563 3749 tatos
626 3697 811 3764 esse,
886 3681 967 3746 ut
1028 3695 1269 3767 pacem
1332 3679 1503 3748 tunc
1564 3675 1947 3749 confectam
2020 3675 2451 3763 accuratiuS,
2524 3673 2944 3765 fideliusque
3015 3672 3476 3756 custodirent,

376 3818 587 3888 quam
642 3795 909 3888 priores
938 3795 1026 3884 ⁴),
1085 3816 1245 3868 cum
1280 3796 1453 3870 haec
1506 3795 1689 3867 libro
1744 3816 1881 3866 uno
1940 3795 2204 3886 scripta
2243 3795 2370 3882 sit,
2428 3799 2741 3868 caeterae
2797 3793 3061 3866 chartis
3117 3796 3188 3865 et
3225 3791 3483 3882 literis,

374 3917 815 3989 Tractatores
846 3920 1079 3988 autem
1118 3914 1311 4007 pacis
1348 3915 1747 4007 praedictae
1776 3919 2007 3988 erant:
2048 3914 2389 3989 Albertus
2427 3913 2992 4006 archiepiscopus
3023 3911 3478 3998 Gnesnensis,

372 4036 726 4128 Sbigneus
781 4033 1293 4124 cracoviensis,
1354 4034 1793 4108 wladislaus
1848 4034 2506 4122 Wladislaviensis,
2573 4033 2916 4126 episcopi3
2992 4032 3342 4104 Iohannes
3397 4031 3482 4102 de

372 4157 629 4229 Lichin
684 4154 1161 4242 BrzestensiS,
1218 4155 1563 4228 Iarandus
1619 4155 1703 4228 de
1738 4155 2119 4228 Brudzewo
2176 4152 2968 4240 Iuniwladislaviensis,
3023 4151 3356 4244 palatini,
3409 4155 3482 4222 et

370 4275 886 4368 Dobrogostius
956 4274 1041 4347 de
1106 4275 1543 4348 Schamotuli
1616 4274 2119 4348 Posnaniensis
2183 4275 2646 4361 castellanus,
2723 4293 2899 4364 quos
2965 4271 3336 4364 dignitatis
3409 4275 3480 4344 et

366 4395 659 4468 honoris
714 4415 927 4468 causa
962 4393 1273 4466 nomino:
1332 4394 1445 4467 illi
1482 4394 1667 4468 enim
1724 4394 1877 4468 sine
1914 4394 2153 4486 aliquo
2192 4393 2499 4480 fastidio,
2555 4413 2780 4485 usque
2834 4392 2921 4465 ad
2961 4392 3241 4464 finalem
3279 4389 3476 4480 pacis

368 4515 893 4612 conclusionem
958 4515 1529 4605 perseverabant,
1604 4514 1837 4588 omnia
1900 4514 2111 4586 utilia
2183 4535 2306 4606 pro
2371 4513 2894 4586 conditionibus
2959 4511 3154 4604 pacis
3227 4507 3474 4600 exqui-

366 4635 612 4709 rendo.
670 4634 970 4708 Duravit
1024 4638 1259 4706 autem
1314 4634 1509 4726 pacis
1564 4639 1909 4706 tract-atus
1963 4656 2005 4706 a
2060 4637 2238 4706 festo
2295 4632 2537 4706 Sancti
2592 4632 2659 4705 N
2665 4631 2870 4724 icolai
2927 4651 3150 4723 usque
3202 4628 3290 4702 ad
3328 4628 3474 4701 Cir-

368 4754 825 4828 cumcisionis
880 4753 1163 4826 Domini
1218 4753 1425 4828 diem.
2235 4763 2244 4770 ’

595 5027 639 5107 ¹)
684 5029 965 5090 Thoczuo
1009 5025 1135 5090 Ed.
1181 5025 1363 5110 Lips.
1410 5025 1827 5106 (Arnswalde).
1900 5025 1955 5107 ²)
2001 5028 2332 5088 desciscere
2379 5023 2505 5089 Ed.
2555 5023 2733 5108 Lips.
2799 5023 2854 5102 ³)
2899 5029 3078 5099 atque
3121 5020 3248 5084 Ed.
3295 5019 3478 5104 Lipe.

364 5132 433 5216 ⁴)
478 5132 733 5210 priorem
778 5129 903 5192 Ed.
954 5129 1132 5212 Lips.

424 5643 479 5688 3.
504 5643 697 5694 munos.
722 5643 845 5684 moe.
872 5643 1033 5684 roien.
1060 5641 1112 5683 τ.
1138 5641 1217 5684 1v.
1642 5652 1649 5660 ·
3103 5619 3172 5680 '22
