4342 6384
841 478 991 599 310
1750 550 1756 555 ·
2007 552 2234 603 menn
2286 552 2743 603 unnncmus.
3368 527 3499 629 (Α.
3540 530 3633 603 D.
3676 528 3911 628 1422.)

839 754 1084 825 scopos
1128 732 1508 807 Primatem
1567 734 1852 807 titulare
1905 736 2164 827 coepit,
2221 740 2507 828 propter
2557 736 3089 828 Leopoliensem
3145 737 3586 829 metropolim
3642 758 3729 810 ex
3780 738 3909 809 Ha-

838 852 1116 927 liciensi
1152 852 1439 928 civitate
1475 855 1922 943 translatam,
1982 856 2110 927 sub
2140 854 2197 945 ¹)
2234 856 2665 947 temporibus
2704 878 2953 948 parum
2990 862 3151 929 ante
3181 857 3555 931 transactis
3604 860 3911 930 erectam.

1123 1208 1422 1280 Albertus
1465 1209 1984 1299 lastrzmbyeoz
2033 1212 2102 1281 et
2147 1210 2460 1299 zbigneus
2506 1211 2588 1282 de
2633 1210 3047 1283 oleschnien
3091 1211 3174 1283 nd
3218 1212 3657 1283 fluesnennem

1794 1330 2414 1421 archiepiscopatum
2461 1331 2981 1403 denominantur.

1048 1574 1466 1668 Priusquam
1522 1598 1608 1650 ex
1665 1577 2044 1651 Lubicensi
2099 1578 2557 1652 conventione
2594 1578 2979 1651 discessum
3020 1580 3228 1665 foret,
3286 1578 3621 1650 Albertus
3653 1575 3719 1665 2)
3774 1577 3924 1648 Cra-

841 1695 1186 1768 coviensis
1250 1696 1651 1788 episcopuS,
1719 1698 2112 1789 caeterique
2176 1697 2565 1771 consiliarii
2629 1698 2858 1790 Regni
2922 1697 3288 1785 Poloniae,
3367 1717 3639 1769 omnem
3704 1716 3927 1768 rerum

841 1814 1263 1907 positionem
1317 1820 1526 1906 atque
1581 1817 1827 1889 faciem
1881 1839 2038 1890 cum
2094 1817 2443 1890 Praelatis
2499 1824 2569 1890 et
2621 1817 2999 1890 baronibus
3055 1816 3461 1909 Hungariae
3506 1820 3927 1901 contextam,

846 1934 1113 2007 obitum
1169 1935 1456 2027 insuper
1508 1935 1790 2009 Nicolai
1844 1938 2274 2011 Gnesnensis
2330 1938 2869 2029 archiepiscopi,
2927 1936 3141 2009 misso
3198 1936 3488 2027 speciali
3540 1934 3796 2007 nuntio
3862 1934 3931 2006 in

844 2054 1210 2127 Podwodis
1265 2056 1794 2129 Bartholomaeo
1833 2057 2134 2131 Obulecz
2169 2056 2256 2148 3),
2313 2079 2436 2149 per
2472 2058 2715 2130 literas
2754 2078 2917 2129 suas
2954 2056 3347 2129 Wladislao
3385 2054 3725 2128 Poloniae
3761 2053 3933 2145 Regi

848 2172 1278 2265 significant,
1351 2196 1728 2266 precesque
1793 2181 1863 2250 et
1925 2178 2459 2250 intercessiones
2532 2177 2904 2249 adiiciunt:
2981 2180 3325 2267 quatenus
3400 2174 3784 2265 Sbigneum
3856 2174 3935 2245 de

847 2292 1298 2365 Oleschnicza
1368 2295 1853 2385 Praepositum
1910 2296 2150 2369 Sancti
2202 2295 2547 2383 Floriani,
2618 2295 3066 2369 secretarium
3122 2316 3359 2380 suum,
3418 2292 3505 2365 ad
3560 2292 3931 2365 ecclesiam

719 2486 722 2493 ,
849 2412 1322 2486 Gnesnensem
1387 2414 1792 2507 dignaretur
1855 2437 2290 2507 promovere,
2359 2419 2481 2487 aut
2544 2417 2797 2488 saltem
2860 2415 3361 2507 promotionem
3426 2413 3651 2504 ipsam
3718 2434 3937 2503 usque

847 2532 936 2602 ad
987 2532 1290 2605 reditum
1347 2555 1549 2606 suum
1605 2534 1680 2606 in
1733 2536 2094 2608 Poloniam
2158 2535 2457 2608 differre.
2526 2536 2685 2608 Non
2749 2536 2981 2608 minus
3045 2534 3224 2626 Regi
3278 2533 3671 2606 Wladislao
3732 2554 3937 2623 quam

848 2650 1273 2725 consiliariis
1343 2674 1640 2745 persona
1712 2654 1998 2747 Sbignei
2062 2655 2146 2727 de
2201 2655 2655 2729 Oleschnicza
2722 2656 3078 2746 placebat,
3165 2654 3595 2744 evehereque
3657 2658 3731 2725 et
3786 2653 3937 2724 Rex

850 2770 1229 2863 Sbigneum
1283 2773 1358 2845 in
1387 2774 1450 2862 4)
1505 2773 1784 2846 culmen
1834 2774 2235 2867 pontificale
2290 2775 2692 2863 aestuabat3
2748 2796 2991 2848 verum
3044 2773 3447 2847 Alexander
3494 2772 3935 2846 Withawdus

849 2892 1012 2962 Dux
1075 2892 1372 2983 Magnus
1434 2894 1856 2968 Lithuaniae
1917 2895 1992 2966 in
2049 2895 2430 2988 Sbigneum
2494 2895 2578 2967 de
2645 2895 3099 2967 Oleschnicza
3160 2898 3556 2985 propterea,
3624 2892 3814 2983 quod
3866 2891 3935 2961 in

849 3008 1043 3101 pacis
1097 3015 1474 3101 perpetuae
1529 3014 1712 3103 apud
1767 3014 1996 3087 Melno
2051 3016 2285 3088 lacum
2339 3013 2579 3087 habito
2635 3017 2977 3102 tractatu,
3034 3035 3121 3086 ne
3158 3014 3636 3086 molendinum
3674 3010 3931 3084 Lubicz

851 3128 1188 3221 Magistro
1245 3135 1314 3203 et
1367 3132 1611 3205 Ordini
1673 3133 1876 3207 iuxta
1937 3135 2164 3226 ipsius
2227 3134 2617 3209 Alexandri
2681 3133 3064 3207 Withawdi
3128 3133 3345 3206 Ducis
3412 3134 3690 3205 fervens
3755 3130 3929 3203 desi-

855 3247 1126 3322 derium
1181 3250 1708 3343 inscriberetur,
1771 3254 1966 3346 pacis
2023 3256 2335 3328 existens
2390 3255 2681 3343 arbiter,
2746 3254 3235 3345 impediverat,
3300 3254 3751 3325 vehementer
3802 3250 3931 3322 ira·

848 3373 999 3458 tuS,
1055 3372 1491 3462 propositum
1544 3374 1792 3465 Regis,
1849 3376 2207 3465 praefatus
2262 3376 2534 3447 hostem
2591 3396 2796 3446 suum
2835 3396 2973 3445 non
3010 3372 3381 3446 convenire
3420 3370 3683 3458 efferri,
3742 3392 3937 3442 aver·

849 3492 1064 3578 terat,
1132 3494 1202 3563 et
1263 3492 1634 3565 Albertum
1665 3494 1725 3583 5)
1781 3494 2305 3568 cracoviensem
2380 3494 2782 3586 episcopum
2846 3493 2935 3565 ad
2998 3493 3473 3566 Gnesnensem
3545 3490 3937 3577 transferri,

851 3608 1234 3682 Iohannem
1290 3632 1453 3683 vero
1493 3612 2019 3706 Schaffranyecz
2074 3613 2303 3706 Regni
2340 3613 2673 3686 Poloniae
2710 3612 3364 3686 vicecancellarium
3403 3612 3489 3683 ad
3527 3610 3937 3683 cracovien-

851 3748 1027 3815 sem,
1086 3730 1448 3819 ecclesias‚
1509 3734 1895 3825 surrogari,
1952 3736 2144 3826 Rege
2180 3734 2549 3827 probante,
2608 3733 3042 3824 disponebat.
3102 3732 3215 3803 Ad
3252 3732 3655 3805 Gnesnense
3703 3730 3943 3820 itaque

851 3848 1286 3940 Capitulum,
1344 3852 1752 3926 electionem
1808 3854 2031 3926 futuri
2084 3853 2591 3944 archiepiscopi
2628 3874 2751 3943 pro
2789 3852 3341 3943 Epiphaniarum
3379 3851 3493 3923 die
3530 3849 3718 3941 apud
3760 3850 3942 3923 Gne-

853 3988 1051 4038 snam
1106 3970 1651 4061 celebraturum,
1711 3974 1957 4046 scribit
2010 3974 2450 4047 Wladislaus
2504 3975 2660 4046 Rex
2714 3972 2993 4059 literas,
3048 3972 3353 4063 rogando
3401 3976 3471 4043 et
3508 3969 3943 4042 exhortando

851 4086 1033 4157 illud
1063 4088 1150 4176 ⁶),
1209 4094 1552 4180 quatenus
1607 4094 1980 4165 Albertum
2017 4094 2570 4185 Iastrzambyecz
2610 4092 2684 4165 in
2722 4092 3321 4182 archiepiscopum
3373 4090 3772 4182 postulent3
3832 4090 3941 4160 Ia-

851 4205 1100 4278 cobum
1155 4229 1316 4281 vero
1371 4211 1717 4284 Przekora
1770 4213 1853 4284 de
1909 4213 2327 4304 Morawiany
2360 4213 2419 4301 ⁷)
2475 4212 2771 4284 militem
2828 4212 2914 4281 ad
2961 4210 3333 4282 Albertum
3385 4208 3944 4299 Iastrzambyecz

853 4324 1255 4417 episcopum
1320 4330 1843 4404 Cracoviensem
1907 4332 2364 4421 transmittit,
2433 4352 2513 4404 ea
2584 4352 2761 4423 quae
2832 4331 2917 4403 de
2984 4351 3111 4401 sua
3171 4330 3247 4400 in
3302 4328 3779 4402 Gnesnensem
3838 4348 3945 4401 ec-

848 4444 1139 4518 clesiam
1186 4451 1646 4524 translatione
1691 4456 1762 4525 et
1796 4453 2132 4525 Iohannis
2171 4452 2695 4543 Schaffranyecz
2734 4451 2809 4522 in
2846 4450 3373 4523 cracoviensem
3420 4448 3935 4521 substitutione

853 4567 1011 4639 Rex
1065 4567 1296 4641 animo
1361 4569 1863 4660 destinaverat,
1932 4573 2514 4666 significaturum.
2584 4570 2717 4663 Qui
2781 4592 2938 4643 cum
2992 4570 3196 4641 illum
3254 4569 3327 4641 in
3380 4569 3581 4640 Nova
3636 4568 3946 4641 Sandecz

854 4692 1172 4779 agentem
1228 4688 1630 4763 offendisset
1684 4696 1754 4764 et
1806 4693 2134 4765 mandata
2186 4692 2379 4784 regia
2430 4690 2913 4777 disseruisset,
2980 4690 3321 4762 Albertus
3385 4688 3947 4779 Iastrzambyecz

855 4806 1331 4880 Gracoviensis
1395 4808 1761 4902 episcopus
1836 4812 2343 4885 ordinationem
2405 4811 2622 4902 Regis
2677 4811 2751 4882 in
2806 4815 3166 4900 acceptum
3238 4831 3376 4880 non
3439 4809 3780 4893 referenS,
3838 4828 3945 4878 re·

855 4926 1137 5017 spondit
1191 4948 1264 5000 se
1320 4928 1797 5003 cracoviensis
1864 4932 2195 5005 ecclesiae
2258 4930 2617 5024 pontificio
2683 4934 2754 5002 et
2808 4928 3153 5020 dignitate
3217 4932 3652 5013 contentum,
3720 4927 3877 4999 Gne
3919 4966 3944 4977 -

1073 5217 1119 5290 ¹)
1163 5224 1224 5279 et
1264 5216 1391 5281 Ed.
1436 5217 1618 5301 Εὗρε.
1682 5216 1731 5298 ²)
1778 5219 2058 5280 Albertus
2117 5220 2509 5296 Iastrzabiecz
2573 5213 2725 5279 Cod.
2774 5214 2975 5279 Rozr.
3049 5215 3105 5295 ³)
3148 5213 3583 5276 Bartholomaei
3644 5214 3947 5292 Obulyecz

859 5316 984 5381 Ed.
1030 5318 1210 5403 Εὗρε.
1259 5318 1311 5399 ⁴)
1357 5324 1434 5382 ad
1477 5320 1602 5385 Ed.
1648 5320 1829 5406 Εὗρε.
1881 5320 1935 5401 ⁵)
1977 5321 2286 5383 Albertum
2328 5322 2721 5399 Iastrzabiecz
2771 5315 2922 5382 Cod.
2968 5317 3161 5381 Rozr.
3212 5316 3264 5394 ⁶)
3304 5323 3365 5379 et
3394 5318 3759 5378 obsecrando
3798 5312 3945 5379 Cod.

858 5420 1051 5485 Rozr.
1081 5406 1156 5504 ⁸⁷)
1201 5424 1276 5485 de
1318 5425 1601 5486 Morawia
1647 5421 1798 5488 Cod.
1854 5422 2032 5487 O'alv.
