4342 6384
336 612 469 712 (Α.
510 615 599 690 D.
641 617 895 717 1444.)
1500 643 1727 696 mann
1777 640 2291 696 Duonscnms.
3277 624 3424 696 695

346 824 673 917 „penitus
725 825 1071 899 insedisse
1123 824 1425 900 videtur.
1506 826 1759 919 Itaque
1820 827 2068 900 literas
2132 826 2222 899 ad
2274 846 2402 899 nos
2465 830 2742 900 vestrae
2797 824 3216 901 Serenitatis
3269 848 3427 899 cum

345 941 559 1033 „laeti
614 945 1044 1038 accepimus,
1102 945 1361 1037 quibus
1400 945 1741 1019 secundos
1779 946 1835 1034 1)
1890 945 2111 1019 vestri
2149 945 2486 1019 adversus
2539 946 2842 1019 nominis
2890 945 3261 1019 christiani
3306 947 3427 1018 ho·

344 1069 533 1154 „stes
586 1064 1147 1137 constantissimi
1202 1069 1415 1157 atque
1468 1064 1899 1137 sanctissimi
1951 1064 2123 1138 belli
2177 1085 2589 1157 progressus
2643 1086 2920 1138 eramus
2973 1066 3426 1154 intellecturi,

346 1188 537 1273 „tum
593 1189 664 1258 et
718 1206 989 1257 summa
1044 1184 1481 1258 iucunditate
1544 1184 1893 1277 complexi
1947 1204 2224 1273 sumus,
2293 1204 2470 1276 quae
2525 1185 2612 1257 ab
2665 1184 2890 1257 nostri
2945 1185 3428 1259 amantissimo

345 1303 1036 1394 „praestantissimae
1107 1302 1399 1377 virtutis
1460 1305 1682 1397 Rege,
1757 1324 2025 1396 nosque
2086 1304 2276 1378 inter
2335 1304 2473 1377 sibi
2543 1304 2954 1396 praecipuos
3028 1305 3423 1393 habentem,

346 1423 715 1510 „nuntium
768 1422 845 1495 in
896 1423 1146 1515 primis
1202 1427 1519 1514 optatum
1576 1424 1923 1496 allaturae
1978 1423 2353 1497 monebant
2382 1422 2468 1513 2),
2526 1428 2738 1516 atque
2791 1428 2872 1497 ut
2925 1423 3290 1497 veniamus
3343 1423 3430 1495 ad

346 1542 494 1632 „id‚
552 1542 736 1635 quod
787 1564 915 1615 nos
969 1562 1173 1636 agere
1226 1549 1296 1617 et
1349 1543 1595 1616 literae
1650 1544 1845 1635 ipsae
1868 1550 1873 1556 ’
1896 1549 2180 1635 petunt,
2247 1548 2319 1616 et
2370 1548 2610 1616 nostra
2663 1543 2738 1616 in
2794 1543 3254 1617 Serenitatem
3311 1564 3426 1615 ve-

348 1667 609 1751 „stram
664 1662 937 1737 affectio
992 1667 1259 1735 monet:
1334 1662 1763 1737 immortales
1818 1664 1963 1736 Deo
2026 1662 2292 1755 gratias
2355 1663 2692 1735 habemus
2756 1685 2880 1755 pro
2935 1662 3090 1736 eius
3147 1662 3220 1735 iu
3276 1683 3426 1749 VOS,

348 1783 826 1874 „populosque
879 1785 1172 1871 vestroe,
1232 1803 1311 1855 ac
1346 1804 1472 1875 per
1505 1804 1633 1855 vos
1669 1782 1743 1855 in
1782 1803 2053 1855 omnem
2089 1782 2510 1856 catholicum
2565 1804 2769 1855 suum
2803 1783 3142 1874 populum
3179 1802 3431 1875 magna

347 1901 791 1992 „clementia,
831 1902 1296 1991 uberioribus,
1336 1924 1513 1994 quae
1551 1901 1675 1974 vix
1714 1905 1953 1995 optare
1991 1922 2214 1994 nuper
2249 1902 2620 1994 quisquam
2657 1902 2979 1992 audebat,
3019 1901 3244 1975 donis.
3285 1902 3426 1976 Me-

350 2022 729 2113 „minimus
772 2021 1089 2113 quidem,
1148 2026 1407 2114 quanto
1454 2022 1721 2113 impetu
1768 2027 1839 2095 et
1884 2024 2147 2111 furore,
2188 2028 2451 2114 quanta
2493 2020 2686 2095 rabie
2723 2027 2934 2114 atque
2969 2021 3428 2111 immanitate,

349 2142 698 2231 „nondum
752 2140 1007 2215 tertius
1061 2142 1365 2215 excessit
1420 2162 1679 2230 annuS,
1734 2141 2127 2233 irruptione
2165 2143 2380 2231 facta,
2436 2142 2886 2215 barbarorum
2939 2144 3262 2234 ingentes
3317 2162 3427 2214 co-

350 2261 548 2353 „piae
584 2262 829 2354 Regna
864 2259 993 2334 illa
1029 2261 1545 2334 Pannoniorum
1582 2260 2194 2353 depopularentur,
2232 2261 2772 2353 pessundarent,
2829 2260 3166 2354 brevique
3201 2260 3432 2334 omnia

350 2383 465 2473 „in
518 2382 881 2473 pulverem
934 2380 1355 2454 deducturae
1408 2380 1935 2469 contenderent3
1992 2402 2119 2455 nec
2170 2380 2555 2453 Pannoniis
2609 2381 2749 2453 iam
2802 2381 3144 2470 contenti,
3201 2380 3287 2454 de
3323 2381 3429 2453 in-

350 2501 708 2591 „vadenda
760 2500 977 2573 Italia
1036 2505 1111 2573 et
1162 2501 1436 2592 reliqua
1500 2500 1689 2574 omni
1751 2502 2031 2592 Europa
2092 2521 2234 2572 non
2285 2499 2540 2593 impari
2601 2503 2836 2592 strage
2891 2500 3265 2574 evertenda
3317 2520 3428 2573 co-

351 2621 721 2714 „gitarent.
778 2620 1043 2713 Pungit
1108 2622 1179 2693 et
1230 2641 1359 2692 nos
1420 2624 1633 2712 atque
1695 2620 1841 2692 urit
1902 2619 2103 2692 illius
2167 2618 2503 2712 temporis
2555 2619 2972 2708 recordatio,
3027 2641 3186 2693 cum
3247 2619 3432 2693 inter

351 2740 749 2829 „Ecclesiae
804 2745 1086 2813 sanctae
1122 2740 1307 2812 filios
1360 2739 1623 2832 ubique
1650 2739 1947 2812 dissidia
1980 2740 2361 2827 ferverent,
2418 2738 2576 2812 odia
2629 2738 3187 2829 incenderentur,
3241 2740 3432 2813 bella

351 2864 941 2952 „perstreperent,
998 2859 1349 2933 saevirent
1402 2859 1658 2949 clades,
1713 2863 1797 2931 ut
1830 2879 2055 2951 neque
2110 2858 2286 2931 satis
2341 2857 2621 2931 consilii
2675 2862 2746 2932 et
2781 2859 3010 2951 operis
3065 2860 3431 2932 minimum

352 2980 731 3069 „adversus
784 2978 1223 3052 barbaricum
1277 2981 1613 3067 furorem,
1670 2979 1733 3051 si
1788 3000 1863 3052 se
1918 2979 2298 3052 extulisset
2351 2983 2422 3052 et
2456 2978 2736 3071 longius
2789 2998 3198 3071 progressus
3256 2980 3428 3051 fuis·

352 3104 537 3189 „set,
593 3098 825 3171 afferri
878 3118 1083 3189 posse
1137 3097 1516 3172 videretur.
1575 3097 1711 3171 Sed
1764 3098 2162 3171 misericors
2219 3102 2288 3172 et
2342 3098 2709 3172 miserator
2760 3097 3134 3187 DominuS,
3199 3120 3242 3171 a
3295 3120 3430 3191 quo

352 3222 711 3309 „potestas
766 3223 839 3291 et
890 3216 1295 3309 imperium,
1362 3216 1484 3309 qui
1540 3217 1825 3290 tametsi
1896 3219 2155 3291 electos
2221 3239 2386 3290 suos
2458 3217 2532 3289 in
2583 3217 2786 3310 virga
2839 3218 3064 3291 ferrea
3115 3238 3429 3291 nonnun-

352 3360 605 3430 „quam
658 3336 941 3425 visitat,
998 3357 1114 3410 eos
1152 3339 1386 3411 tamen
1440 3358 1655 3428 supra
1706 3336 1893 3409 vires
1946 3337 2209 3411 tentari
2263 3358 2397 3409 non
2435 3336 2727 3428 patitur,
2783 3357 2912 3409 nec
2964 3338 3050 3410 ab
3087 3337 3190 3411 eis
3244 3359 3430 3411 amo-

351 3462 516 3546 „vet
567 3455 1114 3530 misericordiam
1169 3477 1401 3545 suam,
1458 3454 1835 3528 suscitavit
1888 3456 1961 3528 in
2001 3455 2202 3529 vobis
2257 3455 2602 3547 Spiritum
2640 3456 2974 3529 Sanctum
3031 3477 3266 3546 suum,
3323 3458 3430 3530 in-

351 3576 677 3669 „genium
740 3582 1055 3649 vestrum
1116 3580 1369 3648 natura
1422 3576 1781 3648 excelsum
1836 3575 2129 3649 consilio
2185 3579 2256 3649 et
2311 3574 2658 3667 sapientia
2711 3576 3046 3665 munivit,
3122 3580 3432 3650 teneram

352 3696 624 3786 „adhuc
676 3693 1218 3768 adolescentiam
1274 3699 1344 3768 et
1377 3695 1621 3769 robore
1674 3694 1981 3787 corporis
2036 3700 2109 3769 et
2142 3695 2361 3768 animi
2413 3695 2680 3769 virtute
2731 3696 3069 3785 firmavit,
3109 3696 3430 3789 Regnum

352 3816 773 3908 „primatum
846 3815 981 3888 fide
1002 3870 1019 3903 ,
1093 3816 1509 3906 populorum
1581 3814 2025 3889 observantia
2087 3818 2159 3888 et
2210 3816 2410 3887 cultu
2481 3813 2864 3903 stabilivit,
2928 3814 3142 3888 duces
3213 3815 3427 3904 dedit,

354 3937 522 4027 „qui
574 3935 917 4010 exercitui
970 3936 1406 4027 praeessent,
1462 3933 1566 4006 rei
1620 3934 1951 4007 militaris
2003 3934 2506 4027 peritissimos,
2581 3934 2876 4023 milites,
2936 3934 3059 4026 qui
3112 3938 3182 4007 et
3236 3934 3427 4008 duci-

354 4055 529 4145 „bus
583 4060 907 4146 parerent
960 4058 1030 4127 et
1083 4053 1531 4144 disciplinam
1585 4052 1845 4145 optime
1898 4057 2216 4128 tenerent
2269 4052 2679 4141 militarem,
2735 4053 2858 4145 qui
2909 4075 3052 4126 non
3103 4054 3258 4127 auri
3310 4075 3428 4127 eu-

353 4174 697 4265 „piditate
748 4174 1015 4247 incensi
1046 4172 1135 4261 ³),
1206 4193 1333 4247 nec
1386 4177 1595 4246 vento
1661 4174 2054 4265 cuiuspiam
2126 4173 2360 4247 inanis
2411 4173 2680 4265 gloriae
2739 4174 3186 4261 inflammati,
3243 4175 3432 4248 bella

351 4296 833 4385 „appeterent3
908 4293 1031 4367 sed
1092 4293 1433 4365 charitate
1497 4293 1911 4393 inflammati
1940 4295 2005 4382 4)
2065 4315 2193 4385 pro
2257 4292 2706 4386 coniugibuS,
2777 4315 2902 4385 pro
2965 4294 3240 4382 liberis,
3306 4315 3430 4385 pro

351 4412 837 4503 „parentibu8,
896 4431 1021 4503 pro
1076 4413 1415 4485 maiorum
1472 4412 1896 4504 sepulchris,
1960 4434 2087 4506 pro
2141 4411 2410 4485 laribus
2474 4417 2545 4485 et
2597 4412 2770 4485 focis
2825 4413 3006 4501 suis,
3072 4434 3196 4505 pro
3253 4416 3426 4487 tem-

354 4531 539 4622 „plis
593 4537 803 4623 atque
856 4530 1203 4621 delubris,
1259 4553 1385 4624 pro
1420 4532 1653 4623 patria
1688 4532 1985 4625 denique
2036 4532 2224 4623 ipsa,
2281 4531 2486 4604 cuius
2537 4533 2709 4605 haec
2745 4531 2976 4605 omnia
3028 4533 3429 4624 complecti-

352 4656 519 4740 „tur
570 4671 851 4739 nomen,
911 4652 1024 4724 vel
1059 4650 1297 4743 potius
1351 4672 1477 4743 pro
1512 4652 1644 4725 Dei
1698 4672 1779 4724 ac
1812 4652 2093 4724 Domini
2128 4652 2356 4725 nostri
2397 4652 2564 4724 Iesu
2600 4652 2892 4739 Christi,
2949 4673 2992 4724 a
3026 4673 3162 4743 quo
3200 4652 3433 4724 omnia

352 4774 471 4861 „et
526 4792 607 4843 ea
660 4771 1093 4863 accepissent
1153 4776 1225 4843 et
1277 4778 1558 4845 aeterna
1619 4771 1929 4862 praemia
1990 4776 2471 4863 expectarent,
2537 4769 2972 4844 confessione
3023 4772 3430 4864 pugnaturi,

351 4911 535 4980 „non
591 4913 632 4963 a
684 4891 1043 4964 laboribus
1106 4894 1177 4963 et
1208 4890 1270 4979 ⁵)
1323 4890 1689 4982 periculis,
1755 4910 1893 4962 non
1958 4911 1999 4962 a
2050 4911 2284 4963 rerum
2349 4890 2653 4979 damnis,
2717 4911 2858 4962 non
2922 4911 2965 4962 a
3015 4891 3430 4963 vulneribus

351 5014 523 5099 „aut
576 5009 941 5101 sanguinis
996 5008 1363 5099 effusione,
1419 5030 1557 5082 uon
1612 5030 1655 5081 a
1689 5014 1912 5083 morte
1948 5008 2398 5083 formidarent
2426 5009 2514 5099 Β),
2571 5010 2693 5083 sed
2728 5008 3132 5083 firmissima
3177 5009 3251 5083 in
3287 5010 3432 5082 Deo

563 5283 609 5362 ¹)
658 5284 901 5345 secundi
944 5281 1073 5345 Ed.
1125 5280 1308 5366 Dipc.
1380 5281 1437 5360 ²)
1478 5282 1831 5343 videbantur
1878 5278 2030 5345 Cod.
2074 5279 2212 5345 Lis.
2254 5282 2570 5343 movebant
2615 5276 2766 5345 cod.
2812 5279 3030 5345 Przez.
3100 5279 3154 5363 ³)
3181 5266 3436 5343 ⁸accensi

344 5382 503 5449 Cod.
546 5383 725 5449 Kost.
773 5383 825 5466 ⁴)
873 5386 1147 5449 ardentes
1196 5381 1349 5449 Cod.
1394 5382 1615 5449 Przez.
1662 5384 1713 5466 5)
1760 5392 1865 5447 aut
1911 5380 2065 5448 cod.
2110 5382 2285 5447 Kost.
2349 5382 2404 5463 ο)
2448 5384 2895 5447 reformidarent
2943 5381 3094 5447 cod.
3125 5382 3302 5449 Kost.
