4342 6384
398 572 536 682 (Α.
576 580 666 657 D.
707 574 958 681 1424.)
1551 600 1780 659 mnan
1830 599 2289 660 nnnncmus.
3334 582 3477 663 321

399 787 998 877 RathiboriensiS,
1047 789 1450 863 Kazimirus
1497 790 2092 863 Oswanczinensis
2131 792 2211 881 ¹),
2262 788 2715 865 Wenceslaus
2753 793 3247 885 OppaviensiS,
3304 794 3482 866 Cun-

397 908 612 979 radus
666 908 866 999 niger
917 913 990 981 et
1025 909 1386 981 Cunradus
1421 912 1626 983 albus
1662 911 2048 983 Koslenses
2078 909 2164 999 2),
2206 912 2663 984 Wenceslaus
2719 913 3141 1004 Zeganensis
3164 969 3181 999 ,
3220 914 3483 1005 Duces3

395 1026 566 1099 item
624 1026 1047 1099 Lithuaniae
1113 1032 1182 1101 et
1243 1029 1542 1101 Russiae
1607 1030 1970 1121 Principes
2033 1029 2355 1121 plurimi;
2428 1031 2629 1103 item·
2664 1032 2799 1103 duo
2856 1031 3480 1115 CommendatoreS,

395 1145 973 1237 Elbingensis-et
1028 1147 1534 1237 Thorunensi8‚
1603 1149 1878 1223 nomine
1933 1150 2262 1223 Prussiae
2317 1149 2638 1243 Magistri
2710 1149 2921 1221 Pauli
2976 1149 3059 1221 de
3115 1149 3492 1223 Russdorff

396 1285 624 1337 misal.

393 1624 784 1697 wladislau
827 1624 1128 1697 Poloniae
1186 1626 1326 1697 Rex
1383 1627 1716 1716 sponsalia
1773 1627 1948 1698 filiae
2008 1644 2167 1698 suae
2226 1644 2369 1699 cum
2425 1626 2738 1701 friderico
2796 1628 3159 1699 fluctione
3211 1628 3483 1699 Brando·

627 1744 930 1834 burgensi
973 1746 1162 1831 inita,
1209 1762 1408 1817 suasu
1451 1746 1800 1817 Vithavdi
1843 1746 2034 1819 Ducis
2084 1747 2299 1835 logni
2344 1746 2730 1817 Lithuaniae
2776 1765 2907 1819 non
2953 1746 3246 1836 abrogat.

601 1980 798 2053 Infra
851 1982 1035 2069 dies,
1092 1970 1350 2074 quibus
1403 1984 1632 2075 Reges
1687 1984 1870 2075 apud
1925 1984 2325 2057 cracoviam
2381 1983 2952 2071 immorabantur,
3018 1984 3280 2057 fiebant
3322 2004 3483 2055 con-

393 2099 580 2170 tinui
634 2105 704 2173 et
767 2102 1018 2175 secreti
1081 2122 1205 2194 per
1264 2103 1527 2193 Reges,
1595 2123 1968 2196 eorumque
2022 2103 2496 2191 consiliarios,
2573 2124 2783 2195 super
2832 2104 3041 2176 rebus
3106 2102 3356 2190 variiS,
3416 2106 3485 2173 et

393 2219 757 2311 signanter
805 2240 974 2312 pace
1010 2222 1441 2313 Regnorum,
1481 2226 1858 2309 tractatus;
1915 2223 2082 2297 item
2119 2224 2203 2294 de
2240 2224 2747 2296 haereticorum
2784 2222 3269 2308 Hussitarum,
3313 2242 3481 2312 quo-

392 2359 548 2409 rum
603 2338 1076 2413 invalescebat
1113 2340 1341 2429 virus,
1387 2342 1832 2415 exterminio:
1890 2364 2063 2434 quas
2117 2363 2231 2415 res
2270 2342 2547 2415 Branda
2600 2342 2989 2415 cardinalis
3026 2340 3481 2413 Placentinus

393 2459 670 2531 nomine
727 2460 998 2533 Summi
1049 2459 1415 2533 Pontificis
1471 2460 1734 2532 fervide
1788 2464 1858 2532 et
1914 2460 2261 2533 instanter
2314 2460 2737 2532 solicitabat.
2795 2460 2895 2531 Ut
2930 2463 3163 2531 autem
3217 2458 3481 2530 utrius-

385 2598 520 2669 que
571 2577 678 2651 rei
729 2578 1022 2665 facilior,
1077 2579 1367 2652 solidior
1417 2584 1626 2669 atque
1679 2578 2228 2671 compendiosior
2280 2578 2679 2671 proveniret
2730 2577 3263 2664 consummatio,
3320 2576 3469 2647 duo

389 2696 654 2787 Regae,
710 2696 1042 2769 videlicet
1078 2698 1548 2770 Romanorum
1585 2701 1655 2769 et
1691 2697 1947 2771 Daciae
1977 2696 2064 2786 ³),
2123 2697 2451 2771 maximis
2490 2696 3125 2790 supplicationibus
3164 2696 3475 2781 tertium,

397 2815 864 2887 Wladislaum
901 2816 1230 2888 videlicet
1267 2815 1601 2888 Poloniae
1638 2817 1933 2908 Regem,
1990 2816 2443 2905 conveniunt,
2484 2822 2829 2907 quatenus
2867 2814 3280 2887 affinitatem
3322 2834 3477 2885 cum

390 2933 541 3005 illis
599 2935 876 3027 iungat,
935 2940 1004 3006 et
1040 2935 1220 3007 Duci
1260 2934 1619 3025 Stolpensi
1657 2934 2008 3025 Boguslao
2037 2936 2124 3023 4),
2184 2935 2429 3007 stricto
2476 2934 2815 3026 sanguine
2852 2932 3302 3025 Sigismundo
3338 2932 3478 3003 Ro·

391 3073 751 3125 manorum
805 3052 986 3144 Regi
1041 3052 1308 3141 iuncto,
1374 3052 1594 3145 Regis
1657 3073 1818 3125 vero
1883 3054 2138 3125 Daciae
2168 3053 2231 3142 5)
2294 3053 2533 3145 nepoti
2585 3074 2943 3145 germano,
3009 3051 3227 3123 filiam
3284 3071 3481 3122 suam

391 3171 771 3263 Hedvigim
827 3171 1172 3263 virginem
1227 3172 1600 3263 desponset
1653 3171 1726 3243 in
1781 3177 2205 3259 consortem,
2262 3172 2489 3264 prima
2543 3172 3077 3263 desponsatione
3131 3170 3278 3241 filio
3322 3169 3478 3241 Fri-

391 3290 608 3393 derici
647 3290 1070 3363 Marchionis
1109 3290 1754 3383 Brandeburgensis
1809 3291 2160 3382 abrogata.
2238 3291 2631 3363 offerebant
2685 3296 2913 3363 autem
2971 3289 3171 3362 ambo
3227 3289 3479 3380 RegeS,

391 3410 452 3483 si
505 3409 916 3483 huiusmodi
971 3409 1280 3481 affinitas
1335 3410 1769 3499 procederet,
1836 3430 1961 3499 pro
2023 3410 2267 3501 Regno
2325 3409 2657 3482 Poloniae
2724 3408 2977 3497 multa,
3036 3407 3477 3498 repromitte-

391 3530 697 3621 bantque
752 3528 1045 3601 maiora:
1105 3527 1290 3599 inter
1343 3548 1520 3618 quae
1575 3534 1918 3599 terrarum
1973 3534 2316 3601 certarum
2370 3529 2611 3619 Regno
2668 3526 3001 3600 Poloniae
3064 3525 3476 3613 vicinarum,

391 3669 686 3739 quarum
739 3646 890 3739 ipse
929 3645 1324 3738 Stolpensis
1362 3646 1525 3717 Dux
1579 3646 1822 3718 haeres
1861 3648 2120 3733 fuerat,
2159 3651 2565 3737 perpetuam
2601 3644 3232 3719 inviscerationem.
3290 3643 3475 3715 Alli-

391 3768 701 3853 ciebant,
757 3766 1398 3856 contrahebantque
1450 3785 1578 3855 pro
1635 3763 2022 3837 intentione
2077 3786 2206 3835 sua
2260 3765 2621 3837 Praelatos
2678 3770 2747 3837 et
2798 3765 3091 3837 barones
3145 3762 3478 3834 Poloniae

391 3891 460 3959 et
511 3885 863 3958 munificis
918 3884 1414 3977 largitionibus
1471 3888 1538 3956 et
1575 3882 1962 3974 promissis.
2022 3884 2453 3974 Quapropter
2508 3888 2578 3955 et
2614 3883 2917 3955 schisma
2971 3881 3255 3955 evidens
3293 3880 3477 3953 inter

391 4005 832 4079 consiliarios
909 4004 1138 4097 Regni
1203 4003 1535 4076 Poloniae
1599 4002 2066 4089 exoriebatur,
2131 4002 2592 4093 probantibus
2654 4002 3047 4089 nonnullis,
3115 4005 3197 4072 ut
3258 4000 3475 4091 priori

391 4124 662 4197 foedere
725 4145 884 4196 cum
939 4122 1550 4215 Brandeburgensi
1611 4122 2009 4195 Marchione
2070 4121 2283 4207 inito,
2352 4121 2472 4212 qui
2504 4122 2565 4209 6)
2637 4120 3221 4211 pollicitationem
3278 4140 3472 4191 suam

390 4242 718 4330 violavit,
775 4242 1124 4333 disrupto,
1191 4262 1430 4333 preces
1495 4242 1788 4314 duorum
1852 4241 2125 4333 Regum
2190 4240 2622 4326 audirentur,
2690 4246 2761 4312 et
2814 4239 3123 4312 affinitas
3186 4258 3474 4330 magnas

389 4362 913 4435 commoditates
969 4382 1202 4433 secum
1257 4363 1490 4434 latura
1519 4362 1581 4449 ⁷)
1637 4382 1792 4433 cum
1849 4360 2000 4433 illis
2055 4360 2481 4451 iungeretur.
2542 4359 2790 4433 Sanior
2846 4364 3077 4431 tamen
3134 4363 3203 4431 ct
3256 4356 3478 4430 maior

387 4480 944 4553 consiliariorum
997 4502 1194 4571 pars,
1253 4480 1710 4553 variationem
1765 4485 1834 4553 et
1868 4480 2233 4552 levitatem
2269 4480 2673 4551 huiusmodi
2708 4479 3120 4565 abhorrens,
3178 4498 3314 4550 non
3349 4498 3471 4567 po-

387 4605 568 4673 terat
623 4600 697 4673 in
751 4620 903 4673 eam
959 4598 1377 4673 sententiam
1431 4598 1652 4685 trahi,
1709 4620 1834 4689 pro
1891 4604 2239 4689 comperto
2294 4598 2591 4683 habens,
2662 4598 3143 4669 Alexandrum
3200 4615 3472 4685 quoque

391 4718 864 4791 Withawdum
935 4720 1197 4791 Ducem
1261 4719 1590 4810 Magnum
1663 4716 2116 4803 Lithuaniae,
2184 4716 2369 4807 apud
2432 4736 2635 4807 quem
2700 4720 2869 4787 tunc
2931 4714 3162 4786 iunior
3224 4713 3469 4785 Fride-

387 4838 578 4911 ricus'
633 4838 823 4911 filius
879 4838 1302 4910 Marchionis
1359 4838 1780 4924 morabatur,
1849 4836 1922 4908 in
1973 4840 2339 4927 rupturam
2396 4834 2691 4908 foederis
2756 4856 2891 4906 non
2946 4853 3469 4905 consensurum.

387 4956 494 5029 Ne
550 4962 783 5030 tamen
839 4956 1147 5048 simplici
1201 4961 1271 5029 et
1325 4956 1511 5027 nuda
1565 4955 2017 5048 denegatione
2082 4956 2376 5025 duorum
2431 4955 2704 5046 Regum
2768 4958 2837 5025 et
2888 4950 3246 5042 hospitum
3302 4949 3467 5023 soli-

389 5075 562 5147 citas
617 5075 1221 5167 interpellationes
1274 5074 1719 5166 repudiatum
1775 5073 1864 5147 iri
1917 5074 2382 5164 contingeret,
2441 5072 2877 5145 Wladislaus
2930 5070 3263 5145 Poloniae
3316 5069 3471 5141 Rex

599 5346 646 5427 ¹)
691 5346 1202 5425 Oszwiacimensis
1245 5342 1372 5406 Ed.
1420 5342 1598 5426 Lips.
1649 5343 1702 5419 ²)
1750 5346 2068 5406 centenses
2111 5342 2239 5405 Ed.
2270 5341 2451 5426 Lips.
2501 5342 2553 5422 ³)
2598 5342 2830 5404 Daniae
2872 5339 2999 5402 Ed.
3032 5338 3212 5423 Lips.
3262 5337 3317 5418 ⁴)
3348 5342 3471 5400 Do-

387 5450 590 5509 beslao
638 5443 789 5509 Cod.
841 5443 1016 5510 Galv.
1088 5444 1141 5525 ⁵)
1187 5447 1422 5507 Daniae
1463 5443 1590 5507 Ed.
1652 5442 1833 5527 Lipa.
1905 5443 1960 5526 ⁸)
2006 5448 2164 5521 quod
2222 5440 2375 5508 Cod.
2422 5441 2614 5508 Rozr.
2681 5442 2735 5521 ⁷)
2778 5445 3031 5538 allatura
3078 5437 3227 5503 Cod.
3273 5438 3467 5504 Rozr.

437 5599 484 5639 J.
511 5599 700 5655 Dlugoa.
727 5598 848 5639 lunt.
875 5598 1035 5640 Polou.
1060 5596 1112 5641 ⁰1⁸.
1139 5598 1219 5643 IV.
3088 5574 3157 5635 41
