4342 6384
386 554 527 665 (Ᾱ.
564 560 656 636 D.
696 554 953 662 ⁸433.)
1572 582 1801 637 amna
1850 580 2312 638 pannonius.
3318 568 3492 639 493

1293 985 1718 1098 ANNUS
1790 986 2255 1098 DOMINI
2325 986 2608 1101 1433.

389 1255 645 1327 Poionis
706 1256 791 1327 do
848 1256 1018 1327 bollo
1078 1254 1414 1327 cruciferis
1476 1253 1816 1326 inferendo
1882 1254 2392 1326 deliberantibus
2413 1312 2429 1341 ,
2496 1256 2714 1328 nuntii
2781 1256 3046 1329 nouom
3112 1256 3494 1329 mannas

392 1375 755 1447 adveniunt
772 1430 789 1462 ,
850 1378 921 1447 et
964 1376 1223 1465 legatos
1282 1374 1366 1445 ad
1410 1374 1755 1447 ῦοιιοίιὶιιιιι
1811 1374 1988 1445 mitti
2048 1390 2163 1462 pro
2196 1374 2522 1464 sopiendo
2583 1377 2712 1447 lam
2765 1378 2893 1448 im
2949 1380 3255 1467 empturo
3297 1377 3488 1464 bollo,

1823 1496 2081 1584 potunt.

600 1734 769 1807 Dies
824 1734 1107 1806 Natalis
1172 1733 1455 1805 Domini
1519 1732 1959 1807 wladislaus
2028 1734 2183 1806 Rex
2249 1733 2618 1807 cracoviae
2680 1735 3095 1823 celebravit,
3170 1735 3497 1827 pluribus

394 1876 671 1946 quoque
740 1855 987 1928 diebus
1050 1853 1331 1926 nonnisi
1394 1853 1689 1925 consilio
1753 1852 2064 1926 Praelati
2130 1858 2200 1925 et
2253 1852 2548 1925 barones
2604 1855 2976 1942 vacabant,
3045 1854 3495 1947 exquirentes

392 1975 548 2047 vias
602 1958 861 2047 varias
893 1978 963 2046 et
1019 1974 1367 2061 diversaS,
1427 1972 1732 2064 qualiter
1783 1974 2083 2060 bellum,
2144 1973 2328 2064 quod
2375 1974 2748 2047 cruciferis
2803 1974 2890 2047 de
2926 1975 3251 2065 Prussia,
3309 1980 3497 2049 treu-

392 2094 505 2186 gis
560 2095 635 2166 in
692 2096 869 2166 festo
925 2094 1166 2167 Sancti
1220 2094 1559 2165 Iohannis
1615 2094 1983 2183 Baptistae
2038 2092 2561 2184 expirantibus,
2620 2093 2878 2168 inferre
2913 2095 3495 2183 deliberaverant,

392 2220 983 2305 prosequerentur
1036 2219 1105 2286 et
1160 2214 1647 2287 contraherent
1702 2213 2096 2304 aliquorum
2154 2213 2544 2285 vicinorum
2599 2214 2902 2304 auxilia,
2959 2219 3333 2308 postquam
3388 2234 3497 2288 so-

394 2334 659 2406 ciorum
712 2357 837 2426 pro
894 2336 1019 2407 illo
1076 2340 1387 2425 tempore
1440 2334 1805 2425 pervenire
1861 2355 1999 2406 non
2054 2338 2400 2424 poterant.
2457 2336 2552 2406 Et
2597 2334 2764 2407 licet
2818 2336 3058 2426 plures
3114 2336 3273 2409 viae
3325 2335 3496 2409 fuis-

396 2460 556 2526 sent
610 2460 955 2545 repertae,
1012 2454 1282 2546 placuit
1336 2458 1569 2526 tamen
1636 2475 1761 2545 pro
1818 2451 2184 2526 Dominica
2237 2453 2714 2527 Reminiscere
2769 2454 2842 2526 in
2899 2455 3340 2529 Sandomiria
3395 2460 3498 2529 te-

394 2574 549 2645 neri
612 2574 1173 2663 conventionem,
1250 2579 1321 2647 et
1393 2574 1721 2666 pluribus
1792 2573 2222 2646 consiliariis
2297 2572 2688 2662 accersitis,
2765 2574 3131 2647 maturiori
3204 2575 3498 2649 consilio

395 2693 691 2786 digestis
746 2696 985 2783 rebus,
1044 2695 1563 2767 conclusionem
1622 2694 1926 2787 singulis
1982 2693 2154 2766 dari.
2214 2694 2324 2765 Ex
2379 2692 2712 2766 cracovia
2764 2694 3004 2786 itaque
3057 2695 3498 2769 wladislaus

394 2815 554 2885 Rex
608 2832 963 2906 egressus,
1028 2836 1151 2907 per
1202 2815 1476 2906 Novam
1530 2814 1903 2888 civitatem
1967 2819 2038 2886 et
2092 2812 2236 2885 alia
2288 2814 2444 2885 loca
2497 2813 2571 2886 in
2626 2814 2943 2887 Iedlnam
2997 2816 3370 2907 processit,
3427 2820 3500 2889 et

394 2932 550 3006 illic
604 2934 1063 3026 carnisprivii
1117 2934 1267 3007 dies
1322 2936 1490 3028 egit.
1548 2933 1817 3025 Quibus
1871 2932 2273 3022 transactis,
2329 2954 2454 3025 per
2509 2934 2848 3006 stationes
2906 2934 3153 3007 solitas
3209 2934 3283 3007 in
3321 2936 3495 3009 San-

396 3052 764 3125 domitiam
818 3075 942 3145 pro
997 3053 1361 3126 Dominica
1424 3053 1897 3127 Reminiscere
1952 3053 2241 3126 advenit
2279 3054 2356 3141 ¹).
2432 3052 2576 3125 Ubi
2639 3054 2726 3125 ad
2782 3074 2979 3127 suam
3035 3054 3500 3129 Serenitatem

396 3172 697 3246 concilii
750 3174 1203 3262 BasiliensiS,
1262 3174 1402 3246 iam
1457 3174 1532 3246 in
1571 3173 1809 3247 eadem
1864 3172 2155 3246 civitate
2213 3172 2499 3245 Basilea
2553 3194 2766 3265 supra
2819 3175 3145 3249 Rhenum
3201 3174 3342 3247 sita
3394 3175 3501 3247 in-

398 3294 663 3382 choati,
724 3295 908 3385 quod
970 3294 1294 3366 Iulianus
1360 3294 1443 3366 de
1510 3292 1901 3367 caesarinis
1965 3292 2167 3364 tituli
2233 3292 2474 3365 Sancti
2529 3293 2787 3387 Angeli
2853 3294 3206 3367 Diaconus
3262 3295 3500 3368 Cardi-

398 3412 618 3500 naliS,
695 3415 895 3486 velut
948 3413 1400 3505 Apostolicae
1469 3413 1673 3486 Sedis
1727 3415 2035 3505 Legatus
2097 3432 2224 3503 per
2277 3412 2656 3485 Martinam
2710 3412 2974 3505 Papam
3031 3413 3358 3505 quintum
3417 3416 3505 3486 ad

396 3532 473 3604 id
529 3533 931 3623 specialiter
982 3550 1107 3624 pro
1163 3534 1629 3606 Bohemorum
1682 3530 2085 3606 reductione
2122 3532 2416 3620 missus,
2473 3532 2955 3622 inchoaverat,
3013 3537 3084 3606 et
3137 3534 3324 3625 quod
3359 3534 3499 3609 Eu-

396 3652 647 3744 genius
719 3654 913 3744 Papa
978 3656 1271 3745 quartus
1344 3652 1419 3725 in
1484 3652 1829 3745 principio
1896 3672 2061 3724 suae
2126 3650 2633 3743 assumptionis
2699 3654 3146 3741 confirman8‚
3220 3653 3501 3725 tandem

396 3772 609 3845 aliter
668 3792 1046 3864 persuasus
1110 3772 1493 3845 dissolvere
1560 3771 1917 3859 studebat,
1978 3772 2298 3845 solennes
2362 3774 2705 3843 venerunt
2759 3774 3066 3844 oratores
3121 3774 3191 3843 et
3244 3770 3502 3845 Nuntii

398 3891 729 3965 videlicet
758 3891 845 3980 2);
903 3893 1255 3965 Iohannes
1312 3891 1680 3983 episcopus
1717 3890 2151 3978 Parmensis,
2211 3890 2670 3964 Gwilhelmus
2725 3889 2994 3963 ordinis
3049 3892 3312 3963 Beatae
3348 3892 3493 3965 Ma-

395 4010 545 4083 riae
577 4010 639 4100 ³)
695 4013 777 4084 de
832 4016 1067 4085 monte
1120 4012 1451 4099 Carmeli,
1508 4010 1981 4083 Provincialis
2037 4010 2530 4094 Lombardiae,
2588 4014 2659 4081 et
2696 4008 3051 4081 Antonius
3105 4010 3192 4083 de
3229 4010 3497 4083 Berun-

396 4129 525 4201 tiis
580 4133 1029 4204 Deci-storum
1093 4132 1372 4218 Doctor‚
1441 4130 1661 4203 Ducis
1726 4130 2116 4203 Sabaudiae
2181 4129 2473 4202 Amadei
2502 4129 2566 4218 ⁴)
2629 4127 3103 4202 consiliarius.
3181 4129 3278 4203 Hi
3341 4150 3500 4203 cum

396 4249 590 4321 omni
659 4250 1050 4323 reverentia
1114 4249 1457 4340 suscepti,
1533 4250 1648 4323 die
1709 4249 2075 4323 Dominico
2146 4248 2628 4321 Reminiscere
2697 4248 2770 4321 in
2836 4248 3130 4322 ecclesia
3203 4248 3502 4323 Sanctae

400 4370 665 4442 Mariae
720 4368 1305 4458 Sandomiriensi,
1362 4374 1729 4460 praesente
1784 4369 2179 4441 Wladislao
2235 4368 2458 4460 Rege,
2519 4368 2781 4460 Sophia
2834 4367 3138 4461 Regina,
3197 4369 3500 4462 Sbigneo

402 4489 726 4580 episcopo
781 4488 1221 4562 cracoviensi
1284 4493 1355 4561 et
1417 4486 1743 4579 pluribus
1806 4488 2186 4561 baronibus
2251 4487 2619 4576 Poloniae‚
2685 4486 2888 4559 finita
2949 4487 3167 4560 missa
3228 4486 3497 4575 maiori,

400 4608 823 4700 legationem
878 4628 1147 4696 eorum,
1206 4606 1489 4681 nomine
1543 4608 1767 4680 totius
1820 4608 2117 4681 concilii
2172 4606 2620 4695 Basiliensis‚
2677 4627 2801 4698 per
2853 4626 3186 4699 organum
3241 4606 3496 4679 Iohan-

400 4727 514 4801 nis
554 4728 862 4820 episcopi
899 4726 1332 4815 Parmensis,
1391 4732 1774 4819 exponunt.
1834 4728 1969 4819 Qui
2006 4725 2305 4800 notabili
2342 4730 2411 4799 et
2447 4726 2710 4799 diserta
2748 4724 3081 4814 oratione,
3139 4732 3499 4817 assumpto

400 4849 741 4921 themate:
828 4847 1062 4937 „Hora
1126 4851 1234 4919 est
1296 4846 1437 4919 iam
1500 4868 1629 4921 nos
1695 4848 1780 4920 de
1835 4868 2096 4919 sommo
2164 4866 2479 4939 surgere:
2553 4866 2739 4918 nunc
2801 4848 2910 4918 est
2973 4844 3157 4918 enim
3219 4846 3502 4937 propior

412 4968 649 5056 „salus
704 4970 975 5053 nostra,
1036 4986 1242 5057 quam
1298 4986 1456 5039 cum
1511 4966 1934 5039 credidimus
1966 4965 2098 5054 ⁵)‚“
2162 4986 2371 5053 usus,
2429 4968 2695 5037 statum
2748 4963 3044 5038 Consilii
3079 4964 3501 5038 Basiliensis

3315 5088 3364 5140 ’φ

620 5253 665 5335 ¹)
715 5258 1003 5335 pervenit.
1075 5252 1229 5319 eod.
1277 5253 1468 5319 Βοῦν.
1546 5253 1593 5335 ⁸)
1636 5256 1845 5317 Nuntii
1905 5260 2101 5317 autem
2144 5255 2209 5315 hi
2266 5255 2530 5315 fuerunt:
2597 5250 2750 5318 Cod.
2802 5252 2995 5317 Rozr.
3064 5250 3118 5333 ⁸)
3165 5254 3234 5314 B.
3277 5254 3504 5316 Mariae

401 5359 668 5435 Virginis
718 5354 870 5422 cod.
926 5356 1119 5423 Rozr.
1166 5357 1218 5439 ⁴)
1262 5358 1511 5421 Amcdei
1570 5350 1721 5421 Ood.
1758 5352 1935 5421 Calv.
1985 5354 2041 5441 5)
2086 5354 2299 5440 Epist.
2353 5354 2434 5418 B.
2486 5353 2692 5419 Pauli
2733 5353 2826 5417 ad
2869 5354 3143 5421 Roman.
3194 5349 3264 5419 C'.
3303 5353 3499 5419 XIII.

400 5482 459 5524 v.
506 5458 611 5522 11.
