4342 6384
808 548 960 623 138
2001 568 2229 626 amun
2278 567 2735 625 munemne.
3366 540 3499 645 (Α.
3540 544 3631 621 D.
3671 540 3895 644 1412.)

813 757 945 848 ,,(16
998 758 1201 830 bonis
1257 778 1494 831 eorum
1546 756 2046 831 resarciantur:
2123 762 2194 830 et
2249 756 2311 829 si
2375 756 2633 829 iudicio
2688 776 2931 848 parere
2984 758 3537 843 contemnerent,
3605 758 3899 846 uterque

820 882 1178 967 „nostrum
1233 878 1425 969 ipsos
1481 882 1814 969 tanquam
1869 878 2220 981 maleficos
2274 876 2596 969 persequi
2652 880 2723 949 et
2776 875 3185 968 impugnare
3242 874 3595 947 tenebitur
3658 878 3729 945 et
3782 874 3895 945 de-

817 996 1074 1087 „bebit.
1132 998 1254 1085 Et,
1311 1001 1393 1067 ut
1427 996 1863 1088 praelibatur
1901 998 1977 1085 1),
2037 997 2233 1068 nullo
2272 995 2766 1083 dissensionis»,
2824 994 3343 1086 displicentiae,
3384 993 3899 1066 controversiae

818 1121 932 1205 „et
985 1116 1312 1189 maleficii
1365 1136 1615 1207 genere
1682 1115 2217 1207 superveniente
2282 1114 2834 1207 quotiescunque
2906 1116 2975 1186 et
3028 1114 3416 1201 accidente,
3490 1112 3903 1203 interrumpi

823 1236 1090 1326 „possit
1145 1240 1214 1309 et
1268 1235 1516 1308 debeat
1569 1235 2127 1326 quomodolibet}
2180 1235 2297 1308 vel
2349 1234 2647 1307 dissolvi
2686 1234 2927 1306 foedus
2983 1237 3383 1325 treugarum
3440 1237 3510 1305 et
3538 1230 3601 1321 2)
3656 1232 3900 1305 inscri-

818 1355 1178 1446 „ptionum
1232 1356 1779 1448 praedictarum,
1839 1355 1961 1427 sed
2015 1360 2096 1426 ut
2149 1355 2225 1427 in
2263 1355 2528 1427 talibus
2583 1353 2843 1426 delicta
2894 1374 3033 1426 non
3077 1357 3480 1426 remaneant
3532 1353 3901 1445 impunita,

818 1475 1369 1566 „disposuimus‚
1427 1480 1508 1545 ut
1561 1476 2046 1566 undecumque
2109 1474 2470 1566 contingat
2532 1474 2607 1545 in
2663 1473 2928 1546 talibus
2983 1473 3299 1564 delinqui
3364 1477 3487 1546 aut
3540 1493 3903 1545 excessum

819 1594 1046 1685 „fieri,
1101 1601 1500 1668 recurratur
1554 1598 1624 1667 et
1676 1594 2043 1667 intimetur
2095 1616 2221 1685 per
2274 1593 2604 1665 iniuriam
2661 1597 2731 1665 et
2767 1593 3096 1665 damnum
3150 1592 3533 1683 patientem
3588 1592 3675 1664 ad
3728 1593 3902 1663 alte-

819 1735 1014 1803 „rum
1071 1713 1485 1806 oppidorum
1518 1712 1604 1803 ³),
1677 1718 1922 1805 utpote
1986 1713 2071 1786 de
2124 1714 2374 1787 incolis
2440 1713 2669 1805 Regni
2722 1712 3127 1806 Hungariae
3200 1714 3286 1784 ad
3344 1712 3675 1805 oppidum
3730 1712 3903 1785 San—

820 1834 1058 1923 „decz,
1136 1838 1207 1905 et
1269 1834 1354 1906 de
1409 1833 1660 1905 incolis
1725 1833 1954 1925 Regni
2018 1832 2351 1904 Poloniae
2424 1832 2510 1903 ad
2578 1831 2910 1924 oppidum
2973 1832 3320 1920 Lewtcze;
3394 1852 3573 1923 quae
3628 1830 3907 1923 quidem

822 1952 1122 2043 „oppida
1174 1956 1566 2039 teneantur,
1633 1951 1982 2024 iudicibus
2047 1951 2212 2025 hinc
2265 1952 2427 2025 inde
2488 1972 2576 2025 ex
2630 1954 2928 2043 utraque
2990 1956 3191 2043 parte
3244 1951 3603 2043 deputatis
3668 1956 3737 2025 et
3791 1950 3906 2021 de-

823 2052 1232 2163 „putandis,
1289 2093 1560 2160 casum,
1619 2072 1952 2145 delictum
2008 2076 2077 2144 et
2132 2091 2495 2145 excessum
2550 2071 2877 2144 intimare
2933 2076 3004 2144 et
3041 2072 3233 2163 ipsos
3289 2072 3645 2161 invocare,
3703 2076 3783 2142 ut
3834 2072 3910 2142 in

825 2191 1160 2280 „termino
1217 2192 1639 2283 competenti
1674 2190 1939 2264 iudices
1997 2195 2297 2281 quatuor
2331 2212 2649 2279 numerO,
2704 2191 3035 2265 videlicet
3089 2191 3391 2265 Comites
3438 2190 3914 2264 comitatuum

805 2311 951 2399 ,„de
1009 2310 1222 2382 Sarus
1252 2312 1339 2400 4),
1407 2310 1924 2401 Scepusiensis,
1992 2310 2403 2383 Vivarensis
2434 2308 2495 2398 5)
2561 2314 2633 2382 et
2696 2310 3205 2402 Sempliuensis
3236 2310 3323 2399 ⁶),
3396 2314 3693 2402 protunc
3748 2330 3909 2383 con-

825 2428 1107 2518 „stituti
1162 2434 1232 2501 et
1284 2450 1407 2521 per
1447 2450 1574 2501 nos
1629 2429 1979 2520 deputati,
2039 2429 2126 2499 ad
2163 2428 2578 2501 instantiam
2632 2433 2701 2501 et
2739 2430 3092 2520 querelam
3146 2428 3415 2502 incolae
3468 2429 3554 2503 de
3590 2428 3913 2517 Polonia,

827 2550 944 2638 „in
987 2548 1302 2640 Antiqua
1355 2548 1579 2620 Villa:
1657 2555 1725 2621 et
1790 2569 1876 2620 ex
1941 2547 2230 2620 adverso
2295 2548 2587 2621 totidem
2660 2548 2927 2621 iudices
2960 2548 3019 2636 ⁷)
3091 2569 3215 2640 per
3265 2550 3657 2640 praefatum
3710 2549 3914 2621 Wla-

827 2668 1176 2757 „dislaum
1233 2669 1495 2760 Regem
1567 2666 1937 2741 constituti
2002 2670 2073 2739 et
2124 2666 2200 2737 in
2253 2666 2483 2739 literis
2548 2666 2697 2739 suis
2771 2666 3183 2739 nominatim
3258 2667 3604 2759 expressi,
3670 2672 3923 2759 utpote

829 2788 1332 2877 „Sandecensis
1388 2793 1456 2861 et
1494 2785 2011 2879 Woyniciensis
2069 2786 2469 2871 castellani,
2528 2786 2740 2859 iudex
2796 2792 2866 2859 et
2904 2786 3451 2859 succamerarius
3506 2786 3917 2860 Cracovien-

831 2907 1004 2996 „sis‚
1063 2906 1276 2979 etiam
1340 2929 1463 2998 pro
1518 2911 1828 2996 tempore
1892 2904 2264 2977 constituti
2292 2904 2381 2994 8),
2448 2905 2523 2977 in
2577 2905 2753 2977 villa
2818 2907 3286 2997 Sramowyecz
3318 2906 3405 2995 ⁹),
3472 2911 3596 2978 aut
3648 2905 3722 2977 in
3774 2905 3919 2979 eis-

831 3025 1028 3114 „dem
1081 3025 1290 3113 locis,
1349 3026 1576 3098 minor
1627 3046 1790 3115 pars
1829 3025 2136 3097 iudicum
2195 3026 2599 3113 eorundem,
2656 3029 2867 3117 prout
2901 3025 3003 3097 rei
3059 3025 3365 3117 qualitas
3405 3025 3921 3117 depoposcerit,

832 3143 1326 3233 „conveniant,
1385 3164 1464 3216 ac
1517 3144 1856 3217 iudicium
1912 3149 1983 3216 et
2034 3144 2385 3216 iustitiam
2442 3144 2701 3217 faciant
2758 3144 3177 3235 simpliciter
3230 3149 3300 3217 et
3353 3145 3439 3218 de
3490 3146 3730 3237 plano,
3788 3165 3925 3217 nec

833 3284 1013 3352 „non
1070 3262 1528 3354 subterfugiis
1583 3262 2052 3351 cessantibus,
2111 3263 2186 3334 in
2242 3262 2727 3354 delinquentes
2782 3263 2993 3356 digne
3048 3264 3628 3337 animadvertant.
3694 3264 3785 3335 Et
3836 3264 3927 3335 in

835 3381 1536 3471 „corroborationem,
1595 3382 1798 3454 fidem
1855 3403 1934 3454 ac
1988 3381 2469 3454 testimonium
2526 3384 2840 3456 cautelae
2894 3383 3269 3470 uberioriS,
3340 3382 3580 3475 sigilla
3632 3383 3927 3454 Praela-

834 3506 1138 3590 „torum,
1194 3501 1530 3574 baronum
1596 3505 1667 3573 et
1720 3522 2083 3592 procerum
2147 3502 2374 3593 Regni
2441 3502 2698 3592 nostri,
2766 3524 3058 3593 quorum
3115 3502 3395 3575 nomina
3460 3501 3934 3595 singulariter

834 3620 1168 3709 „inferius
1233 3620 1754 3707 describuntur,
1827 3641 2039 3711 penes
2104 3621 2424 3712 sigillum
2494 3625 2809 3693 nostrum
2883 3622 3115 3714 regale
3185 3622 3672 3713 praesentibus
3746 3628 3931 3693 sunt

835 3761 1181 3831 „appensa
1219 3739 1330 3828 ¹⁰).
1388 3739 1536 3811 Nos
1593 3760 1866 3832 quoque
1923 3740 2368 3813 miseratione
2424 3740 2665 3813 diviua
2717 3742 3067 3813 Iohannes
3109 3742 3673 3833 archiepiscopus
3731 3741 3930 3813 Stri-

836 3858 1266 3950 „goniensiS,
1325 3857 1564 3931 Comes
1601 3864 1980 3949 perpetuus
2036 3859 2108 3931 in
2149 3858 2619 3951 Strigoniensi
2658 3865 2727 3931 et
2765 3859 3123 3932 Colocensi
3178 3859 3584 3950 provinciis,
3642 3859 3937 3933 Primas

837 3984 950 4066 „et
1004 3976 1452 4066 Apostolicae
1520 3977 1720 4050 Sedis
1786 3979 2129 4071 Legatus,
2202 3998 2281 4050 ac
2335 3978 2563 4050 Aulae
2616 3979 3089 4050 Romanorum
3143 3980 3359 4071 Regis
3424 3978 3938 4067 cancellarius;

839 4094 1232 4183 „Stiborins
1271 4094 1672 4186 AgriensiS,
1733 4096 2130 4187 Stephanus
2172 4097 2696 4187 Transylvanus
2735 4097 2849 4187 11),
2891 4097 3239 4171 Iohannes
3279 4098 3712 4187 Iawriensis,
3750 4099 3939 4172 Phi-

841 4213 1120 4303 „lippus
1183 4213 1548 4286 Vaciensis
1621 4219 1690 4286 et
1752 4214 2127 4287 Ladislaus
2194 4214 2579 4305 TiniensiS,
2657 4215 2996 4308 episcopi3
3069 4238 3196 4290 nec
3271 4239 3406 4289 non
3478 4218 3947 4315 Hermannus

843 4331 1126 4420 „Comes
1182 4331 1431 4420 Ciliae,
1489 4332 1824 4404 Nicolaus
1881 4333 1965 4405 de
2005 4333 2189 4407 Gara
2226 4334 2600 4406 Palatinus
2656 4336 2885 4427 Regni
2938 4336 3372 4429 Hungariae‚
3432 4336 3783 4410 Stiborins
3836 4337 3949 4410 de

843 4450 1311 4538 „Stiborzicze
1365 4450 1783 4542 Woyewoda
1838 4453 2395 4543 Transylvanus‚
2454 4453 2692 4527 Comes
2750 4456 2991 4528 Simon
3044 4456 3129 4528 (16
3182 4456 3469 4548 Rozgou
3522 4456 3745 4528 Iudex
3801 4476 3947 4527 cu-

843 4569 1032 4658 „riae
1087 4570 1354 4661 regiae,
1410 4568 1788 4661 Philippus
1843 4570 1926 4641 (16
1982 4570 2201 4643 Ozora
2256 4572 2497 4644 Comes
2536 4572 3087 4647 Themessiensis
3126 4574 3239 4664 ¹²),
3297 4573 3647 4646 Iohannes
3686 4574 3953 4649 Bebek

844 4688 969 4777 „de
1023 4688 1368 4759 Pelsewcz
1409 4684 1497 4777 ¹³)
1572 4688 2138 4777 Tavernicorum,
2213 4691 2562 4763 Iohannes
2636 4691 2827 4764 filius
2890 4693 3182 4765 Henrici
3222 4692 3309 4783 ¹⁴)
3374 4692 3739 4781 IanitoriS,
3805 4693 3949 4765 Io-

1049 4904 1099 4992 ¹)
1145 4908 1473 4985 praelibato
1537 4902 1689 4970 Cod.
1751 4902 1926 4970 Calv.
1998 4904 2050 4991 ²)
2095 4911 2195 4969 vel
2238 4906 2364 4971 Ed.
2412 4906 2593 4992 Lips.
2664 4908 2717 4990 ³)
2763 4912 2841 4970 ad
2884 4913 3127 4973 alterius
3187 4912 3467 4989 oppidum
3529 4906 3681 4973 Cod.
3727 4908 3954 4977 Rozr.

837 5008 890 5087 ⁴)
938 5010 1167 5070 Szarisz
1211 5008 1338 5072 Ed.
1361 5008 1542 5092 Lips.
1579 5008 1633 5088 ⁵)
1679 5011 2034 5070 Vinauensis
2083 5005 2235 5072 Cod.
2266 5008 2457 5071 Rozr.
2505 5010 2584 5089 (U
2585 5013 2917 5091 Ivarensis).
2964 5011 3016 5091 ⁶)
3050 5014 3513 5090 Sempromensis
3562 5008 3712 5075 Cod.
3746 5008 3957 5081 Cal-v.

837 5110 1276 5187 Semplimensis
1313 5108 1462 5173 Cod.
1493 5110 1686 5173 Rozr.
1739 5109 1788 5191 ⁷)
1837 5112 2078 5171 totidem
2107 5112 2325 5172 milites
2368 5110 2518 5173 ood.
2554 5108 2729 5174 Calv.
2781 5112 2835 5192 8)
2867 5117 3183 5175 constituto
3218 5110 3369 5177 Cod.
3404 5110 3580 5177 Calv.
3629 5114 3682 5196 ⁹)
3716 5116 3961 5179 Schra-

837 5213 1078 5271 mowicz
1127 5208 1275 5273 Cod.
1323 5211 1513 5276 Rozr.
1581 5213 1660 5291 ¹⁰)
1705 5232 2010 5292 appressa.
2060 5209 2212 5275 Cod.
2258 5211 2450 5276 Rozr.
2506 5211 2588 5299 ¹¹)
2635 5218 3195 5293 Transylvaniensis
3238 5214 3365 5279 Ed.
3408 5214 3589 5298 Lips.
3660 5214 3736 5297 ¹²)
3781 5218 3963 5279 Ter—

839 5313 1174 5373 mostiensis
1245 5312 1394 5375 cod.
1461 5310 1636 5377 Calv.
1697 5318 2144 5377 Temochiensis
2212 5312 2362 5379 Cod.
2408 5314 2584 5378 Kost.
2662 5315 2739 5397 ¹³)
2795 5320 3111 5380 Pelistincz
3182 5316 3333 5381 cod.
3396 5314 3571 5381 Calv.
3648 5316 3726 5398 ¹⁴)
3772 5322 3965 5385 filius

841 5414 1121 5481 Iohannis
1178 5411 1327 5476 Ood.
1374 5413 1564 5477 Rozr.
