4342 6384
881 553 1029 632 386
2061 563 2290 624 Lmen
2340 565 2801 622 (1116666166.
3401 540 3537 643 (Α.
3576 537 3667 616 D.
3708 536 3961 641 142⁹.)

869 763 1022 856 Qua
1058 761 1338 855 quidem
1373 757 1923 851 prudentissima
1959 755 2331 830 refelsione
2369 757 2423 844 ¹)
2480 759 2552 828 et
2597 756 2985 846 carptorem
3015 749 3103 841 2),
3162 753 3805 841 assentatoremque
3844 771 3961 822 ve-

866 881 1390 958 hementissime
1445 877 1793 966 confudit,
1853 883 1922 949 et
1977 897 2052 949 66
2106 875 2193 948 ab
2250 874 2437 947 omni
2484 875 2691 965 culpa
2728 878 2799 946 et
2836 870 3313 960 accusatione,
3368 871 3761 962 palatinum
3798 890 3961 942 vero

865 1002 1288 1091 Tarnowsky
1352 1000 1438 1071 ab
1506 998 1695 1070 omni
1759 995 2182 1089 suspicionis
2246 999 2415 1067 nota
2476 993 2885 1066 notabiliter
2948 991 3360 1064 vindicavit.
3436 990 3965 1082 Ret-orquebant

872 1122 1086 1195 etiam
1138 1117 1468 1191 nonnulli
1520 1117 1596 1189 in
1650 1116 2124 1190 wladislaum
2188 1116 2449 1206 Regem
2515 1135 2833 1207 magnam
2899 1112 3146 1204 culpae
3204 1115 3474 1202 partem
3493 1166 3510 1198 ‚
3568 1110 3689 1201 (1111
3742 1109 3961 1201 pluri-

869 1262 1060 1314 mum
1114 1239 1298 1330 apud
1356 1259 1430 1310 66
1476 1257 1682 1329 posse
1720 1233 2197 1311 Withawdum
2234 1234 2679 1326 permiserat,
2730 1231 2883 1324 qui,
2924 1231 3315 1304 diademate
3364 1233 3695 1322 excepto,
3753 1251 3963 1322 prope

863 1361 1270 1434 universam
1325 1357 1555 1449 Regni
1607 1356 1994 1448 potentiam
2049 1375 2207 1427 cnm
2262 1355 2455 1446 Rege
2492 1353 2989 1445 participabat,
3038 1371 3257 1442 eaque
3294 1350 3773 1441 indulgentia,
3812 1355 3959 1420 stu-

865 1481 984 1554 dia
1039 1480 1499 1566 Polonorum,
1565 1483 1648 1548 ut
1710 1475 2163 1569 propensiuS,
2231 1495 2438 1565 quam
2502 1477 2615 1546 sat
2668 1476 2848 1560 erat,
2908 1471 3291 1544 Withawdi
3344 1470 3554 1543 rebus
3594 1472 3962 1558 faveretur,

871 1603 1332 1674 converterat.

867 1956 1070 2027 Draco
1085 2008 1102 2040 ,
1145 1953 1406 2042 inriguo
1447 1949 1656 2022 initae
1702 1949 2073 2035 societatis,
2119 1967 2158 2018 a
2205 1948 2617 2038 sigismundo
2667 1947 3089 2018 Rornanorum
3135 1948 3206 2017 ot
3243 1945 3605 2035 lluugariao
3633 1944 3809 2034 Rogo
3851 1944 3969 2015 Wl-

871 2073 1141 2146 tbawdo
1183 2071 1339 2143 Duoi
1383 2069 1690 2141 mittitur.
1733 2068 1896 2140 Item
1940 2067 2291 2140 witbawdi
2342 2067 2536 2138 Ducis
2581 2084 2722 2138 cum
2776 2066 3018 2155 legatis
3062 2065 3366 2137 roloniae
3408 2065 3662 2136 donum
3705 2064 3968 2135 redeuu-

1678 2188 1858 2260 tibut
1901 2188 1984 2259 (16
2028 2186 2445 2275 suscipienda
2490 2203 2727 2257 corona
2774 2186 3179 2276 colloquium.

1081 2437 1401 2530 Quinque
1454 2433 1699 2507 diebus
1739 2433 1812 2505 in
1851 2433 2127 2506 Grodno
2186 2432 2611 2524 absumptis,
2670 2433 2847 2525 regii
2882 2433 3117 2504 nuntii
3153 2433 3555 2521 discedunt,
3595 2452 3769 2524 quos
3810 2432 3969 2502 Dux

875 2557 1318 2632 Withawdus
1381 2575 1605 2646 usque
1668 2553 1744 2625 in
1799 2552 2279 2625 Wolkowiska
2308 2550 2369 2641 3)
2426 2553 2893 2624 comitabatur
2920 2553 3010 2641 ⁴).
3066 2552 3181 2625 Ibi
3234 2553 3468 2644 priore
3518 2552 3969 2644 responsione

874 2678 948 2750 in
1003 2675 1403 2750 memoriam
1458 2674 1827 2760 advocata,
1901 2672 2295 2764 respondit:
2371 2693 2445 2744 se
2500 2691 2857 2762 nunquam
2910 2672 3181 2765 regium
3233 2673 3565 2745 honorem
3620 2676 3745 2744 aut
3796 2671 3965 2743 titu-

878 2798 1028 2869 lum
1083 2794 1495 2880 ambivisse;
1553 2793 1674 2866 sed
1728 2791 1934 2864 annis
1990 2791 2239 2863 multis
2293 2791 2380 2862 ad
2435 2791 2508 2863 id
2561 2811 2687 2882 per
2742 2791 3272 2882 Sigismundum
3326 2793 3797 2866 Romanorum
3836 2792 3971 2862 Re·

877 2937 1034 3009 gem
1090 2915 1554 3000 solicitatum,
1611 2909 2034 2984 consiliariis
2092 2910 2242 2982 suis
2299 2910 2754 2999 dissensisse,
2810 2911 2952 2983 nisi
3004 2911 3304 3003 ipsemet
3339 2911 3779 2984 wladislaus
3818 2911 3970 2983 Rex

879 3034 1222 3108 instantia
1276 3054 1404 3104 sua
1465 3030 1848 3121 multiplici
1904 3034 1974 3102 et
2025 3050 2229 3120 prece
2294 3050 2707 3103 consensum
2774 3051 2979 3102 suum
3044 3032 3483 3106 extorsisset.
3550 3032 3707 3104 Non
3762 3031 3973 3102 licere

886 3155 1125 3246 itaque
1178 3151 1317 3225 sibi
1370 3149 1918 3238 coronationem,
1976 3149 2179 3222 cuius
2232 3148 2619 3241 publicatio
2678 3155 2749 3223 et
2803 3151 2877 3222 in
2934 3151 3205 3223 Summi
3258 3152 3626 3225 Pontificis
3664 3155 3735 3225 et
3769 3149 3973 3223 Prin·

885 3275 1120 3367 cipum
1191 3271 1508 3343 universi
1579 3269 1822 3358 Orbis,
1907 3289 2044 3340 non
2117 3270 2345 3341 solum
2418 3269 2959 3360 catholicorum,
3045 3272 3165 3344 sed
3247 3247 3459 3344 etiam
3539 3270 3975 3344 ethnicorum

884 3391 1211 3466 notitiam
1262 3393 1709 3482 pervenerat,
1767 3387 2110 3460 omittere.
2167 3388 2378 3461 Nolle
2433 3394 2668 3461 tamen
2722 3411 2797 3462 66
2852 3391 3155 3482 amplius
3208 3391 3475 3464 instare
3520 3413 3644 3483 pro
3683 3409 3973 3463 coronae

885 3513 1220 3587 missione
1275 3509 1684 3603 spopondit,
1743 3509 1863 3581 sed
1919 3509 1982 3580 si
2027 3508 2389 3597 mittatur,
2446 3509 2917 3601 acceptionem
2956 3510 3106 3582 eius
3141 3532 3281 3583 non
3317 3510 3795 3583 abnuiturum.
3854 3509 3973 3582 Co-

881 3654 1123 3706 ronam
1177 3652 1342 3704 vero
1398 3629 1630 3722 Regni
1683 3627 2051 3716 Poloniae‚
2109 3628 2412 3720 spoliato
2452 3629 2698 3716 fratre,
2750 3629 3135 3721 suscipere,
3177 3632 3453 3703 foedum
3490 3631 3627 3703 sibi
3664 3634 3735 3703 et
3775 3634 3977 3720 turpe

884 3752 1213 3826 deduxit:
1272 3771 1486 3841 quum
1539 3748 2030 3820 universorum
2083 3747 2296 3819 iustis
2353 3747 2797 3820 contumeliis
2859 3771 2983 3840 pro
3038 3750 3214 3823 vitio
3268 3755 3415 3822 tam
3466 3750 3783 3822 notoriae
3836 3771 3975 3820 am-

883 3870 1177 3945 bitionis
1230 3873 1470 3960 posset
1522 3867 1746 3958 carpi,
1807 3867 1989 3958 quod
2041 3869 2372 3940 honorem
2427 3871 2499 3940 et
2554 3869 2845 3940 titulum
2898 3869 3169 3961 regium
3223 3871 3394 3943 adeo
3432 3869 3842 3961 expetierit,
3898 3873 3977 3940 ut

887 4011 1044 4063 cum
1100 3989 1359 4061 iniuria
1432 3987 1669 4059 fratris
1737 3985 1850 4058 sui
1914 3992 1984 4059 et
2047 3986 2250 4078 quasi
2314 3987 2624 4060 detracto
2680 3987 3099 4077 diademate,
3169 3994 3481 4081 tempora
3545 4010 3672 4062 sua
3734 4006 3975 4061 ornare

889 4130 1028 4181 non
1083 4107 1460 4180 erubuerit.
1517 4108 1789 4197 Rogare
1841 4105 2062 4197 igitur
2113 4106 2386 4197 legatos
2443 4107 2703 4198 coepit,
2761 4112 3107 4198 quatenus
3161 4108 3601 4182 Wladislaus
3640 4110 3796 4182 Rex
3834 4130 3972 4180 am·

889 4227 1312 4322 plitudinem
1369 4225 1507 4299 sibi
1542 4225 1963 4298 destinatam
2000 4246 2138 4295 non
2186 4223 2553 4314 distineat,
2612 4248 2749 4299 non
2787 4226 3156 4319 impediat,
3196 4231 3321 4299 aut
3357 4227 3777 4319 improperio
3816 4227 3973 4315 sibi,

892 4349 956 4420 si
1009 4345 1339 4439 prosequi
1393 4343 1906 4417 coronationem
1961 4343 2354 4432 distulerit,
2412 4343 2840 4434 imminenti,
2900 4366 3034 4437 (1116
3072 4347 3278 4418 11111111
3316 4347 3677 4439 alligavit,
3718 4347 3976 4432 solvat;

893 4489 967 4540 se
1019 4466 1206 4538 velle
1261 4462 1400 4536 sibi
1454 4468 1523 4536 et
1574 4463 1822 4535 honori
1877 4483 2002 4534 suo
2067 4467 2277 4554 atque
2332 4465 2554 4536 famae
2607 4465 3038 4557 prospicere,
3094 4487 3223 4540 nec
3268 4467 3503 4539 moliri
3556 4467 3801 4559 Regno
3846 4466 3976 4539 Po-

891 4586 1120 4660 lonico
1174 4585 1473 4671 bellum,
1533 4583 1656 4656 sed
1710 4587 1974 4654 motum
2035 4585 2471 4674 propulsare.
2537 4585 2709 4656 Erat
2772 4585 2951 4657 Duci
3018 4585 3415 4658 Withawdo
3469 4587 3640 4659 mite
3694 4591 3765 4659 et
3818 4607 3977 4678 pru·

893 4708 1062 4781 dens
1117 4703 1510 4797 ingenium,
1567 4701 1911 4793 facileque
1965 4703 2052 4774 ad
2105 4703 2358 4775 bonam
2411 4709 2748 4792 mentem,
2805 4725 2846 4775 a
2880 4705 3367 4797 prosecutione
3420 4705 3887 4779 coronationis
3918 4703 3977 4792 5)

897 4826 1154 4899 fuisset
1205 4824 1558 4897 reduetus.
1617 4821 1888 4894 Scitum
1943 4827 2050 4896 est
2104 4823 2289 4895 enim
2345 4823 2548 4895 illum
2605 4823 3131 4916 sigismundum
3169 4825 3639 4899 Romanorum
3677 4829 3747 4898 et
3782 4826 3979 4896 Hun-

891 4947 1126 5039 gariae
1189 4945 1453 5036 Regem
1515 4941 1746 5014 literis
1811 4946 1883 5014 et
1941 4943 2248 5031 1111111116,
2313 4965 2401 5016 66
2466 4943 2603 5016 sibi
2666 4964 2917 5017 corona
2978 4943 3399 5032 mitteretur,
3468 4949 3540 5017 et
3594 4943 3979 5038 ignominia

897 5086 1024 5137 sua
1087 5084 1174 5136 ex
1228 5061 1660 5154 negligentia
1729 5061 1967 5152 potius
2033 5061 2425 5152 1616616616,
2494 5083 2701 5154 quam
2764 5063 3031 5136 virtute
3093 5063 3552 5155 repressionis
3614 5063 3981 5151 decideret,

1113 5331 1163 5410 ι)
1219 5334 1604 5408 responsione
1673 5329 1824 5395 0001.
1888 5330 2079 5396 Rozr.
2139 5334 2494 5398 refutatione
2558 5331 2709 5399 Cod.
2763 5331 2940 5400 Kost.
3004 5336 3053 5418 ²)
3114 5341 3515 5398 accusatorem
3582 5331 3734 5400 Cod.
3796 5332 3987 5400 Rozr.

905 5435 956 5520 ³)
1003 5433 1374 5495 Volkoniska
1420 5430 1572 5497 Cod.
1618 5432 1811 5498 Rozr.
1859 5433 1913 5515 ⁴)
1959 5439 2270 5500 comitatus
2319 5434 2470 5501 Cod.
2525 5437 2703 5502 Kost.
2753 5438 2805 5520 ⁶)
2852 5459 3105 5502 coronae
3148 5437 3274 5501 Ed.
3319 5437 3502 5524 Lapa.
