4342 6384
420 585 555 688 (Α.
598 586 687 661 D.
728 582 981 687 1444.)
1580 608 1809 663 menn
1860 606 2372 663 Duonncnms.
3359 579 3504 653 709

428 798 543 883 „et
594 794 900 887 partium
956 792 1556 867 circumstantium
1576 850 1593 883 ,
1652 814 1823 885 quas
1878 794 2019 885 ipsi
2072 794 2282 867 Turci
2335 791 2580 866 multis
2631 790 3001 865 retroactis
3059 788 3260 862 annis
3316 791 3500 861 atro·

428 912 751 1002 „cissime
802 914 1152 1005 persecuti
1207 918 1373 986 sunt
1410 917 1497 986 et
1550 913 1633 986 de
1686 914 2038 1004 praesenti
2098 913 2426 1005 persequi
2479 933 2617 984 non
2671 915 2984 998 cessant,
3041 908 3503 996 decernimus,

428 1034 824 1121 „firmamus
887 1040 957 1107 et
1011 1033 1409 1106 stabilimus
1472 1032 1789 1104 unanimi
1852 1053 2194 1107 consensu
2258 1038 2328 1105 et
2391 1032 2756 1105 voluntate
2819 1028 3041 1101 totius
3105 1026 3508 1119 praedictae

426 1152 980 1241 „conventionis,
1044 1153 1147 1243 ire
1209 1151 1671 1243 personaliter
1736 1159 1807 1225 et
1860 1152 2222 1225 nobiscum
2283 1153 2533 1226 ducere
2595 1151 2734 1223 ista
2801 1152 3068 1222 aestate
3133 1167 3258 1219 seu
3323 1166 3507 1218 anno

425 1276 903 1363 „praesentem
967 1271 1351 1345 exercitum
1416 1291 1662 1344 versus
1726 1274 1961 1362 partes
2025 1270 2354 1345 Graeciae
2419 1276 2488 1343 et
2541 1268 2957 1355 Romaniae,
3027 1271 3097 1339 et
3158 1286 3316 1343 cum
3371 1264 3504 1339 Dei

426 1390 819 1481 „adiutorio
874 1390 1045 1481 totis
1098 1390 1370 1463 viribus
1424 1390 1683 1462 nostris
1738 1391 2053 1463 laborare
2090 1391 2178 1463 ad
2215 1389 2706 1463 exterminium
2747 1388 3090 1461 dictorum
3127 1384 3500 1476 impiorum

424 1512 877 1601 „ancorum,
932 1511 1143 1602 idque
1194 1531 1317 1601 pro
1374 1510 1621 1582 maiori
1673 1510 1777 1583 rei
1831 1510 2161 1584 firmitate
2216 1510 2601 1583 iuravimus
2657 1510 2730 1581 in
2783 1507 3106 1581 manibus
3177 1525 3495 1579 reveren-

425 1630 743 1719 „dissimi
797 1630 869 1701 in
924 1629 1200 1703 Christo
1253 1629 1477 1721 patris
1515 1634 1585 1703 et
1619 1629 1882 1702 domini
1936 1630 2204 1702 Iuliani
2249 1629 2638 1703 cardinalis
2687 1628 2928 1701 Sancti
2965 1626 3253 1717 Angeli‚
3313 1626 3499 1715 Apo-

426 1749 757 1837 „stolicae
814 1748 1015 1821 Sedis
1070 1748 1354 1841 Legati,
1424 1748 1821 1822 executioni
1884 1749 2330 1836 demandare,
2397 1749 2483 1820 ad
2537 1746 3216 1836 consolationemque
3281 1743 3502 1816 totius

424 1866 1021 1955 „Christianitatis
1075 1868 1255 1939 hanc
1307 1870 1617 1940 nostram
1672 1889 1918 1959 puram
1967 1868 2424 1942 intentionem
2487 1887 2568 1940 ac
2622 1865 3191 1940 deliberationem
3243 1862 3504 1935 nostris

424 1986 693 2075 „literis
749 2007 957 2058 manu
1010 1990 1249 2058 nostra
1302 1986 1719 2078 subscriptis
1758 1988 1813 2075 ¹)
1870 1987 2347 2079 significamus
2405 1986 2859 2059 Sanctissimo
2915 1985 2990 2057 in
3038 1984 3313 2056 Christo
3368 1983 3501 2053 Pa-

425 2105 564 2195 „tri
618 2109 689 2177 et
741 2106 1037 2177 Domino
1093 2106 1389 2177 Domino
1442 2110 1681 2178 nostro
1736 2106 2051 2200 Eugenio
2115 2107 2349 2197 Papae
2406 2109 2652 2197 quarto
2709 2108 2779 2177 et
2836 2102 3307 2177 serenissimis
3363 2102 3504 2174 Re·

424 2226 671 2318 „gibus
734 2230 805 2298 et
865 2225 1315 2317 Principibus
1380 2225 1936 2298 Christianitatis
1968 2224 2063 2314 ²):
2136 2227 2423 2317 propter
2497 2225 2681 2316 quod
2753 2217 2951 2297 nemo
3025 2221 3509 2314 quoquomodo

299 2333 307 2343 ’
424 2345 773 2438 „cogitare
828 2344 1062 2434 debet,
1122 2345 1289 2437 quin
1346 2366 1472 2417 1103
1527 2349 1672 2417 tam
1728 2350 2039 2419 sanctam
2078 2351 2146 2418 et
2185 2345 2538 2418 solennem
2593 2342 3161 2417 deliberationem
3201 2342 3503 2413 iuratam

425 2469 536 2554 „et
590 2465 849 2557 ubique
900 2465 1331 2556 publicatam
1368 2464 1669 2537 velimus
1708 2470 1776 2537 et
1815 2465 2091 2537 omnino
2147 2465 2628 2557 disponamus,
2685 2464 2827 2536 Deo
2883 2462 3342 2555 propitiante,
3401 2460 3486 2531 ad

424 2585 945 2673 „executionem
983 2590 1055 2657 et
1090 2590 1406 2675 optatum
1461 2586 1667 2656 finem
1722 2584 2077 2658 deducere.
2134 2582 2616 2655 Nihilominus
2657 2580 2821 2673 quia
2857 2579 3184 2653 nonnulli
3219 2580 3505 2671 propter

424 2704 841 2793 „adventum
896 2708 1246 2776 oratorum
1300 2702 1676 2775 Amurathi
1708 2700 1769 2791 3)
1825 2702 2278 2795 Imperatoris
2316 2704 2694 2774 Turcorum
2736 2700 2889 2773 fieri
2932 2699 3383 2791 postularunt
3415 2696 3501 2786 ⁴),

424 2822 693 2912 „adhuc
746 2820 1067 2895 dubitare
1102 2822 1463 2909 videntur,
1521 2844 1610 2894 an
1647 2822 2071 2913 praedictam
2108 2822 2680 2896 deliberationem
2718 2821 2957 2893 Budae
2995 2821 3247 2891 factam
3287 2822 3358 2891 et
3393 2817 3498 2890 iu-

422 2944 687 3031 „ratam
741 2941 994 3032 exequi
1048 2941 1380 3015 velimus:
1437 2941 1692 3015 idcirco
1730 2942 1818 3014 ad
1852 2943 2233 3015 toUendam
2288 2963 2377 3016 ex
2415 2941 2671 3014 animis
2735 2957 3300 3031 quorumcunque
3368 2937 3496 3007 hu·

424 3058 769 3147 „inemodi
821 3060 906 3132 de
959 3060 1161 3133 nobis
1217 3060 1723 3133 dubitationem
1781 3082 1903 3133 seu
1960 3061 2426 3152 suspicionem
2483 3065 2604 3133 aut
2659 3056 3150 3149 ambiguitatis
3207 3076 3496 3146 scrupu-

420 3178 642 3267 „lum,
700 3183 771 3251 et
822 3179 1233 3271 praesertim
1276 3185 1357 3251 ut
1401 3179 1967 3253 reverendissimi
2020 3180 2093 3251 in
2145 3180 2425 3253 >Christo
2479 3184 2714 3271 patres
2775 3182 2844 3251 et
2880 3176 3144 3250 domini
3199 3173 3488 3261 domini,

422 3298 881 3386 „Franciscus
935 3298 1388 3373 Venetiarum
1418 3298 1480 3388 5)
1535 3298 2202 3387 VicecancellariuS,
2261 3304 2331 3371 et
2365 3299 2766 3391 praedictus
2814 3297 3136 3369 dominus
3174 3294 3498 3367 Iulianus

422 3417 845 3509 „Supremus
882 3418 1509 3506 PoenitentiariuS,
1552 3419 1801 3492 Sacrae
1838 3420 2192 3491 Romanae
2241 3418 2598 3492 Ecclesiae
2636 3416 3026 3491 cardinalis
3083 3419 3152 3488 et
3198 3416 3500 3505 Aposto-

424 3536 643 3625 „licae
699 3537 900 3610 Sedis
954 3536 1239 3630 Legati,
1295 3559 1421 3612 nec
1474 3559 1612 3609 non
1650 3537 2001 3631 magnifici
2040 3538 2402 3629 capitanei
2436 3538 2795 3630 galearum
2834 3540 2972 3607 tam
3027 3528 3507 3605 illustrissimi

420 3654 746 3744 „Domini
799 3657 1015 3730 Ducis
1071 3656 1555 3749 Burgundiae,
1615 3678 1823 3748 quam
1859 3657 2336 3730 illustrissimi
2372 3656 2655 3729 Domini
2693 3654 3178 3739 venetiarum,
3231 3672 3501 3742 peram-

426 3773 657 3864 „plius
711 3776 795 3848 de
849 3776 1251 3849 sinceritate
1308 3780 1379 3849 et
1431 3775 1837 3868 integritate
1898 3781 2178 3849 nostrae
2243 3776 2498 3849 mentis
2555 3780 2624 3848 et
2677 3772 3008 3846 firmitate
3063 3771 3288 3843 nostri
3343 3790 3499 3861 pro-

426 3893 713 3983 „positi,
789 3916 869 3967 ac
936 3895 1421 3969 observatione
1491 3896 1962 3987 praescriptae
2034 3901 2315 3968 nostrae
2387 3892 2908 3969 deliberationis
2973 3896 3042 3965 et
3095 3889 3496 3982 promissio·

425 4011 579 4099 „nis
634 4013 1102 4087 certificentur
1156 4018 1225 4087 et
1278 4020 1798 4103 assecurentur,
1856 4017 1940 4088 de
1994 4035 2338 4088 consensu
2393 4019 2464 4088 et
2501 4034 2790 4087 assensu
2835 4015 3230 4084 nostrorum
3286 4010 3494 4081 Prae-

425 4131 769 4217 „latornm
840 4135 911 4203 et
972 4133 1309 4206 baronum
1380 4134 1565 4225 apud
1636 4155 1763 4206 nos
1829 4133 2322 4221 existentium,
2398 4140 2542 4206 tam
2608 4153 2878 4219 eorum,
2953 4130 3076 4222 qui
3137 4129 3498 4202 nobiscum

426 4249 555 4337 „ad
610 4250 990 4323 exercitum
1044 4252 1283 4324 venire
1337 4252 1625 4340 debent,
1694 4274 1901 4344 quam
1966 4253 2250 4326 illorum
2281 4254 2368 4341 θ),
2426 4252 2545 4343 (1111
2600 4251 2674 4323 111
2728 4252 2968 4341 Regno
3001 4250 3062 4338 7)
3115 4252 3496 4332 remanent,

426 4368 542 4455 „in
594 4369 804 4441 verbo
856 4369 1049 4461 regio
1106 4375 1177 4441 et
1228 4371 1487 4443 honore
1542 4375 1779 4443 nostro
1836 4392 1915 4443 ac
1968 4372 2098 4444 sub
2152 4371 2290 4443 fide
2324 4370 2742 4457 christiana,
2801 4370 2875 4441 in
2913 4389 3050 4459 qua
3085 4372 3402 4439 sanctum
3434 4364 3497 4453 ⁸)

426 4486 816 4579 „baptisma
876 4488 1264 4579 recepimus
1331 4494 1399 4561 et
1460 4489 1680 4562 vitam
1754 4492 2088 4583 consequi
2164 4511 2524 4582 speramus
2596 4494 2980 4574 aeternam,
3047 4506 3258 4577 super
3327 4487 3498 4557 haec

426 4626 667 4693 „sacra
718 4606 849 4680 Dei
902 4607 1287 4699 Evangelia
1340 4628 1568 4681 coram
1621 4611 1934 4700 praefato
1990 4609 2268 4682 domino
2334 4608 2686 4682 cardinali
2752 4605 2994 4680 Sancti
3055 4603 3314 4696 Angeli
3365 4606 3494 4676 Le-

426 4729 628 4817 „gato
686 4726 1137 4816 spondemuS,
1194 4726 1671 4817 promittimus
1726 4731 1797 4801 et
1832 4729 2275 4819 pollicemur,
2333 4728 2781 4820 iuramusque
2819 4731 2888 4799 et
2923 4730 3164 4798 votum
3203 4722 3496 4796 facimus

426 4844 765 4931 „Sanctae
818 4844 1181 4933 Trinitati,
1238 4845 1436 4917 Patri
1481 4850 1550 4918 et
1594 4846 1781 4919 Filio
1838 4852 1909 4922 et
1945 4846 2246 4939 Spiritui
2301 4848 2589 4936 Sancto,
2648 4850 2718 4919 et
2752 4844 3302 4938 gloriosissimae
3338 4841 3493 4915 Vir-

424 4962 615 5055 „gini
669 4963 929 5037 Mariae
982 4964 1112 5036 Dei
1163 4964 1519 5055 genitrici,
1577 4986 1657 5039 ac
1711 4966 2031 5039 omnibus
2087 4966 2380 5058 Angelis
2418 4970 2486 5039 et
2524 4965 2802 5038 Sanctis
2838 4964 3000 5052 Dei,
3061 4968 3130 5035 et
3181 4982 3494 5056 praeser-

630 5252 677 5332 ¹)
720 5254 1019 5331 inscriptis
1068 5248 1223 5317 cod.
1273 5247 1448 5315 Calv.
1511 5250 1561 5331 ²)
1610 5253 1959 5314 Christianis
2002 5250 2128 5316 Ed.
2177 5250 2355 5335 Lips.
2417 5252 2470 5331 ³)
2517 5252 2821 5315 Omarathi
2870 5246 3020 5314 Cocl.
3070 5246 3246 5314 Calv.
3297 5249 3352 5329 ⁴)
3394 5272 3497 5329 po-

414 5356 691 5417 stulatam
735 5352 861 5416 Ed.
906 5352 1085 5438 Lips.
1148 5352 1205 5439 ⁵)
1250 5356 1512 5416 Venetus
1570 5352 1695 5418 Ed.
1743 5354 1920 5438 Lvas.
1984 5354 2039 5436 Β)
2100 5354 2298 5417 eorum
2343 5352 2468 5417 Ed.
2529 5352 2709 5438 Dipo.
2775 5354 2828 5435 ⁷)
2875 5357 3082 5432 Regno
3125 5361 3326 5416 nostro
3369 5352 3498 5417 Ed.

414 5455 597 5542 Lips.
646 5457 697 5538 θ)
744 5459 1174 5521 sanctissimum
1217 5454 1345 5518 Ed.
1392 5454 1573 5539 Lips.
