4342 6384
353 568 467 668 (Α.
507 568 598 642 D.
641 566 898 667 maa.)
1516 593 1743 645 mann
1793 593 2254 646 11111111οω03.
3284 576 3430 649 513

352 777 420 849 110
471 776 731 869 Praga,
807 797 886 849 ea
949 764 1368 868 tempestate
1433 777 1728 851 maximi
1803 782 1874 851 et
1937 779 2191 852 famosi
2254 778 2667 868 astronomi,
2744 781 3071 870 nuntius,
3151 782 3432 873 quidam

347 898 696 989 presbyter
751 902 940 971 secta
991 898 1302 970 haeresis
1366 898 1781 971 Bohemicae
1834 898 2160 971 infectus.
2230 899 2306 971 Is
2362 898 2498 971 sibi
2551 921 2676 991 pro
2716 900 3062 993 singulari
3116 900 3433 973 novitate

347 1016 694 1105 afferebat,
754 1017 938 1109 quod
1001 1038 1181 1090 anno
1243 1016 1433 1109 ipsc,
1497 1018 1940 1109 planetarum
2005 1018 2079 1090 111
2145 1017 2429 1091 orbibus
2495 1018 2645 1091 suis
2707 1021 3085 1112 pleraeque
3140 1021 3426 1095 coniun-

345 1137 598 1209 ctiones
651 1138 929 1225 fierent,
995 1143 1068 1209 et
1129 1138 1370 1211 Lunae
1433 1144 1774 1210 nocturna
1836 1142 1906 1209 et
1970 1138 2423 1211 subterranea
2494 1138 2815 1230 eclipsis:
2894 1145 3180 1233 propter
3254 1162 3431 1233 quas

345 1258 594 1331 multae
649 1258 1059 1345 varietates,
1121 1257 1311 1330 bella
1372 1258 1560 1331 inter
1621 1258 1952 1330 mortales
2017 1263 2089 1331 et
2151 1258 2751 1332 validissimorum
2816 1266 3183 1334 ventorum
3249 1262 3433 1334 circa

343 1379 584 1450 festum
639 1378 938 1451 Sanctae
1001 1376 1261 1451 Luciae
1324 1378 1602 1466 flatum,
1668 1381 2066 1468 mortesque
2130 1378 2405 1471 Regum
2470 1383 2540 1450 et
2602 1379 3043 1471 Principum,
3120 1381 3429 1455 accidere

339 1518 608 1571 necesse
662 1505 793 1571 est.
850 1498 1176 1571 Monobat
1231 1517 1539 1589 quoque,
1595 1501 1678 1569 ut
1714 1495 1974 1588 etipse
2031 1518 2198 1571 suae
2236 1498 2472 1571 domui
2527 1498 2961 1590 disponeret,
3021 1521 3179 1573 cum
3218 1490 3429 1573 mul‘ti

339 1618 664 1689 coelestes
717 1615 1041 1705 effectus,
1097 1615 1254 1707 ipsa
1307 1636 1581 1706 quoque
1635 1620 1829 1688 aetas
1883 1614 2207 1707 gravida,
2264 1623 2555 1691 mortem
2594 1617 2731 1690 sibi
2785 1618 3088 1693 vicinam
3142 1620 3423 1692 nuntia-

334 1741 502 1808 rent.
559 1736 653 1808 Et
690 1736 856 1827 quia
890 1735 1331 1809 wladislaus
1367 1736 1524 1808 Rex
1580 1734 1908 1807 nuntium
1945 1735 2179 1827 ipsum
2236 1736 2381 1826 (ita
2418 1736 2599 1810 enim
2640 1738 3058 1829 expetierat)
3116 1734 3425 1812 exclusis

335 1855 611 1929 arbitris
665 1855 1022 1945 audiebat,
1081 1855 1430 1947 Sbigneus
1467 1855 1834 1946 episcopus
1873 1854 2353 1929 cracoviensis
2390 1856 2694 1946 verituS‚
2750 1878 2837 1930 ne
2873 1858 3238 1950 presbyter
3275 1859 3428 1951 ipse

333 1974 602 2065 aliquas
657 1996 1040 2049 venenosas
1093 1974 1586 2067 persuasiones
1640 1974 1714 2045 in
1751 1973 1915 2047 fidei
1969 1976 2466 2049 contumeliam
2523 1980 2595 2048 et
2647 1976 2958 2050 haeresis
3014 1979 3423 2051 cohonesta-

332 2095 586 2168 tionem
640 2096 1036 2185 attulisset,
1111 2116 1268 2167 cum
1324 2100 1396 2168 et
1447 2095 1600 2187 ipse
1653 2094 2016 2185 presbyter
2070 2098 2138 2167 et
2192 2095 2269 2167 in
2321 2096 2563 2169 tabula
2618 2100 2689 2168 et
2742 2096 2815 2168 in
2870 2098 3033 2169 aliis
3089 2096 3263 2170 locis
3319 2118 3423 2170 se-

329 2218 506 2286 ctam
545 2216 1006 2289 Bohemorum
1041 2214 1367 2307 pluribus
1419 2213 1814 2286 rationibus
1851 2213 2345 2305 multipliciter
2399 2214 2584 2306 apud
2621 2216 2840 2289 laicos
2873 2219 2927 2307 ¹)
2982 2216 3425 2309 promoveret

330 2338 397 2407 et
447 2336 852 2423 extolleret,
909 2334 1359 2427 gravissime,
1414 2338 1497 2406 ut
1549 2354 1677 2425 par
1729 2337 1911 2421 erat,
1968 2339 2235 2422 metue,
2294 2334 2556 2435 Regem
2612 2335 3084 2408 Wladislaum
3140 2356 3419 2428 aggres-

327 2476 476 2545 sus,
534 2455 903 2547 corripuit:
979 2474 1124 2541 cur,
1181 2474 1260 2527 eo
1317 2458 1388 2527 01
1442 2453 1606 2525 aliis
1659 2452 2088 2526 consiliariis
2153 2472 2293 2525 non
2348 2453 2721 2543 adhibitis,
2797 2455 3199 2546 presbytero
3254 2456 3417 2528 hae-

324 2576 536 2648 retico
602 2573 1030 2647 audientiam
1092 2573 1616 2665 praestitisset?
1697 2573 1853 2646 Rex
1916 2593 2043 2664 pro
2111 2574 2224 2645 sui
2288 2573 2735 2666 purgatione,
2810 2574 2994 2647 nihil
3064 2574 3271 2647 illum
3336 2576 3419 2647 de

321 2694 527 2767 rebus
581 2694 745 2767 fidei
799 2694 968 2782 sibi,
1029 2715 1156 2765 suo
1211 2698 1333 2765 aut
1370 2692 1666 2765 alterius
1721 2691 2031 2781 nomine,
2087 2694 2404 2767 locutum
2440 2693 2783 2766 astruxit:
2844 2694 2965 2767 sed
3002 2693 3085 2767 de
3125 2694 3414 2785 quibus-

321 2813 476 2887 dam
529 2813 734 2886 novis
767 2810 828 2902 2)
884 2812 1244 2886 effectibus
1311 2813 1764 2900 coelestibus,
1833 2834 2007 2905 quos
2073 2813 2263 2885 Solis
2328 2812 2613 2903 'eclipsis
2669 2818 2817 2887 erat
2848 2811 2910 2903 ³)
2964 2814 3413 2905 productura.

317 2932 480 3005 Non
535 2931 806 3024 quievit
857 2938 1092 3005 tamen
1149 2932 1497 3024 Sbigneus
1553 2930 1952 3031 episcopus,
2022 2932 2144 3004 sed
2198 2931 2644 3005 denuntiavit
2696 2932 2906 3024 Regi,
2974 2938 3056 3004 ut
3126 2934 3412 3031 presby·

316 3057 546 3124 terum
597 3052 806 3124 illum
859 3056 983 3124 aut
1045 3052 1342 3124 celerius
1408 3050 1829 3140 remitteret,
1895 3056 2018 3123 aut
2079 3052 2235 3142 ipse
2301 3052 2452 3124 iure
2516 3071 2675 3139 suo,
2750 3053 3245 3143 comprehenso
3311 3073 3413 3142 eo,

313 3172 392 3243 in
445 3171 652 3245 illum
705 3176 1056 3245 uteretur:
1131 3192 1290 3243 cum
1351 3192 1490 3244 non
1543 3170 1790 3243 liceret
1853 3170 1991 3243 sibi
2053 3170 2361 3261 aliquem
2416 3170 2598 3243 male
2662 3170 2737 3241 in
2792 3170 2928 3243 fide
2996 3171 3415 3245 sentientem

311 3294 391 3365 in
447 3312 576 3365 sua
629 3292 891 3365 diocesi
954 3291 1284 3380 tolerare,
1357 3290 1771 3383 praesertim
1835 3310 1922 3362 ne
1987 3290 2287 3362 aliorum
2352 3288 2785 3362 infirmorum
2852 3294 2922 3362 et
2986 3290 3413 3383 simplicium

309 3412 602 3485 infectio
659 3416 1091 3504 sequeretur.
1166 3412 1319 3484 Hac
1373 3410 1902 3484 denuntiatione
1954 3410 2109 3483 Rex
2165 3409 2603 3500 compulsus,
2660 3410 3139 3502 presbyterum
3212 3411 3409 3501 pavi-

303 3532 514 3620 dum,
571 3532 900 3605 adiuncto
957 3531 1096 3604 sibi
1153 3532 1600 3619 conductore,
1655 3530 1981 3604 remittit.
2047 3530 2402 3622 Apparuit
2456 3534 2527 3603 et
2581 3534 2749 3602 tunc
2804 3531 3015 3603 stella
3070 3530 3407 3618 Cometes,

303 3651 654 3724 notabilis
719 3652 998 3743 quidem
1065 3655 1135 3724 et
1196 3650 1462 3740 lucida,
1539 3651 1828 3725 caudam
1895 3672 2019 3723 seu
2083 3652 2303 3724 facem
2365 3649 2728 3742 porrigens
2802 3648 2875 3721 in
2942 3648 3406 3722 occidentem:

300 3790 494 3861 quae
565 3792 608 3842 a
667 3791 959 3863 vespera
1019 3790 1244 3862 usque
1317 3770 1405 3844 ad
1467 3791 1784 3843 auroram
1848 3769 2223 3859 rutilabat,
2300 3790 2721 3861 cursumque
2782 3789 2997 3861 prope
3051 3768 3409 3841 mensibus

295 3888 544 3963 tribus
597 3889 889 3983 peregit.
947 3888 1120 3961 Eius
1159 3895 1392 3963 autem
1447 3889 1794 3982 apparitio
1841 3890 2280 3982 singulorum
2334 3888 2901 3981 praesumptione
2938 3887 3407 3961 Wladislaum

293 4010 578 4100 Regem
633 4029 771 4081 non
823 4015 988 4101 post
1039 4010 1279 4100 plures
1335 4009 1485 4084 dies
1541 4010 1841 4082 fatorum
1895 4010 2051 4101 lege
2105 4009 2404 4083 dissolvi
2456 4007 2940 4102 portendebat.

285 4370 677 4443 Alexandro
720 4368 1113 4459 Woyovoda
1175 4368 1530 4441 loldaviao
1573 4371 1826 4440 mortuo
1842 4420 1860 4453 ‚
1922 4368 2217 4442 succedit
2275 4369 2489 4441 1101133
2546 4368 2722 4439 1111113
2772 4370 2975 4439 1113101·
3033 4371 3232 4454 natu,
3294 4370 3404 4459 qui

281 4508 334 4563 3
389 4486 601 4560 mtto
643 4490 974 4578 stephano
1019 4490 1270 4561 01001113
1310 4488 1379 4561 111
1407 4488 1730 4560 Poloniam
1774 4488 1980 4577 rugit:
2026 4487 2133 4558 11111
2163 4488 2432 4577 primum
2478 4487 2732 4577 oppidis
2777 4488 3050 4559 01111113
3096 4487 3401 4574 1101131113,

1294 4610 1448 4697 post
1488 4610 1556 4679 in
1602 4608 1864 4682 vincula
1907 4608 2244 4679 coniectus
2290 4610 2416 4680 031.
2802 4636 2807 4639 ·

517 4846 806 4919 Aestate
859 4845 1243 4936 praesenti,
1302 4866 1440 4937 qua
1492 4845 1666 4918 talia
1717 4844 2160 4937 gerebantur,
2220 4842 2622 4917 Alexander
2657 4840 3075 4934 Woyewoda
3127 4841 3391 4914 Molda-

255 4966 497 5052 viae,
554 4964 677 5055 qui
728 4962 1086 5037 beneficiis
1123 4961 1502 5036 Wladislai
1539 4964 1872 5037 Poloniae
1908 4963 2124 5055 Regis
2180 4962 2699 5053 multiplicibus
2753 4961 3057 5053 pessime
3109 4982 3394 5052 respon-

251 5088 511 5171 dens,
567 5085 838 5157 hostem
868 5082 932 5173 4)
989 5105 1193 5156 suum
1257 5087 1328 5156 et
1383 5083 1613 5178 Regni
1667 5083 1812 5173 sui,
1878 5083 2070 5176 Rege
2123 5087 2197 5155 et
2249 5084 2524 5175 Regno,
2592 5082 2813 5153 fracta
2866 5080 3032 5170 fide,
3093 5080 3394 5170 deserto,

524 5359 566 5437 ¹)
619 5359 776 5435 apud
821 5359 1066 5418 clericos
1129 5351 1281 5417 Coa.
1333 5349 1508 5414 Calv.
1587 5352 1642 5433 ⁹)
1683 5354 1830 5413 locis
1897 5350 2046 5413 eod.
2099 5347 2274 5415 Calv.
2347 5349 2401 5429 ⁸)
2450 5358 2609 5413 esset
2670 5346 2821 5412 Cod.
2874 5350 3065 5412 Rozr.
3135 5347 3190 5431 ⁴)
3236 5352 3397 5426 quod

222 5463 579 5529 videlicet
619 5461 846 5521 hostem
897 5456 1047 5522 God.
1093 5456 1284 5519 Rozr.

325 5614 394 5655 J.
423 5611 616 5661 Dlusson.
641 5610 815 5651 mutor.
843 5610 1003 5651 Polou.
1030 5608 1082 5650 Τ.
1108 5608 1188 5653 1v.
3013 5588 3081 5639 65
