4342 6384
268 585 411 685 (Α.
450 585 541 661 D.
582 587 837 686 1435.)
1415 611 1641 663 1111111111
1692 605 2204 661 nuonsscnms.
3221 587 3366 660 559

268 793 557 883 daviae,
614 794 736 887 qui
790 794 863 866 in
918 799 1145 868 castro
1200 794 1586 869 Siradiensi
1638 793 2011 867 tenebatur
2062 792 2420 885 captivae,
2479 812 2567 865 ex
2624 789 3038 884 captivitate
3104 791 3371 864 dimitti

272 914 592 1003 deberet,
654 935 741 986 an
796 916 983 986 non?
1038 935 1193 988 cum
1250 915 1545 988 Valachi
1599 913 1823 1006 partis
1880 933 2046 985 suae
2091 933 2214 1005 pro
2254 934 2382 985 sna
2417 911 2830 986 dimissione
2868 912 3245 999 instarent,
3303 917 3374 984 et-

271 1034 513 1106 nuntii
569 1032 909 1125 Stephani
964 1033 1420 1126 Woyewodae
1476 1033 1687 1106 etiam
1743 1033 1919 1106 illuc
1974 1031 2368 1120 venienteS,
2435 1053 2523 1105 ne
2575 1033 3015 1105 relaxaretur
3067 1036 3138 1104 61
3191 1032 3370 1104 inte-

275 1153 469 1226 stina
531 1153 789 1225 divisio
854 1159 1227 1245 poneretur
1292 1153 1476 1226 inter
1539 1173 1687 1240 eos,
1757 1152 2070 1225 orabant.
2136 1153 2241 1225 Re
2295 1151 2369 1224 in
2424 1151 2998 1225 deliberationem
3052 1151 3372 1238 deducta,

276 1273 632 1346 communi
688 1272 1041 1345 sententia
1091 1273 1315 1344 latum
1372 1277 1512 1344 est:
1570 1271 1849 1344 Heliam
1888 1272 2298 1344 nullatenus
2337 1271 2634 1359 dimitti,
2691 1277 2774 1344 ut
2811 1271 3210 1363 Stephanus
3249 1293 3378 1343 sua

280 1393 733 1485 captivitate,
796 1393 987 1484 Rege
1042 1391 1393 1465 existente
1430 1393 1485 1480 ¹)
1542 1391 1931 1483 impubere,
1998 1391 2070 1463 in
2136 1391 2270 1464 fide
2309 1396 2378 1464 et
2415 1390 2810 1465 obedientia
2872 1390 3379 1478 contineretur3

278 1511 733 1586 breviusculo
790 1515 1021 1584 tamen
1076 1516 1385 1603 tempore
1438 1512 1611 1583 haec
1666 1511 2017 1584 sententia
2070 1512 2452 1584 observata·
2495 1515 2637 1584 est:
2695 1532 2856 1584 nam
2911 1511 3161 1584 Helias
3216 1533 3376 1584 con-

281 1632 612 1705 ventione
665 1631 1043 1718 dissoluta,
1102 1652 1189 1702 ex
1248 1630 1633 1705 Siradiensi
1698 1637 1959 1720 castro,
2026 1630 2212 1722 qnod
2275 1635 2446 1704 tunc
2509 1651 2634 1723 per
2687 1631 2974 1704 Petrum
3030 1631 3375 1705 Schaffra-
3511 1629 3526 1640 ’

279 1743 497 1844 nyecz
552 1750 944 1842 palatinum
1000 1750 1523 1824 cracoviensem
1580 1751 1979 1840 tenebatur,
2038 1749 2474 1824 clandestine
2527 1751 2888 1844 aufugisse
2924 1753 3260 1824 confictus
3290 1749 3379 1842 ²),

284 1879 355 1944 et
412 1873 609 1944 nullo
665 1870 1087 1962 impediente
1140 1871 1213 1942 in
1272 1871 1677 1944 Valachiam
1740 1870 2145 1960 divertisse,
2213 1871 2608 1963 terramq'ue
2681 1870 3057 1944 Valachiae
3111 1871 3383 1964 guerris

284 1997 357 2064 et
410 1991 767 2083 stragibus
822 1990 1183 2064 intestinis
1238 1990 1434 2063 illico
1488 1991 1769 2064 arsisse.
1828 1989 2080 2063 Gravis
2136 1989 2424 2083 insuper
2477 1990 2794 2083 quaestio
2832 1989 2906 2063 in
2945 1990 3180 2064 eadem
3219 2009 3382 2063 con-

288 2111 619 2184 ventione
656 2111 841 2183 inter
878 2110 1392 2184 ecclesiasticos
1448 2111 1535 2183 ab
1584 2129 1757 2198 una,
1817 2115 1887 2183 et
1942 2111 2336 2183 saeculares
2391 2111 2477 2183 ab
2531 2112 2785 2199 altera,
2845 2131 3054 2202 super
3097 2110 3387 2184 decimis

289 2237 359 2304 et
414 2229 861 2323 perceptione
914 2250 1150 2303 earum
1208 2235 1278 2303 et
1332 2229 1750 2322 quibusdam
1806 2228 2135 2303 oneribus
2195 2235 2440 2302 exorta
2495 2233 2633 2318 est3
2690 2229 2930 2322 dispar
2967 2233 3199 2303 tamen
3237 2234 3387 2302 erat

292 2351 577 2424 Maioris
640 2349 973 2422 Poloniae
1028 2355 1098 2423 et
1152 2349 1635 2422 cracoviensis
1700 2354 2043 2422 terrarum
2108 2371 2350 2422 causa:
2417 2369 2576 2421 nam
2634 2349 3124 2423 Cracovienses
3181 2371 3394 2442 super

294 2470 751 2543 straminibus
808 2477 879 2542 et
923 2474 1309 2561 spontanea
1342 2469 1732 2543 redditione
1769 2469 2076 2544 decimae
2115 2491 2204 2543 ex
2244 2491 2444 2563 agro,
2502 2490 2640 2562 qno
2677 2473 3040 2547 amovetur
3075 2471 3386 2560 kmetho,

294 2591 627 2682 agebant;
693 2588 979 2662 Maioris
1045 2589 1379 2662 Poloniae
1442 2588 1746 2662 decimas
1802 2589 1875 2662 in
1930 2611 2113 2663 nova
2177 2589 2409 2663 radice
2473 2595 2971 2683 consurgentes
3027 2589 3388 2682 manipulo

294 2732 432 2782 non
487 2709 738 2782 debere
791 2709 1021 2797 reddi,
1078 2710 1483 2802 allegabant
1536 2715 1605 2782 et
1660 2729 1871 2802 snper
1904 2710 2019 2782 his
2056 2710 2509 2803 privilegium
2547 2710 2845 2783 Iaroslai
2883 2709 3388 2802 archiepiscopi

298 2828 724 2902 Gnesnensis
779 2835 851 2901 et
904 2829 1015 2900 6111
1069 2829 1378 2921 Capituli
1435 2828 1939 2902 ordinationem
1994 2829 2397 2902 huiusmodi
2465 2830 2829 2902 continens
2893 2829 3389 2921 producebant.

300 2951 465 3022 Cum
522 2955 755 3022 antem
810 2970 921 3021 res
975 2950 1177 3021 nulla
1231 2949 1665 3023 discussione
1695 2947 1759 3040 ³)
1813 2955 2001 3023 certa
2037 2949 2266 3022 decidi
2305 2953 2574 3041 posset,
2633 2949 3014 3042 singularis
3051 2949 3193 3022 alia
3229 2970 3388 3022 con-

303 3069 533 3142 ventio
572 3090 695 3161 pro
736 3068 847 3142 die
886 3069 1419 3161 Assumptionis
1476 3069 1773 3142 Sanctae
1828 3070 2120 3158 Mariae,
2179 3070 2254 3140 in
2309 3070 2702 3160 Pyotrkow,
2760 3069 2882 3141 ubi
2937 3070 3121 3141 nulli
3159 3069 3391 3156 alteri,

307 3211 509 3282 qnam
565 3189 731 3261 hnic
784 3189 886 3262 rei
940 3196 1338 3279 vacaretur,
1400 3189 1755 3262 instituta.
1812 3190 2192 3262 Pontifices
2248 3211 2384 3281 quo
2441 3188 2665 3282 magis
2721 3185 2972 3263 armati
3023 3194 3093 3262 et
3127 3191 3394 3282 provisi

306 3308 504 3381 bonis
561 3306 809 3380 mediis
847 3308 921 3380 in
957 3308 1357 3380 huiusmodi
1412 3307 1939 3381 conventionem
1994 3308 2615 3400 Pyotrkoviensem
2645 3311 2708 3398 ⁴)
2763 3309 3208 3398 advenirent,
3267 3311 3393 3401 Sy-

308 3429 559 3499 nodum
600 3426 1101 3519 provincialem
1140 3427 1214 3500 in
1251 3428 1581 3500 Lancicia
1602 3427 1663 3517 ⁵)
1700 3449 1824 3520 pro
1863 3428 1976 3500 die
2005 3428 2459 3501 Ascensionis
2498 3428 2780 3501 Domini
2819 3429 3229 3503 instituunt.
3287 3430 3400 3502 Ibi

312 3548 599 3620 Alberto
654 3547 1174 3639 archiepiscopo
1232 3547 1623 3621 Gnesnensi
1679 3551 1751 3621 et
1786 3548 2135 3640 episcopis
2170 3547 2576 3640 provinciae
2613 3548 3226 3637 convenientibus,
3283 3550 3398 3622 (16-

314 3668 680 3740 liberatum
730 3673 868 3741 est:
927 3667 1327 3740 libertatem
1372 3667 1763 3756 Ecclesiae,
1822 3669 2015 3760 Rege
2069 3668 2421 3740 existente
2475 3666 2869 3760 impubere,
2926 3667 3130 3740 bonis
3179 3669 3402 3741 modis

314 3786 715 3859 dilationem
772 3785 1295 3860 continentibus
1350 3787 1833 3860 sustinendam
1872 3807 2058 3874 esse;
2116 3787 2180 3858 si
2218 3787 2457 3878 aliqua
2493 3788 2603 3860 vis
2643 3787 3049 3874 inferretur,
3108 3807 3402 3860 censura

317 3905 785 3978 ecclesiastica
821 3927 945 3998 pro
981 3907 1216 3998 gladio
1254 3907 1625 3993 utendum;
1681 3906 1965 3980 Maioris
2014 3907 2350 3979 Poloniae
2397 3907 2777 3980 baronibus
2813 3905 3400 4000 respondendnm,

318 4025 785 4098 Gnesnonsem
824 4025 1188 4098 ecclesiam
1226 4027 1314 4098 ad
1353 4026 1908 4100 observationem
1944 4027 2307 4119 privilegii
2345 4027 2641 4100 Iaroslai
2682 4049 2817 4098 non
2857 4027 3187 4120 obligari,
3244 4049 3400 4099 cum

320 4145 427 4216 ab-
456 4166 532 4216 eo
588 4151 925 4236 tempore‚
984 4167 1119 4236 quo
1175 4146 1247 4218 vi
1304 4150 1376 4218 et
1426 4145 1885 4237 impressione
1938 4149 2328 4219 confectum
2365 4147 2760 4235 constabat,
2803 4147 3055 4220 fuisset
3091 4147 3200 4218 illi
3242 4167 3400 4218 con-

320 4264 531 4336 traria
583 4264 1084 4338 consuetudine
1138 4271 1209 4338 et
1263 4266 1707 4340 observantia
1760 4267 2190 4359 derogatum.

652 4619 921 4697 1016111ιί
968 4621 1271 4713 episcopo
1314 4618 1787 4696 Praemislionsi
1834 4619 2129 4695 succedit
2174 4621 2472 4696 1116016116
2515 4621 3068 4696 Ghnanstovski.

527 4861 876 4942 Vicesima
912 4870 1149 4942 Martii
1186 4870 1537 4942 Iohannes
1574 4870 1944 4963 episcopus
1974 4870 2541 4943 Praemisliensis
2572 4870 3101 4962 cognominatus
3133 4867 3411 4961 Slyedz,

330 4987 601 5059 natione
656 4989 1028 5081 Cuyavita,
1085 4989 1170 5061 de
1224 4990 1401 5063 villa
1453 4981 1730 5079 Luben,
1790 4990 2051 5063 nobilis
2105 4991 2190 5062 de
2245 4991 2445 5062 domo
2501 4990 2803 5075 Doliwa‚
2863 4989 3158 5060 moritur
3211 4993 3282 5060 et
3339 4989 3412 5061 in

334 5107 616 5180 ecclesia
671 5109 883 5181 castri
938 5108 1499 5182 Praemisliensis
1556 5109 1918 5201 sepelitur.
1975 5109 2192 5181 Cuius
2241 5113 2460 5181 morte
2499 5113 2771 5194 secuta,
2827 5106 3141 5180 Praelati
3180 5113 3251 5179 et
3288 5107 3414 5178 Ca-

544 5377 593 5455 ¹)
639 5387 875 5442 extante
918 5380 1043 5445 Ed.
1094 5381 1273 5465 Lips.
1339 5383 1390 5462 ⁸²)
1440 5383 1745 5443 convictus
1790 5377 1914 5443 Ed.
1974 5379 2152 5463 Lips.
2219 5380 2270 5459 ³)
2317 5381 2616 5442 decisione
2665 5374 2816 5442 Cod.
2861 5377 2998 5440 Lis.
3056 5376 3108 5458 ⁴)
3159 5379 3418 5440 Petrico-

341 5478 591 5542 viensem
632 5481 758 5546 Ed.
803 5481 986 5566 Lips.
1038 5484 1088 5564 ⁵)
1136 5487 1451 5546 Lanciciae
1501 5480 1654 5546 Cod.
1702 5481 1877 5545 Kost.
