4342 6384
851 540 1000 645 118
2039 592 2267 645 unna
2318 591 2776 648 minuemus.
3438 567 3573 668 (Α.
3614 568 3705 644 D.
3746 566 3950 667 1411.)

845 782 1023 867 rato,
1079 800 1238 851 cum
1275 777 1740 871 quadraginta
1793 776 2275 851 tantummodo
2330 775 2683 853 militibus
2736 776 2911 849 illuc
2966 775 3069 849 ire
3122 776 3387 869 pergit3
3442 776 3619 849 illuc
3673 798 3949 870 quoque

845 898 1294 989 perveniam,
1353 898 1804 985 antemurali,
1863 898 2047 989 quod
2103 896 2578 991 negligentius
2633 896 2817 970 infra
2854 898 2909 986 ¹)
2963 896 3158 989 pacis
3198 901 3577 970 tractatum
3630 918 3944 970 asserva-

846 1017 1057 1091 batur
1086 1018 1173 1108 2),
1231 1017 1577 1111 disrupto,
1635 1039 1956 1110 magnam
2011 1038 2349 1109 equorum
2404 1016 2749 1090 nobilium
2807 1016 3367 1105 multitudinem,
3424 1021 3571 1090 tam
3630 1018 3952 1110 Magistri

850 1158 1058 1230 quam
1115 1160 1400 1211 suorum
1463 1137 2113 1230 stipendiariorum,
2181 1140 2409 1211 aufert
2474 1142 2545 1211 et
2600 1138 2915 1227 abducit,
2992 1142 3062 1210 et
3116 1137 3537 1211 antemurali
3592 1160 3947 1227 succenso,

850 1279 1185 1350 equorum
1241 1257 1584 1331 nobilium
1636 1279 1915 1352 gregem
1971 1280 2219 1332 versus
2275 1257 2575 1335 Wislam
2630 1258 2961 1331 traducit.
3030 1258 3246 1351 Quem
3300 1259 3713 1332 mercenarii
3766 1258 3949 1332 mili-

851 1381 960 1451 tes
1017 1399 1106 1452 ex
1162 1379 1478 1468 Thomu,
1535 1380 1784 1451 damno
1841 1377 2166 1471 Magistri
2222 1382 2293 1451 et
2331 1376 2469 1452 suo'
2494 1378 2797 1472 cognito,
2852 1378 3179 1472 persequi
3238 1378 3313 1452 in
3348 1380 3739 1472 glomerata
3772 1381 3947 1452 mul-

851 1498 1156 1573 titudine
1210 1503 1609 1592 coeperunt.
1685 1499 1820 1591 Qui
1883 1498 2451 1591 persequentium
2516 1520 2765 1573 manus
2820 1520 3194 1589 evasuruS‚
3262 1520 3597 1593 equorum
3650 1522 3859 1595 grege
3892 1499 3950 1590 ³)

852 1641 1010 1692 cum
1065 1619 1214 1693 suis
1286 1618 1557 1712 praeire
1630 1623 1702 1691 et
1754 1617 2060 1691 Wislam
2133 1639 2463 1711 superare
2528 1618 2721 1692 iusso
2752 1620 2838 1708 ⁴),
2915 1619 3067 1712 ipse
3128 1641 3291 1695 vero
3365 1642 3521 1694 cum
3588 1620 3949 1693 duodecim

854 1740 1368 1830 tantummode,
1425 1741 1666 1813 hostes
1713 1739 1876 1813 duci
1930 1760 2004 1813 se
2041 1740 2130 1813 ad
2164 1738 2463 1815 insidias
2510 1740 2775 1813 veritos
2812 1740 3073 1833 decipit
3103 1740 3191 1831 ⁵),
3248 1741 3519 1813 tamdiu
3562 1741 3951 1816 resistendo

853 1864 926 1933 et
979 1862 1214 1953 fugam
1279 1860 1707 1949 simulando,
1773 1860 1990 1933 donec
2052 1860 2138 1932 ad
2202 1882 2451 1949 naves,
2522 1882 2698 1953 quae
2762 1860 2914 1935 eius
2984 1862 3364 1935 adventum
3438 1861 3949 1954 operiebantur,

851 1979 1197 2073 pervenit.
1255 1980 1526 2072 Quibus
1581 1980 2010 2069 conscensis,
2077 1980 2662 2073 persequentibus
2718 2002 2793 2055 se
2855 1987 2926 2055 et
2980 1986 3133 2054 tum
3196 1980 3499 2074 primum
3554 1987 3748 2055 metu
3810 1982 3949 2054 dis-

852 2102 1085 2194 pulso,
1143 2101 1218 2174 in
1253 2122 1412 2175 eum
1466 2100 1732 2175 irruere
1786 2102 2298 2196 satagentibuS‚
2354 2101 2751 2177 valedicens
2769 2160 2787 2193 ,
2842 2102 3215 2176 incolumis
3272 2106 3341 2175 et
3377 2102 3759 2175 hostilibus
3796 2122 3949 2195 gra-

856 2221 968 2294 vis
1024 2222 1304 2314 spoliis,
1372 2221 1812 2315 Bidgostiam
1877 2222 2136 2311 evasit,
2204 2222 2525 2299 omnibus
2591 2224 2791 2315 equis
2844 2222 3170 2317 Magistri
3234 2227 3303 2295 et
3358 2243 3641 2295 suorum
3698 2243 3951 2295 merce-

855 2342 1210 2416 nariorum
1245 2342 1558 2417 militum
1594 2343 1778 2435 apud
1813 2344 2072 2435 Papow
2106 2344 2367 2436 captis,
2406 2344 2493 2417 ad
2520 2344 2805 2436 plenum
2842 2343 3137 2436 potituS.
3195 2343 3383 2436 Quae
3419 2364 3531 2417 res
3570 2342 3953 2415 Henricum

855 2462 940 2536 de
993 2464 1274 2538 Plawen
1329 2463 1744 2557 Magistrum
1803 2464 2133 2537 Prussiae
2188 2463 2493 2539 maximo
2548 2462 2899 2538 afficiebat
2952 2465 3221 2554 dolore,
3280 2464 3465 2557 quod
3520 2467 3593 2537 et
3630 2464 3719 2536 ab
3754 2465 3955 2536 hoste

855 2587 1000 2655 tam
1051 2584 1302 2674 debili,
1359 2589 1506 2658 tam
1559 2585 1756 2659 foede
1808 2589 1881 2659 et
1933 2584 2207 2659 notorie
2259 2584 2551 2659 invasus
2606 2588 2676 2660 et
2711 2584 3023 2658 violatus
3078 2584 3321 2674 fuerit,
3379 2588 3629 2660 ettam
3684 2582 3957 2677 ingenti

855 2703 1105 2778 damno
1160 2704 1474 2780 affectus·
1885 2716 1890 2723 ’

965 3069 1357 3143 wladislaus
1400 3071 1540 3144 Rex
1583 3071 1954 3143 consultore
1989 3070 2362 3145 Alexandro
2406 3072 2576 3143 nuce
2619 3070 2847 3161 lagno
2892 3070 3297 3157 Lithuaniae,
3342 3070 3600 3143 folonia
3644 3072 3834 3161 turpe

1429 3195 1498 3264 et
1542 3192 1918 3264 damnosum
1963 3210 2104 3264 cum
2147 3192 2493 3263 Pruthenis
2536 3194 2917 3283 perpetuum
2959 3190 3087 3263 init
3132 3191 3381 3263 foedus.

1065 3432 1239 3504 Post
1299 3430 1532 3504 varios
1595 3434 1973 3521 tractatus,
2047 3453 2171 3524 pro
2236 3436 2573 3524 perpetua
2635 3452 2805 3523 pace
2876 3430 2949 3503 in
3016 3430 3455 3503 Thorunensi
3527 3430 3763 3503 insula
3831 3450 3957 3522 per

859 3552 1300 3625 consiliarios
1351 3550 1721 3641 utriusque
1757 3551 1982 3644 partis
2019 3552 2506 3644 interpositos,
2562 3572 2687 3643 per
2722 3572 3003 3644 operam
3040 3550 3431 3623 Alexandri
3469 3550 3689 3623 Ducis
3716 3548 3954 3643 Magni

858 3670 1310 3761 Lithuaniae,
1369 3673 1456 3744 ad
1509 3672 2120 3765 reintegrationem
2176 3673 2655 3744 tantummodo
2712 3672 2825 3745 sui
2879 3673 3193 3744 Ducatus
3248 3670 3687 3759 Lithuanici,
3745 3674 3817 3743 et
3869 3670 3955 3742 ad

857 3792 1322 3866 rehabendam
1352 3793 1415 3883 ⁶)
1471 3797 1730 3867 terram
1785 3814 1983 3867 suam
2041 3793 2535 3887 Samagittiae,
2592 3792 2676 3866 de
2714 3814 2851 3885 qua
2902 3814 3028 3885 per
3064 3790 3454 3865 cruciferos
3510 3797 3769 3865 exutus
3808 3793 3953 3864 fue-

857 3917 999 4001 rat,
1056 3934 1472 4006 magnopere
1527 3918 1597 3987 et
1652 3913 1915 3987 fervide
1969 3913 2394 4002 aestuantis,
2463 3913 2593 3986 sub
2650 3912 3166 3986 conditionibus
3220 3932 3466 4003 parum
3521 3912 3765 4004 Regno
3818 3912 3953 3985 Po-

859 4031 1090 4106 loniae
1142 4033 1388 4126 aequis
1441 4038 1512 4107 et
1565 4033 1899 4123 utilibus,
1958 4035 2317 4124 conclusa,
2386 4036 2659 4106 firmata
2724 4037 2794 4107 et
2846 4032 3189 4123 inscripta
3244 4038 3375 4105 est.
3446 4032 3955 4124 Principalium

860 4156 1094 4226 autem
1149 4153 1626 4227 conditionum
1681 4176 1762 4228 ea
1816 4155 1954 4228 fuit
2007 4154 2469 4228 continentia:
2546 4159 2627 4226 ut
2680 4153 3017 4227 Poloniae
3070 4154 3227 4225 Rex
3294 4153 3525 4225 omnia
3588 4157 3819 4226 castra
3882 4152 3957 4225 iu

859 4273 1069 4347 terris
1123 4274 1458 4347 Prussiae
1511 4274 1662 4347 iure
1715 4276 1888 4349 belli
1942 4276 2294 4369 quaesita,
2353 4275 2691 4369 Magistro
2749 4281 2818 4349 et
2874 4273 3119 4347 Ordini
3170 4274 3506 4347 restituat
3561 4278 3631 4347 et
3684 4274 3769 4346 de
3806 4273 3957 4346 illis

861 4394 1175 4468 excedat.
1231 4394 1440 4483 Item,
1497 4398 1578 4467 ut
1617 4416 1852 4468 omnes
1907 4395 2232 4489 Magistri
2288 4400 2359 4469 et
2397 4396 2679 4469 Ordinis
2733 4396 2805 4467 in
2845 4396 3377 4489 quibuscunque
3400 4395 3459 4483 ⁷)
3516 4394 3957 4467 conflictibus

861 4520 1104 4607 captos
1161 4516 1392 4588 solvat
1453 4514 1527 4587 in
1590 4514 1939 4608 integrum
2004 4522 2073 4589 et
2126 4518 2420 4591 relaxet.
2479 4519 2695 4605 Item,
2754 4517 2937 4609 quod
2994 4516 3331 4608 Magister
3392 4520 3463 4589 et
3518 4514 3702 4587 Ordo
3758 4514 3955 4588 Wla-

859 4634 1084 4709 dislao
1139 4635 1471 4709 Poloniae
1536 4635 1713 4729 Regi
1786 4641 1855 4709 et
1919 4658 2044 4709 suo
2108 4638 2383 4730 Regno,
2456 4660 2580 4730 pro
2644 4637 2874 4710 tribus
2946 4636 3297 4724 terminis,
3374 4637 3552 4708 festo
3621 4634 3957 4708 videlicet

861 4756 1105 4830 Sancti
1158 4756 1496 4830 Iohannis
1552 4756 1951 4847 Baptistae,
2018 4758 2187 4832 item
2244 4760 2421 4831 festo
2488 4757 2730 4831 Sancti
2784 4757 3184 4846 MichaeliS,
3251 4756 3421 4829 item
3478 4757 3657 4829 festo
3715 4755 3957 4829 Sancti

860 4877 1145 4950 Martini
1199 4876 1365 4949 anni
1419 4881 1591 4949 tunc
1645 4878 2020 4967 currentis,
2087 4882 2367 4952 centum
2432 4879 2661 4951 millia
2688 4877 2752 4968 8)
2819 4898 3323 4971 sexa-genarum
3385 4878 3690 4948 latorum
3760 4897 3954 4969 gros·

861 5018 1093 5071 sorum
1147 4996 1610 5092 Pragensium
1666 4999 2020 5088 exsolvat,
2079 5020 2237 5071 cum
2293 4999 2729 5073 Wladislaus
2785 4998 2941 5071 Rex
2998 5019 3039 5069 a
3094 4996 3265 5070 solis
3321 4996 3624 5089 captivis
3678 5001 3957 5069 centum

1077 5290 1126 5369 ¹)
1171 5294 1328 5353 circa
1368 5290 1496 5354 Ed.
1544 5291 1725 5376 Lips.
1797 5288 1852 5375 ἰ)
1900 5292 2329 5353 adversabatur
2377 5284 2527 5352 0οᾶ.
2573 5288 2765 5352 Rozr.
2830 5288 2883 5368 ³)
2914 5284 3171 5367 'gregem
3220 5285 3371 5352 Cod.
3417 5286 3609 5351 Rozr.
3681 5285 3740 5367 ⁴)
3787 5290 3964 5350 iussit

867 5390 1018 5460 Cod.
1063 5392 1257 5457 Rozr.
1321 5394 1376 5473 ε5)
1421 5396 1640 5473 decipit
1683 5392 1854 5457 deest
1881 5394 1954 5457 in
1987 5388 2138 5456 0οᾶ.
2176 5388 2350 5455 Calv.
2384 5401 2444 5456 et
2470 5391 2646 5457 Kost.
2696 5391 2749 5468 ⁸)
2794 5394 2871 5453 ad
2914 5393 3327 5455 retrahendam
3355 5390 3483 5453 Ed.
3518 5389 3697 5474 Lips.
3749 5389 3803 5472 ⁷)
3832 5392 3963 5467 qui-

863 5501 1122 5561 buslibet
1162 5496 1290 5561 Ed.
1335 5496 1516 5583 Lips.
1566 5497 1622 5579 8)
1667 5498 1865 5561 decies
1911 5503 2144 5560 centum
2187 5498 2375 5559 millia
2422 5493 2572 5560 Cod.
2624 5490 2799 5559 Calv.
