4342 6384
348 542 487 643 (D.
522 541 615 620 Α.
658 541 911 642 1420.)
1520 567 1747 620 mann
1799 567 2258 620 unnncfflus.
3297 549 3444 622 249

348 744 693 824 instantia
745 755 1064 844 rogatus,
1124 751 1469 824 notabiles
1523 751 1813 824 nuntios
1866 753 2169 844 propriis
2235 752 2629 843 sumptibus
2695 752 3049 841 Turciam,
3127 753 3442 827 deferen-

351 877 459 944 tes
514 873 895 945 'turcorum
949 872 1229 944 Caesari
1280 871 1587 964 plurima
1640 873 1819 944 dona
1872 873 1945 945 in
1995 894 2196 960 anre,
2261 878 2581 966 argente,
2637 873 2964 966 gemmiS,
3025 873 3326 946 Schubis
3365 874 3445 963 ¹),

350 991 582 1083 equis,
650 992 969 1064 vestibus
1006 996 1077 1064 et
1113 991 1453 1064 clenodiis
1518 991 1767 1080 variis,
1837 993 2264 1081 transmisit,
2331 992 2818 1066 liberationem
2883 993 3318 1083 captivorum
3374 1000 3445 1066 et

349 1131 621 1203 pacem,
688 1115 813 1184 aut
874 1110 1069 1203 pacis
1136 1111 1579 1185 sufferentias
1644 1111 2047 1204 Hungariae
2104 1112 2347 1204 Regno
2402 1115 2926 1203 procuraturus,
2999 1111 3146 1184 Nec
3201 1112 3450 1186 effectu

350 1231 611 1323 legatio
665 1251 793 1304 sua
846 1230 1104 1304 caruit:
1162 1231 1548 1303 Turcorum
1602 1253 1903 1323 namque
1958 1232 2209 1305 Caesar
2271 1230 2560 1304 Domini
2623 1231 2758 1305 mei
2812 1231 3190 1304 Wladislai
3244 1232 3448 1304 Polo-

350 1350 507 1423 niae
560 1350 781 1443 Regis
834 1349 1297 1441 petitionibus
1352 1350 1597 1424 volens
1654 1371 1805 1424 esse
1860 1352 2191 1444 moriger,
2251 1373 2486 1425 omnes
2541 1352 2996 1426 notabiliores
3048 1352 3450 1444 Hungariae

350 1471 674 1560 baroneS,
740 1475 812 1543 et
868 1469 1227 1564 signanter
1288 1470 1660 1544 Nicolaum
1706 1473 1789 1544 de
1835 1472 2019 1545 Gara
2081 1472 2486 1544 Palatinum
2549 1471 2988 1564 Hungariae,
3057 1473 3440 1564 pluresque

353 1588 529 1662 alios
584 1611 625 1662 a
680 1589 1093 1682 captivitate
1146 1591 1487 1679 absolvit,
1548 1595 1929 1684 treugaque
1984 1612 2344 1679 concessa,
2403 1591 2614 1664 etiam
2654 1613 2726 1664 se
2762 1613 3001 1683 pacem
3039 1595 3448 1684 perpetuam

354 1709 790 1784 firmaturum
828 1709 1234 1801 spopondit3
1292 1711 1703 1802 nuntiisque
1740 1711 2021 1784 Domini
2061 1711 2196 1784 mei
2234 1711 2614 1784 Wladislai
2660 1711 2994 1784 Poloniae
3031 1711 3247 1804 Regis
3286 1731 3448 1783 suos

353 1827 771 1921 adiungens,
826 1829 993 1902 illos
1047 1829 1133 1900 ad
1187 1829 1561 1903 Dominum
1598 1851 1822 1904 meum
1865 1833 2161 1924 Regem,
2219 1832 2294 1904 in
2332 1831 2767 1924 Hungariam
2809 1831 3190 1904 transitum
3229 1832 3448 1903 factu-

354 1968 497 2036 ros,
554 1949 643 2020 ad
694 1949 1173 2040 placitandum
1230 1950 1315 2022 de
1368 1971 1537 2042 pace
1589 1961 1929 2042 perpetua
1982 1956 2054 2023 et
2108 1950 2260 2024 eius
2315 1950 2869 2039 conditionibus,
2927 1951 3211 2024 direxit.
3269 1951 3451 2022 Dum

352 2072 584 2140 tamen
614 2065 679 2157 2)
732 2089 917 2140 unus
972 2088 1061 2140 ex
1116 2069 1387 2142 nuntiis
1443 2070 1725 2142 Domini
1780 2071 1915 2143 mei
1953 2071 2204 2163 RegiS,
2262 2071 2729 2164 Hungariam,
2789 2070 3236 2144 securitatem
3273 2091 3450 2141 nun-

355 2187 477 2260 tiis
536 2188 913 2262 Turcorum
972 2189 1419 2277 obtenturus,
1486 2189 1925 2278 divertisset,
1993 2212 2117 2282 per
2170 2196 2334 2264 tuae
2391 2190 2810 2264 Serenitatis
2863 2189 3189 2262 baronem
3243 2189 3451 2280 Pipo-

358 2329 515 2380 nem
580 2327 719 2380 11611
783 2328 985 2381 86668
1050 2331 1259 2400 quam
1320 2308 1548 2382 hostis
1603 2313 1673 2383 61
1725 2310 2097 2383 insidiator
2160 2315 2410 2402 captus
2473 2315 2581 2383 est
2636 2315 2706 2382 et
2761 2308 3018 2402 viginti
3084 2309 3168 2382 de
3220 2331 3360 2382 una
3391 2309 3453 2397 ³)

354 2427 811 2502 hebdomadis
880 2427 955 2500 in
1001 2429 1281 2502 horrido
1344 2429 1641 2503 carceris
1698 2431 2023 2521 squalore
2088 2435 2362 2518 tentuS,
2429 2430 2798 2522 omniaque
2854 2453 2982 2502 sna
3035 2430 3456 2502 vestimenta

354 2567 579 2639 usque
634 2547 723 2620 ad
778 2547 1232 2622 calceamenti
1286 2548 1689 2642 corrigiam,
1747 2569 1833 2622 ne
1889 2571 2063 2640 quas
2118 2549 2360 2622 literas
2416 2550 2746 2623 adversas
2799 2550 2872 2623 in
2911 2549 3147 2622 dolum
3188 2553 3258 2621 et
3293 2569 3446 2641 per-

354 2667 609 2740 niciem
665 2667 1161 2760 Hungarorum
1218 2669 1429 2742 ferret
1466 2688 1733 2754 secum,
1794 2667 2015 2741 scissa
2052 2673 2123 2742 et
2160 2671 2503 2755 scrutata,
2563 2690 2873 2761 opusque
2913 2669 3451 2742 saluberrimum

354 2785 427 2858 in
480 2786 783 2860 dedecus
837 2806 1140 2859 versum.
1198 2789 1291 2859 Et
1343 2789 1511 2860 licet
1547 2787 1886 2860 Dominus
1926 2809 2121 2862 meus
2158 2790 2315 2862 Rex
2354 2791 2752 2880 frequenter
2789 2793 2859 2862 te
2895 2788 3124 2861 literis
3164 2793 3234 2861 et
3269 2809 3445 2859 nun-

351 2904 475 2978 tiis
539 2907 922 2995 monuerit,
996 2911 1077 2978 61
1140 2906 1545 2982 16116668168
1608 2907 1895 2999 grandis
1951 2908 2024 2980 in
2081 2909 2194 2980 sui
2247 2908 2482 2980 nuntii
2547 2907 2946 2981 detentione
3009 2929 3134 2980 suo
3189 2906 3454 2979 nomini

354 3025 629 3114 inusta,
694 3047 919 3118 poena
980 3027 1325 3120 condigna
1386 3027 1726 3100 mulctata
1790 3027 2073 3117 fuisset,
2145 3033 2270 3100 tua
2333 3032 2566 3100 tamen
2623 3027 2978 3101 Serenitas
3033 3048 3172 3098 non
3228 3028 3455 3098 solum

352 3146 676 3220 ruborem
728 3145 999 3238 regium
1052 3167 1191 3218 non
1242 3145 1563 3234 rescidit,
1638 3146 1757 3220 sed
1813 3147 2324 3220 dissimulando
2380 3150 2828 3222 vehementer
2881 3147 3104 3220 auxit.
3184 3146 3454 3218 Existi-

314 3318 321 3326 ·
352 3271 499 3338 mat
555 3265 851 3339 forsitan
888 3270 1013 3338 tua
1050 3265 1439 3355 Serenitas,
1496 3266 1766 3339 nuntiis
1822 3267 2106 3340 Domini
2142 3267 2280 3340 mei
2317 3267 2698 3340 Wladislai
2745 3267 3080 3340 Poloniae
3114 3265 3332 3358 Regis
3371 3266 3457 3338 ad

354 3385 739 3458 ancorum
793 3385 1149 3458 Caesarem
1206 3384 1268 3458 si
1322 3407 1497 3477 opus
1553 3388 1762 3476 foret,
1819 3386 2062 3474 116118,
2121 3386 2405 3459 1161111181
2440 3409 2566 3478 per
2601 3388 2920 3479 Regnum
2976 3386 3454 3458 Pannonicum

354 3511 594 3596 patere
650 3505 869 3578 viam:
926 3525 1169 3578 verum
1224 3511 1491 3578 certum
1548 3511 1821 3595 teneat,
1880 3507 2252 3579 Dominum
2309 3528 2540 3581 meum
2597 3506 3066 3580 wladislaum
3123 3506 3456 3579 Poloniae

357 3625 621 3720 Regem
675 3624 751 3698 in
804 3624 1071 3698 ditione
1124 3647 1253 3698 sua
1306 3625 1620 3698 obtinere
1676 3630 1931 3714 161168,
1990 3627 2246 3717 quibus
2302 3625 2539 3700 nuntii
2593 3625 2706 3697 sui
2761 3624 3097 3716 usquein
3134 3626 3454 3698 Tui-ciam

358 3749 674 3838 possent,
732 3765 873 3819 non
925 3745 1078 3818 viso
1133 3747 1375 3839 Regno
1430 3745 1887 3838 Η66361166ῑ
1926 3745 2302 3838 proficisci.
2361 3747 2544 3818 Item
2597 3745 2920 3836 pollicita
2975 3745 3111 3817 fuit
3166 3749 3288 3818 tua
3333 3746 3454 3817 Se-

356 3866 619 3940 renitas
672 3864 875 3958 gravi
930 3865 1335 3956 sponsione,
1404 3887 1685 3938 causam
1751 3865 2037 3938 Domini
2093 3866 2229 3938 mei
2284 3865 2665 3939 Wladislai
2720 3865 3056 3938 Poloniae
3111 3864 3326 3957 Regis
3381 3864 3456 3935 in

358 3983 877 4059 Constantiensi
939 3983 1247 4058 Concilio
1316 3991 1557 4058 contra
1620 3986 1859 4058 hostes
1925 4008 2089 4060 suos
2145 3985 2531 4058 cruciferos
2589 4007 2663 4058 se
2718 3985 2906 4057 omni
2959 4006 3164 4075 posse
3219 3990 3289 4056 et
3343 4006 3454 4056 co-

352 4109 526 4178 natu
578 4108 1062 4197 promoturum
1118 4112 1187 4176 et
1241 4105 1441 4178 finali
1496 4104 1847 4178 decisione
1902 4091 2427 4197 expediturum:
2486 4105 2757 4176 nullam
2812 4109 3046 4177 tamen
3103 4103 3292 4176 cirea
3328 4105 3458 4175 hoc

356 4223 781 4298 monstravit
832 4223 1309 4316 diligentiam,
1368 4246 1495 4298 nec
1550 4225 1633 4296 de
1688 4246 1899 4298 causa
1951 4227 2270 4316 praefata
2307 4247 2381 4298 se
2419 4223 2940 4316 quomodolibet
2993 4223 3458 4296 intromittere

356 4342 623 4430 voluit,
679 4343 851 4417 licet
906 4343 1159 4416 fuisset
1210 4365 1336 4436 per
1389 4344 1617 4438 regios
1674 4344 2174 4418 ambasiatores
2205 4347 2292 4435 ⁴),
2353 4344 2502 4417 suis
2559 4344 2903 4437 impensis
2959 4344 3092 4416 tibi
3145 4365 3283 4415 11611
3330 4343 3457 4415 1111-

354 4485 492 4536 668
557 4485 767 4556 quam
828 4463 1009 4556 Regi
1073 4465 1355 4555 proprio
1422 4465 1873 4553 famulantes,
1943 4465 2321 4550 solicitata.
2388 4467 2706 4558 Rogatus
2771 4464 3062 4554 insuper
3115 4462 3456 4535 Dominus

330 4593 553 4656 ’1116118
609 4582 1251 4657 excellentissimus
1306 4585 1639 4657 Poloniae
1694 4586 1849 4658 Rex
1903 4587 2100 4657 varia
2154 4591 2224 4659 et
2280 4584 2632 4676 frequenti
2689 4589 2812 4656 tua
2846 4605 3080 4676 prece,
3138 4589 3220 4654 ut
3273 4583 3456 4673 apud

352 4703 687 4799 oppidum
760 4702 1143 4794 Lubowlya
1214 4706 1445 4776 tecum
1516 4709 1753 4796 ageret
1821 4704 2258 4794 personalem
2331 4708 2782 4791 conventum,
2858 4705 3054 4777 venit
3118 4702 3323 4789 illuc,
3383 4706 3454 4773 et

350 4822 809 4914 hebdomadis
862 4822 1092 4894 tribus
1147 4821 1297 4895 illic
1344 4823 1787 4912 immoratus,
1845 4829 1913 4895 te
1968 4824 2292 4898 tardante
2328 4823 2678 4897 discessit.
2735 4825 2844 4896 Ad
2885 4844 3089 4915 quem
3127 4842 3284 4894 cum
3320 4841 3442 4912 pa-

346 4964 467 5018 res
523 4963 760 5034 preces
814 4941 1341 5034 resumpsisset,
1397 4943 1627 5035 priore
1681 4942 1943 5017 iniuria
1994 4963 2133 5016 non
2170 4963 2508 5036 appensa,
2559 4948 2789 5018 tecum
2827 4943 3012 5034 apud
3048 4940 3444 5014 Cassoviam

350 5062 688 5152 convenit
742 5068 815 5136 61
868 5067 939 5135 16
992 5062 1275 5136 unicum
1338 5083 1588 5136 causae
1652 5084 1819 5136 suae
1882 5063 2260 5153 arbitrum,
2327 5063 2698 5137 cruciferis
2753 5082 3168 5156 magnopere
3221 5060 3291 5132 id
3349 5061 3449 5132 fa-

575 5337 623 5418 ¹)
668 5339 939 5400 vestibus
980 5339 1247 5416 pelliceis
1296 5333 1447 5400 0661.
1496 5335 1686 5400 Rozr.
1736 5335 1791 5421 ²)
1838 5357 1981 5400 vero
2032 5333 2184 5400 cod.
2231 5333 2423 5399 Rozr.
2473 5333 2528 5415 ³)
2573 5353 2692 5396 una
2721 5335 2796 5396 de
2833 5335 3044 5413 viginti
3080 5329 3232 5396 Cod.
3269 5329 3444 5394 Rozo·

350 5441 411 5523 ⁴)
458 5444 692 5519 legatos
740 5436 893 5504 cod.
942 5438 1165 5504 Rozr.'

400 5594 450 5636 s.
476 5593 674 5646 numam.
703 5593 826 5634 mn.
852 5592 1012 5634 roion.
1040 5592 1093 5635 τ.
1120 5592 1203 5634 rv.
3037 5567 3108 5624 32
