4342 6384
368 576 504 677 (Α.
543 577 633 657 D.
673 574 926 677 1422.)
1527 595 1752 649 unns
1805 594 2261 649 11111111οΜ8.
3294 574 3445 647 295

369 785 650 877 quidem
713 781 1048 857 cruciferi
1114 802 1202 855 ex
1263 780 1544 873 proprio
1607 785 1678 854 et
1729 779 2154 854 mercenario
2218 778 2445 851 milite
2510 776 2927 852 exercitum:
2998 782 3069 851 et
3122 778 3457 870 Magistro

365 903 680 995 generali
731 902 1072 975 Michaele
1124 901 1613 974 Kochmeister
1665 900 1851 992 apud
1905 898 2349 990 Marienburg
2384 898 2661 986 relicto,
2722 897 2955 990 copias
2996 897 3070 970 in
3108 917 3453 989 campum,

365 1024 720 1096 fortunam
773 1020 1115 1095 tentaturi
1169 1020 1642 1109 deduxerunt,
1700 1039 1956 1111 easque
2010 1019 2084 1089 111
2135 1022 2337 1109 prato
2389 1038 2605 1108 prope
2640 1022 2948 1089 castrum
2986 1017 3273 1105 Lubovv,
3313 1018 3452 1088 fos-

368 1142 474 1215 sis
530 1141 794 1229 cincto,
849 1140 1033 1231 quod
1088 1139 1310 1213 silvae
1360 1160 1484 1231 per
1539 1138 1912 1213 circuitum
1965 1141 2451 1225 contexerant,
2508 1136 2678 1209 adeo
2726 1136 2995 1209 occulte
3030 1136 3457 1222 locaverant,

369 1265 456 1333 ut
518 1260 994 1352 exploratores
1053 1258 1232 1350 regii
1303 1259 1510 1351 longo
1575 1257 1750 1331 satis
1811 1262 2151 1348 tempore,
2238 1276 2535 1347 quonam
2603 1256 2910 1329 locorum
2962 1253 3251 1327 hostilis
3305 1252 3453 1325 exi-

373 1383 594 1453 steret
645 1378 1030 1467 exercitae,
1085 1378 1370 1450 odorare
1423 1376 1824 1469 nequirent:
1893 1376 2092 1450 cuius
2147 1376 2435 1449 Ulricus
2474 1374 2780 1467 czanger
2815 1374 3199 1447 Mar-salens
3232 1374 3447 1447 Prus-

366 1498 516 1571 siae
568 1502 717 1571 erat
769 1497 1209 1589 capitaneum
1275 1518 1511 1588 quem,
1567 1517 1654 1569 ne
1709 1496 1782 1569 vi
1837 1499 2247 1587 cogerentur
2286 1495 2337 1583 ¹)
2394 1495 2791 1580 decernere,
2849 1493 3037 1565 intra
3073 1493 3341 1565 vallum
3380 1496 3451 1563 et

364 1617 632 1689 fossata
683 1617 1106 1689 continebat.
1164 1616 1501 1689 Cruciferi
1553 1615 1828 1703 audito,
1885 1614 2067 1706 quod
2103 1614 2261 1687 Rex
2298 1634 2547 1686 versus
2583 1612 2843 1685 Lubow
2880 1612 2967 1685 ad
3004 1614 3451 1685 Drvvanczam

364 1736 661 1809 fluvium
721 1736 860 1809 iter
921 1735 1266 1822 flexisset,
1335 1734 1722 1808 exercitum
1775 1738 1846 1807 et
1899 1732 2038 1825 ipsi
2093 1736 2402 1819 movent,
2474 1737 2545 1805 et
2598 1732 2671 1804 in
2726 1732 3004 1805 obviam
3058 1730 3273 1823 Regi,
3327 1752 3454 1822 pu·

361 1876 573 1946 gnam
627 1854 1049 1941 conserturi,
1106 1854 1208 1926 ire
1241 1858 1564 1945 pergunt.
1621 1852 2057 1925 Wladislaus
2093 1856 2329 1925 autem
2366 1852 2521 1925 Rex
2560 1855 2630 1923 et
2666 1849 3019 1923 exercitus
3074 1870 3279 1937 suus,
3335 1850 3454 1921 ad-

364 1977 582 2045 ventu
618 1972 930 2045 hostium
965 1972 1237 2060 audito,
1293 1972 1677 2064 plurimum
1713 1971 2052 2059 laetatuS,
2093 1992 2175 2043 ea
2210 1969 2573 2043 hilaritate
2609 1968 2959 2042 animatus
2996 1969 3084 2041 ad
3119 1988 3448 2061 pugnam,

363 2095 449 2164 ut
501 2112 642 2163 11118
694 2091 880 2165 80108
933 2091 1259 2179 alteram,
1315 2111 1533 2163 unum
1587 2090 1864 2183 signum
1917 2089 2147 2178 aliud,
2215 2088 2663 2162 festinatione
2717 2087 3112 2162 vehementi
3166 2086 3453 2160 excede-

363 2214 478 2283 ret
531 2216 602 2283 et
653 2210 979 2301 praeiret.
1044 2208 1294 2282 Poloni
1357 2210 1542 2283 enim
1605 2214 1774 2283 tunc
1834 2212 2033 2281 tanta
2084 2206 2447 2299 pugnandi
2500 2206 2835 2280 ardebant
2890 2205 3312 2298 cupiditate,
3355 2210 3451 2292 ‚ut

366 2349 498 2402 nec
568 2330 822 2401 ducum
885 2349 1014 2401 nec
1063 2330 1568 2421 praefectorum
1632 2332 1954 2419 poterant
2019 2326 2327 2400 cohiberi
2390 2326 2715 2417 imperi0,
2780 2324 2953 2417 quin
3005 2324 3455 2401 festinatione

366 2446 588 2519 nimia
641 2447 917 2519 ordines
975 2450 1045 2520 et
1096 2448 1250 2518 loca
1304 2446 1600 2539 egressi,
1657 2468 1842 2519 unus
1896 2448 2199 2519 alterum
2228 2444 2292 2534 ²)
2314 2530 2321 2535 ,
2345 2444 2615 2536 praeire
2652 2444 2833 2516 etin
2868 2444 3215 2535 praelium
3250 2464 3455 2518 ruere

365 2566 882 2639 contenderent.
937 2566 1314 2656 Ineratque
1367 2569 1536 2637 tunc
1587 2565 2008 2637 Polonornm
2062 2563 2315 2636 animis
2370 2562 2752 2655 singularis
2808 2562 3171 2650 alacritas,
3225 2565 3309 2634 ut
3342 2562 3450 2634 in-

364 2684 608 2757 citatio
661 2682 849 2755 haud
903 2682 1271 2756 mediocris
1326 2684 1414 2755 ad
1467 2682 2006 2771 decernendum,
2063 2702 2437 2773 omnesque
2486 2680 2846 2774 pugnandi
2900 2681 3134 2753 studio
3182 2680 3453 2755 incensi

363 2803 438 2875 in
490 2822 800 2894 pugnam
853 2802 1174 2873 ruebant.
1227 2802 1654 2893 Fuissetque
1705 2802 1966 2892 absque
2019 2800 2231 2873 dubio
2286 2799 2723 2873 exercituum
2790 2802 2973 2873 facta
3028 2801 3449 2893 congressio,

366 2921 696 3013 quoniam
749 2924 820 2993 et
873 2918 1206 2993 cruciferi
1259 2920 1344 2993 de
1397 2918 1652 2993 Ordine
1667 2974 1686 3007 ,
1742 2919 2104 3007 ardentius
2157 2923 2391 2992 tamen
2437 2919 2583 2991 dux
2628 2918 3031 2993 cruciferici
3089 2920 3451 2994 exercitus

365 3039 655 3112 Ulricus
694 3038 1000 3131 czanger
1035 3040 1452 3127 MarsalcuS,
1503 3041 1750 3113 fortem
1791 3038 2175 3112 exercitum
2212 3058 2287 3111 se
2322 3038 2575 3111 habere
2610 3039 2748 3111 rati
2781 3036 2843 3127 3)
2900 3039 3229 3132 (triginta
3265 3040 3451 3112 enim

365 3158 507 3231 fere
569 3157 800 3231 millia
861 3158 1260 3249 contingere
1321 3157 1878 3247 aestimabatur),
1947 3156 2353 3249 aspirabant
2420 3156 2507 3229 ad
2556 3162 2901 3231 certamen
2916 3212 2935 3248 ,
3000 3158 3451 3233 aestimantes

363 3276 638 3368 regium
701 3276 1122 3365 exercitum,
1184 3276 1262 3348 in
1325 3296 1460 3367 quo
1520 3276 1686 3368 plus
1751 3296 1959 3366 quam
2021 3278 2301 3348 centum
2364 3280 2833 3368 pugnatorum
2897 3278 3453 3351 aestimabantur

361 3395 594 3468 11111118
642 3399 918 3487 praeter
968 3395 1325 3487 pedestres
1381 3395 1648 3487 copias,
1705 3394 2113 3467 debiliorem
2167 3414 2352 3482 esse,
2410 3394 2551 3467 nisi
2604 3395 2955 3468 conradus
2994 3396 3063 3467 N
3064 3417 3349 3488 yempcz
3383 3399 3447 3487 4)

360 3514 570 3587 miles
623 3514 706 3587 de
761 3514 1020 3603 Slesia,
1082 3513 1158 3585 in
1209 3512 1418 3586 bellis
1455 3518 1526 3587 et
1559 3512 1936 3605 disciplina
1987 3512 2285 3585 militari
2338 3512 2645 3604 peritus,
2700 3515 3089 3606 praefatum
3126 3515 3449 3589 Ulricum

363 3632 785 3705 Marsalcum
839 3632 926 3705 ab
981 3631 1286 3705 evidenti
1341 3652 1754 3725 congressus
1807 3631 2203 3705 temeritate
2255 3631 2657 3706 reduxisset
2693 3637 2763 3705 et
2798 3633 3035 3707 videre
3072 3640 3282 3726 atque
3321 3656 3447 3707 ex-

359 3753 636 3843 plorare
685 3751 1094 3843 priusquam
1148 3751 1576 3840 decerneret,
1633 3755 1940 3843 quantus
1997 3750 2094 3824 sit
2144 3750 2381 3843 regius
2421 3751 2803 3840 exercituS,
2860 3752 3444 3843 inemendabilem

360 3871 504 3943 vim
561 3870 810 3943 Martis
864 3870 1246 3958 disserens,
1304 3869 1797 3943 consuluisset.
1872 3871 2024 3943 Hac
2080 3848 2530 3960 persuasibus
2581 3870 2967 3943 Marsalcus
3022 3872 3441 3961 admonitu8‚

361 3988 722 4063 velocibus
777 3989 974 4081 equis
1029 4010 1187 4061 cum
1242 3989 1548 4062 Conrado
1611 3988 1965 4081 Nyempcz
2020 3988 2451 4079 conscensiS,
2517 3990 2901 4063 exercitum
2952 3990 3255 4083 regium,
3308 3991 3441 4065 dif-

359 4110 595 4181 fusum
655 4108 1001 4181 latissime
1062 4108 1139 4181 in
1198 4109 1628 4181 locustarum
1693 4108 2004 4197 modum,
2078 4107 2555 4200 conspiciunt,
2628 4130 2755 4183 nec
2819 4109 2973 4182 eius
3025 4110 3439 4201 potentiam,

361 4232 626 4319 quanta
678 4226 805 4315 sit,
861 4227 1232 4300 aestimare
1286 4232 1580 4319 queunt,
1637 4226 1869 4300 territi
1915 4227 2317 4315 admodum,
2376 4227 2957 4301 festinantissime
2990 4229 3315 4319 redeunt,
3373 4234 3445 4303 et

360 4346 748 4419 exercitum
801 4366 1006 4419 sunm
1057 4346 1360 4438 primum
1411 4346 1702 4439 gradum
1757 4346 2036 4435 sistere,
2094 4346 2343 4419 deinde
2377 4347 2687 4439 periculo
2724 4348 3165 4439 denuntiato,
3222 4350 3296 4422 in
3334 4351 3440 4421 fu-

358 4486 518 4557 gam
571 4463 786 4553 verti,
843 4485 1174 4556 arcesque
1227 4470 1493 4558 petere,
1566 4465 1976 4558 priusquam
2046 4464 2501 4538 involvantur
2570 4466 2920 4558 periculo,
2987 4469 3437 4559 compellunt.

361 4583 479 4656 Sic
534 4583 1040 4657 cruciferorum
1096 4586 1479 4674 exercituS,
1535 4606 1659 4677 pro
1710 4606 1948 4677 pugna
2000 4585 2237 4677 fugam
2291 4585 2550 4675 iniens,
2619 4587 2935 4659 salvatus
2991 4592 3131 4660 est:
3198 4587 3321 4678 qui
3374 4586 3438 4659 si

359 4702 683 4795 congredi
736 4706 1110 4791 tentasset,
1167 4700 1242 4775 in
1295 4704 1754 4776 fortissimum
1809 4703 2124 4777 Polonici
2180 4704 2527 4778 exercitus
2583 4725 2978 4779 mucronem
3032 4706 3222 4779 fatue
3257 4706 3431 4778 inci-

358 4820 602 4894 disset.
667 4822 979 4893 Fuerant
1040 4824 1273 4895 tamen
1337 4823 1420 4896 de
1484 4820 1794 4896 exercitu
1857 4824 2097 4895 taliter
2176 4824 2487 4915 fugiente
2559 4830 2630 4897 et
2682 4823 2995 4917 disperso
3066 4825 3432 4917 perplures

361 4940 624 5013 milites
679 4940 900 5031 capti:
956 4935 1146 5034 regio
1201 4942 1384 5014 enim
1439 4924 1762 5015 mandato
1779 4998 1796 5031 ,
1854 4944 2068 5035 fugax
2105 4943 2613 5016 cruciferorum
2650 4944 3035 5033 exercitus,
3090 4964 3315 5036 usque
3349 4944 3437 5015 ad

357 5059 614 5132 flumen
668 5059 1071 5148 Drwancza,
1128 5081 1264 5152 quo
1309 5061 1588 5134 facilius
1625 5062 1977 5150 evaderet,
2035 5062 2459 5135 contendens
2497 5068 2567 5136 et
2602 5068 2882 5155 pontem
2917 5063 2993 5135 in
3029 5063 3315 5136 flumine
3344 5064 3434 5153 5),

570 5328 616 5413 ¹)
665 5336 974 5409 cogeretur
1021 5327 1172 5394 Ood.
1219 5328 1410 5394 Rozr.
1459 5330 1508 5410 ²)
1555 5332 1734 5393 alium
1782 5326 1933 5395 God.
1978 5329 2171 5395 Rozr.
2222 5330 2278 5414 ³)
2308 5337 2471 5393 ratus
2508 5328 2660 5395 Cod.
2692 5330 2883 5395 Rozr.
2918 5330 2971 5412 ⁴)
3004 5333 3247 5395 Niemcz
3282 5328 3435 5402 cod,

359 5428 530 5495 Kost.
582 5433 644 5492 N
643 5450 923 5511 yempecz
965 5430 1091 5495 Ed.
1139 5430 1318 5517 Lips.
1369 5430 1420 5515 ⁶)
1469 5435 1530 5493 in
1575 5434 1811 5496 flumine
1855 5436 2183 5496 Drvvancza
2224 5432 2350 5497 Ed.
2394 5432 2576 5519 Lips-
