4342 6384
849 624 998 698 214
2035 647 2264 702 nuum
2314 648 2775 702 rmnncnms.
3400 625 3532 727 (Α.
3572 625 3665 700 D.
3708 624 3940 725 1417.)

854 835 1021 918 „aut
1073 809 1518 923 redarguere:
1577 834 1648 904 et
1683 851 1844 924 ergo
1881 831 2168 922 perinde
2206 831 2403 926 digni
2444 838 2609 906 sunt
2644 837 2866 907 morte
2904 837 3209 906 aeterna.
3267 834 3451 906 Item
3489 833 3698 922 dicit,
3756 837 3941 926 quod

855 949 1346 1038 „manifestum
1399 954 1540 1038 est,
1600 951 1784 1042 quod
1840 951 1962 1043 qui
2017 953 2091 1024 in
2147 952 2359 1026 bellis
2412 953 2700 1026 Polonis
2756 958 2827 1026 et
2883 975 3117 1027 eorum
3173 953 3353 1046 Regi
3408 955 3655 1046 Iagyel
3701 960 3943 1027 contra

855 1067 1331 1157 „Christianos
1371 1069 1426 1158 ¹)
1483 1069 1830 1142 auxilium
1883 1072 2359 1162 praebuerunt
2410 1077 2485 1145 et
2538 1078 2705 1145 sunt
2760 1073 3005 1162 occisi,
3063 1074 3571 1147 descenderunt
3626 1075 3715 1145 ad
3755 1096 3939 1147 ama-

855 1187 1276 1277 „titudinem
1329 1192 1652 1263 aeternae
1704 1190 2209 1280 damnationis3
2267 1196 2338 1266 et
2384 1193 2507 1286 qui
2545 1193 2962 1285 superstites
2999 1193 3253 1267 vivunt
3290 1197 3361 1266 et
3396 1214 3534 1265 non
3572 1176 3742 1266 sunt
3778 1215 3937 1266 con·

855 1307 1086 1396 „versi
1148 1329 1272 1400 per
1332 1307 1871 1400 poenitentiam,
1937 1331 2177 1385 omnes
2240 1313 2565 1386 laborant
2627 1312 2703 1384 in
2766 1317 2957 1386 statu
3020 1314 3523 1402 damnationis,
3598 1319 3670 1386 et
3741 1319 3943 1388 extra

854 1425 1141 1517 „mortis
1194 1427 1585 1520 periculum
1614 1426 1678 1517 2)
1733 1451 1872 1503 non
1925 1435 2225 1522 possunt
2280 1431 2745 1506 absolutionis
2810 1432 3225 1506 beneficium
3280 1433 3431 1506 sine
3486 1434 3781 1525 speciali
3832 1435 3939 1506 in-

853 1547 1096 1636 „dulto
1149 1548 1384 1640 Papae
1437 1546 1775 1624 obtinere.
1833 1550 2013 1623 Item
2070 1551 2279 1640 dicit,
2338 1553 2523 1644 quod
2578 1551 2908 1626 iniuriam
2925 1608 2941 1640 ‚
3009 1574 3220 1644 quam
3272 1552 3523 1626 Poloni
3578 1558 3651 1626 et
3704 1575 3941 1626 eorum

853 1663 1054 1756 „Rex
1105 1668 1464 1742 Ecclesiae
1515 1667 1948 1762 irrogarunt,
2004 1691 2144 1743 non
2198 1675 2497 1762 possunt
2546 1671 2695 1745 sine
2752 1672 3013 1744 offensa
3067 1671 3199 1744 Dei
3250 1672 3697 1746 dissimulare
3752 1674 3939 1745 inul-

852 1788 1072 1875 „tam:
1131 1791 1202 1861 et
1256 1809 1419 1881 ergo
1473 1788 1737 1882 absque
1791 1790 1980 1864 omni
2032 1791 2413 1864 relatratus
2468 1791 2851 1880 calumnia,
2907 1790 2981 1863 in
3035 1791 3325 1864 Polonis
3362 1797 3434 1865 et
3470 1813 3711 1866 eorum
3748 1793 3941 1885 Rege

852 1909 1226 1995 „tenentur
1278 1907 1928 2001 indispensabiliter
1982 1909 2315 1984 iniuriam
2370 1910 2499 1984 Dei
2552 1915 2773 1984 morte
2827 1911 3209 1985 vindicare.
3266 1912 3448 1985 Item
3488 1911 3695 2000 dicit,
3756 1913 3941 2004 quod

852 2025 1262 2119 „Principes
1306 2029 1568 2102 saeculi
1605 2033 1936 2104 tenentur
1973 2029 2355 2124 sacrilegos
2410 2031 2839 2106 exercitibus
2893 2031 3211 2105 homines
3248 2033 3552 2104 Polonos
3588 2037 3660 2105 et
3699 2053 3939 2106 eorum

853 2145 1159 2240 „Regem
1213 2147 1298 2221 de
1354 2151 1539 2222 terra
1591 2149 1904 2241 perdere.
1961 2151 2260 2242 Propter
2312 2150 2453 2223 ista
2506 2155 2577 2224 et
2631 2151 2775 2224 alia
2830 2153 3053 2224 multa
3089 2151 3165 2224 in
3202 2151 3389 2224 dicto
3429 2155 3740 2224 tractatu
3778 2175 3937 2226 con-

851 2269 1121 2355 „tenta,
1187 2266 1264 2340 in
1316 2269 1452 2340 fide
1507 2273 1576 2341 et
1630 2268 1832 2342 bonis
1893 2269 2207 2344 moribus
2274 2291 2590 2359 erronea,
2658 2272 3099 2360 scandalosa,
3167 2271 3532 2360 seditiosa,
3601 2273 3938 2361 crudelia,

851 2383 1265 2475 „iniuriosa‚
1322 2387 1540 2480 impia
1594 2392 1666 2460 et
1716 2389 1993 2480 piarum
2047 2389 2324 2462 aurium
2381 2390 2750 2479 offensiva,
2807 2394 2881 2463 et
2934 2413 3227 2484 quorum
3282 2391 3455 2479 alia,
3505 2395 3577 2464 et
3612 2392 3937 2484 speciali-

849 2508 1001 2594 „ter
1030 2503 1092 2595 ³)
1147 2508 1502 2582 conclusio
1557 2508 1732 2582 dicti
1785 2513 2130 2582 tractatus
2186 2515 2354 2582 sunt
2407 2510 2859 2583 haereticalia
2912 2516 2983 2584 et
3036 2511 3373 2604 quaedam
3426 2513 3772 2584 haeresim
3826 2534 3937 2586 sa·

847 2625 1190 2716 „pientia,
1245 2628 1416 2701 haec
1471 2632 1917 2702 sacrosancta
1957 2629 2314 2720 synodus,
2372 2634 2644 2702 maturo
2682 2629 2925 2703 habito
2962 2631 3290 2720 consilio,
3350 2630 3613 2704 Christi
3657 2631 3941 2706 nomine

845 2744 1242 2836 „invocato,
1301 2748 1583 2821 damnat
1637 2749 2094 2822 tractatulum
2159 2771 2291 2824 seu
2356 2749 2677 2823 libellum
2740 2750 3208 2842 praedictum,
3277 2755 3610 2844 tanquam
3665 2751 3743 2824 in
3798 2754 3935 2827 fide

845 2867 960 2954 „et
1011 2865 1216 2940 bonis
1269 2867 1579 2942 moribus
1635 2889 2028 2958 erroneum,
2097 2871 2617 2959 scandalosum‚
2684 2870 3129 2960 seditiosum,
3200 2871 3583 2960 crudelem,
3640 2871 3937 2945 iniurio-

846 3005 1077 3073 „sum,
1135 2984 1428 3078 impium
1483 3009 1565 3060 ac
1596 2988 1659 3076 ⁴)
1712 2987 1986 3080 piarum
2043 2989 2319 3063 aurium
2376 2990 2791 3064 offensivum
2809 3048 2825 3080 ,
2894 2996 2964 3065 et
3018 2991 3229 3066 etiam
3282 2993 3772 3067 haereticalem
3789 3049 3805 3081 ,
3866 2999 3939 3066 et

847 3105 1213 3196 „reprobat
1276 3106 1586 3193 omnino,
1653 3108 2102 3201 decernitque
2164 3109 2399 3202 ipsum
2465 3114 2797 3203 tanquam
2853 3112 3066 3184 talem
3122 3113 3568 3185 cremandum
3624 3114 3801 3199 fore,
3866 3121 3939 3186 et

846 3223 1086 3312 „iubet
1139 3225 1594 3313 concremari;
1651 3226 1972 3302 districte
2016 3228 2341 3302 inhibens
2380 3230 2509 3301 sub
2548 3230 3015 3303 anathematis
3054 3230 3623 3304 interminatione
3662 3237 3731 3304 et
3767 3233 3937 3304 aliis

845 3341 1066 3431 „iuris
1117 3344 1396 3436 poenis,
1452 3365 1540 3418 ne
1595 3346 1754 3440 quis
1809 3348 2077 3420 dictum
2131 3350 2591 3422 tractatulum
2648 3371 2771 3422 seu
2825 3349 3147 3423 libellum
3204 3355 3273 3423 et
3326 3355 3655 3424 contenta
3708 3351 3781 3423 in
3818 3374 3934 3424 ee-

845 3462 1043 3550 „dem
1099 3464 1352 3539 audeat
1404 3466 1490 3539 de
1545 3470 1814 3540 caetero
1878 3468 2381 3560 dogmatisare,
2456 3489 2797 3558 asserere,
2876 3471 3288 3562 approbare,
3354 3471 3750 3559 defendere,
3818 3474 3937 3544 vel

843 3585 1155 3672 „tener03
1213 3584 1657 3659 committens
1711 3586 2215 3660 commissariis
2270 3589 2683 3679 praedictis,
2742 3593 3086 3680 quatenus
3138 3589 3323 3662 dicto
3364 3591 3566 3663 fratri
3603 3591 3933 3680 Iohanni,

843 3701 1058 3790 „dicti
1109 3704 1476 3777 tractatuli
1531 3725 1656 3778 seu
1709 3705 1972 3794 libelli,
2029 3713 2111 3778 ut
2162 3706 2673 3798 praemittitur,
2735 3709 3215 3799 compositori,
3270 3715 3605 3802 tanquam
3641 3711 3936 3783 humili-

841 3825 992 3908 „ter
1044 3843 1120 3896 se
1174 3822 1581 3897 subiicienti
1647 3824 1941 3914 eisdem,
2007 3831 2090 3898 ut
2152 3847 2312 3898 cum
2376 3827 2613 3900 eodem
2674 3832 2959 3918 propter
3018 3829 3359 3901 humilem
3428 3829 3939 3904 subiectionem

841 3941 1336 4031 „praemissam
1375 3943 1920 4018 misericorditer
1956 3949 2279 4038 agentes,
2328 3947 2831 4036 poenitentiam
2872 3947 3253 4019 salutarem
3290 3948 3681 4039 imponant,
3722 3955 3939 4039 prout

842 4060 1264 4147 „secundum
1319 4063 1580 4151 Deum,
1636 4064 1842 4136 iuxta
1894 4065 2138 4137 delicti
2178 4065 2627 4157 qualitatem,
2686 4067 2979 4138 attentis
3018 4067 3225 4138 etiam
3266 4067 3411 4154 hie,
3468 4088 3645 4159 quae
3684 4089 3937 4140 secun-

842 4177 1050 4265 „dum
1103 4199 1370 4254 sacram
1427 4181 1861 4274 Scripturam
1899 4187 1970 4256 et
2006 4205 2239 4257 sacros
2278 4185 2587 4258 Canones
2628 4185 2701 4256 in
2738 4185 3141 4258 huiusmodi
3185 4188 3469 4278 negotio
3508 4188 3939 4260 attendenda

843 4295 1224 4386 „viderint,
1293 4302 1364 4372 et
1417 4319 1710 4374 censura
1779 4303 1936 4394 ipsa
1997 4303 2072 4374 in
2137 4309 2283 4374 toto
2358 4304 2762 4395 expediant,
2839 4305 2989 4377 sine
3062 4307 3383 4378 ulteriori
3445 4307 3787 4379 relatione
3838 4309 3935 4379 ad

841 4415 1116 4506 „ipsum
1170 4416 1556 4491 Concilium
1627 4422 1933 4512 amplius
2008 4422 2353 4510 facienda,
2428 4423 2978 4515 provideantque
3030 4425 3105 4496 in
3157 4425 3594 4516 praemissiS,
3650 4430 3733 4497 ut
3787 4427 3937 4496 sal-

841 4537 1090 4621 „vetur
1142 4535 1378 4608 debita
1429 4539 1822 4612 reverentia
1877 4541 2263 4613 catholicae
2316 4541 2476 4614 fidei
2532 4547 2605 4614 et
2657 4543 2880 4614 honor
2928 4543 3143 4635 Regis
3194 4549 3264 4616 et
3304 4545 3528 4636 Regni
3566 4545 3933 4632 Poloniae‚

841 4654 1067 4745 „quod
1121 4658 1397 4728 constat
1449 4677 1601 4730 esse
1654 4659 1888 4732 nobile
1950 4660 2335 4733 membrum
2398 4661 2757 4734 Ecclesiae
2809 4663 3218 4751 militantis,
3285 4668 3494 4755 prout
3548 4665 3935 4736 secundum

840 4773 1105 4861 „Deum
1159 4774 1464 4848 viderint
1519 4777 1869 4868 expedire.
1927 4779 2187 4851 Datum
2240 4779 2718 4869 constantiae,
2778 4782 3097 4854 Secundo
3152 4783 3393 4856 Nonas
3430 4783 3657 4868 Iunii,
3716 4783 3933 4855 Anno

839 4891 1396 4978 „Incarnationis
1449 4895 1854 4970 Dominicae
1907 4897 2286 4972 Millesimo
2341 4899 3033 4991 quadringentesimo
3087 4901 3352 4974 decimo
3408 4903 3783 4994 septimo“.

1047 5161 1093 5242 ¹)
1143 5169 1348 5226 contra
1391 5167 1758 5228 Christianos
1802 5171 2112 5244 ingravato
2161 5163 2315 5232 God.
2353 5165 2529 5232 Calv.
2579 5167 2635 5251 ⁹)
2678 5173 2989 5233 articulum
3037 5167 3190 5234 cod.
3236 5170 3429 5236 Roz-r.
3487 5171 3543 5252 ³)
3590 5175 3939 5250 specialiter

832 5281 976 5328 vere
1025 5263 1179 5330 cod.
1227 5264 1418 5331 Rozr.
1467 5267 1521 5348 ⁴)
1567 5275 1628 5332 et
1675 5263 1827 5332 Coa.
1874 5267 2065 5332 Rozr.
