4342 6384
74 3220 95 3379 νέξ-»ι
76 3160 91 3211 ἡ.

93 3983 97 3990 .
93 3937 96 3952 -
83 3851 96 3875 ιο
79 3782 97 3837 ·4.
74 3365 99 3768 «ιπωεκάέ..-

876 504 974 574 92
2068 528 2295 582 menn
2347 528 2805 581 nnnncnms.
3439 500 3574 602 (Α.
3615 502 3709 577 D.
3749 499 3993 600 1410.)

872 707 1184 780 maximo
1241 709 1508 800 impetu
1566 731 1967 803 expugnare
2022 712 2275 803 coepit.
2343 713 2436 785 Et
2500 712 2822 804 quamvis
2878 711 3216 785 Cruciferi
3271 715 3342 784 et
3396 710 3654 783 caeteri
3712 707 3994 782 obsessi

872 829 1189 919 quinque
1247 834 1316 900 et
1372 829 1677 920 amplius
1731 831 1924 904 horis
1969 834 2184 924 probe
2220 832 2684 921 restitissent,
2744 853 2983 907 verum
3026 833 3079 920 ¹)
3134 853 3175 902 a
3211 830 3561 903 militibus
3616 829 3989 916 Poloniae,

875 949 1394 1022 ferventissime
1448 950 1966 1042 impugnationi
2019 952 2546 1041 insistentibus»,
2605 952 2768 1025 telis
2807 957 2876 1026 et
2913 951 3227 1044 sagittiS‚
3287 956 3432 1022 tam
3468 950 3685 1023 densa
3723 953 3795 1022 et
3839 949 3981 1021 fre-

876 1069 1120 1160 quenti
1173 1069 1632 1160 proiectione,
1691 1076 1771 1141 ut
1826 1092 2029 1143 nemo
2085 1072 2386 1164 digitum
2442 1091 2723 1145 exerere
2760 1071 3075 1158 auderet,
3135 1069 3470 1157 confossi,
3529 1068 3994 1141 animositate

875 1188 1157 1288 relicta,
1219 1193 1289 1260 et
1343 1188 1815 1261 defensionem
1872 1191 2231 1279 omittere,
2298 1195 2367 1264 et
2421 1192 2506 1264 de
2560 1189 3000 1283 possessione
3063 1189 3278 1262 castri
3332 1188 3698 1276 excedere,
3757 1186 3991 1260 coacti

877 1312 1066 1379 sunt.
1124 1307 1275 1379 Iam
1334 1308 1680 1400 siquidem
1738 1309 2128 1382 Dobeslaus
2185 1310 2268 1383 de
2324 1310 2776 1383 Oleschnicza
2831 1310 3034 1382 miles
3090 1330 3247 1382 cum
3303 1307 3415 1380 sui
3451 1306 3771 1381 banderii
3807 1328 3983 1399 gen·

875 1427 1069 1500 tibus
1136 1428 1415 1499 valvam
1481 1429 1694 1501 castri
1762 1428 2114 1501 inferioris
2177 1431 2635 1522 perfregerat,
2704 1435 2774 1502 et
2829 1435 3025 1502 scuto
3083 1449 3209 1500 suo
3264 1427 3694 1501 effractorem
3750 1432 3992 1517 prote-

873 1567 1079 1638 gem,
1137 1546 1557 1619 bombardae
1613 1548 1902 1619 minoris
1961 1569 2085 1620 seu
2140 1549 2424 1622 fistulae
2478 1550 2733 1636 ictum,
2793 1547 2914 1640 qui
2970 1552 3248 1621 scutum
3300 1547 3721 1638 perforavit,
3783 1567 3991 1619 exce·

874 1673 1096 1757 perat.
1154 1667 1305 1738 Iam
1361 1666 1652 1757 insuper
1706 1672 2013 1739 castrum
2070 1669 2287 1740 altius
2343 1671 2596 1742 Petrus
2635 1668 3009 1759 Chelmsky
3047 1667 3251 1738 miles
3287 1665 3590 1757 primus,
3649 1664 3996 1738 Floriano

881 1787 964 1859 de
1008 1787 1491 1877 Korythnicza
1539 1787 1922 1859 castellano
1978 1787 2387 1860 Visliciensi
2443 1793 2512 1861 et
2547 1788 2709 1860 aliis
2766 1788 2970 1860 illum
3009 1786 3467 1878 sequentibus
3521 1785 3767 1872 illum,
3824 1804 3993 1857 con·

880 1906 1276 1992 scenderat,
1336 1909 1406 1977 et
1460 1905 2260 1980 Vicecommendatorem
2315 1908 2560 1997 castri,
2619 1908 2848 1981 virum
2902 1906 3328 1993 animosum,
3387 1904 3524 1978 sibi
3562 1904 3639 1976 in
3676 1902 3995 1978 Parkani

880 2045 1078 2095 muro
1135 2030 1646 2113 occursantem,
1706 2026 2081 2099 certamine
2135 2026 2346 2115 inite,
2408 2027 2481 2098 in
2538 2028 2772 2119 fugam
2818 2030 3148 2099 verterat.
3206 2025 3359 2097 Iam
3397 2025 3837 2097 antemurale
3878 2043 3993 2095 ca-

881 2143 1012 2215 stri
1065 2144 1319 2215 Petrus
1375 2142 1459 2215 de
1515 2143 1966 2217 Oleschnicza
2021 2145 2608 2219 Sandomirieusis
2672 2151 2961 2219 venator
3017 2165 3173 2217 cum
3238 2142 3402 2216 aliis
3468 2143 3825 2216 militibus
3884 2142 3994 2215 in-

880 2266 1222 2350 traverat,
1281 2267 1351 2334 et
1403 2262 1477 2334 in
1533 2284 1672 2334 uno
1729 2264 1903 2354 pede
1957 2266 2404 2353 vulneratus,
2465 2267 2611 2338 solo
2661 2286 2735 2339 se
2773 2268 3049 2357 clypeo,
3107 2285 3195 2337 ne
3235 2283 3534 2354 superne
3571 2263 3994 2350 violaretur,

882 2381 1316 2454 defendebat.
1375 2382 1662 2461 Obsessi
1718 2381 1954 2475 itaque
2010 2390 2115 2457 tot
2169 2386 2374 2457 malis
2422 2386 2845 2477 angustiati,
2904 2407 2988 2458 ne
3026 2385 3100 2456 in
3137 2386 3560 2475 potestatem
3602 2381 3996 2490 furentium

880 2501 1190 2573 militum
1246 2501 1594 2588 devoluti,
1664 2507 1979 2576 extrema
2042 2505 2191 2595 pati
2247 2509 2685 2598 cogerentur,
2751 2508 3059 2577 castrum
3115 2503 3327 2596 Regi,
3397 2501 3613 2574 armis
3669 2501 3995 2591 abiectis,

879 2621 1166 2694 dedunt.
1225 2620 1422 2712 Quod
1478 2621 1632 2694 Rex
1688 2621 1873 2694 circa
1927 2621 2377 2714 Completorii
2434 2625 2673 2698 horam
2728 2623 3121 2715 ingressuS,
3181 2621 3505 2695 omnibus
3563 2621 3877 2695 obsessis
3929 2626 4002 2694 et

880 2740 1142 2832 captis,
1201 2738 1389 2812 inter
1443 2761 1618 2832 quos
1676 2740 2076 2832 quindecim
2132 2743 2500 2831 Cruciferi,
2558 2743 2694 2815 viri
2750 2763 2951 2816 senes
2989 2748 3059 2816 et
3093 2741 3480 2835 grandaevi
3526 2742 3998 2828 habebantur,
4054 2817 4060 2822 ,

884 2864 1176 2931 mortem
1242 2859 1575 2947 indulsit,
1645 2880 1760 2932 eos
1827 2863 2060 2933 tamen
2125 2861 2199 2932 in
2254 2862 2736 2953 captivitatem
2789 2862 3111 2935 coniecit.
3179 2863 3638 2936 Notabilibus
3704 2864 4003 2955 iusuper

882 2978 1273 3066 thesauris,
1343 2979 1683 3052 clenodiis
1740 2984 1811 3051 et
1863 2980 2069 3052 rebus
2133 2981 2525 3069 nobilibuS,
2592 2988 2663 3054 et
2716 2981 3133 3055 victualium
3190 2981 3627 3055 abundantia
3679 2987 3999 3055 castrum

885 3098 1221 3176 refertum
1274 3097 1661 3188 reperiens,
1719 3098 2087 3171 thesauros
2143 3106 2212 3172 et
2264 3121 2376 3174 res
2421 3101 2694 3174 nobiles
2731 3101 2805 3173 in
2842 3101 3108 3175 milites
3148 3101 3498 3194 erogavit,
3556 3106 3793 3175 castro
3833 3123 4000 3174 vero

889 3215 1234 3288 victualia
1285 3216 1602 3307 reliquit.

931 3567 1322 3641 wladislaus
1365 3567 1505 3639 Rex
1549 3568 1810 3641 collatis
1853 3569 2196 3659 praesidiis
2241 3573 2459 3644 castro
2500 3571 2746 3645 Radzin
2759 3628 2776 3658 ,
2820 3573 3214 3664 diuinaque
3261 3574 3590 3660 exercitu,
3637 3574 3961 3647 viatim

1718 3691 1919 3778 ponte
1965 3693 2234 3779 superat
2278 3691 2345 3762 in
2388 3693 2713 3764 Polonim
2757 3710 3157 3765 reversurus.

1100 3932 1341 4005 Castro
1381 3932 1653 4004 Radzin
1683 3931 1745 4022 2)
1802 3935 2230 4025 conquisito,
2272 3937 2708 4010 Wladislaus
2745 3939 3080 4013 Polouiae
3116 3940 3308 4028 Rex,
3368 3941 3546 4014 feria
3583 3942 3804 4014 tertia
3837 3946 4003 4032 post

894 4050 1140 4123 Sancti
1170 4048 1233 4138 3)
1291 4050 1629 4136 Mathaei‚
1686 4051 2020 4125 vicesima
2074 4056 2285 4126 tertia
2339 4056 2800 4148 Septembris,
2876 4060 3357 4133 commendato
3430 4065 3666 4134 castro
3723 4060 4003 4134 Badzin

890 4167 1178 4240 Iaskoni
1234 4168 1450 4239 Sokol
1479 4169 1540 4256 4)
1614 4171 1952 4259 Bohem0‚
2025 4173 2188 4245 fidei
2261 4180 2611 4264 spectatae
2674 4181 2743 4249 et
2806 4177 3281 4250 animositatis
3358 4179 3578 4252 militi
3643 4180 3719 4252 in
3789 4185 3991 4253 tenu-

890 4292 1070 4373 tam,
1145 4306 1443 4377 quocum
1506 4286 1580 4358 in
1646 4289 1883 4360 eodem
1947 4297 2174 4363 castro
2239 4294 2563 4384 frequens
2618 4295 3041 4367 Polonorum
3097 4304 3168 4369 et
3223 4299 3697 4372 Bohemorum
3755 4319 4002 4371 nume-

896 4425 1051 4493 ruS,
1118 4409 1190 4477 et
1251 4404 1437 4476 inter
1500 4406 1678 4478 alios
1744 4408 1972 4498 Zyska
2003 4409 2063 4497 5)
2120 4412 2499 4500 BohemuS,
2565 4434 2894 4504 processu
2960 4417 3295 4507 temporis
3364 4419 3677 4490 famosus
3734 4420 4004 4493 exerci-

889 4530 1090 4595 tuum
1128 4522 1203 4594 iu
1242 4524 1579 4596 Bohemia
1615 4525 1890 4614 ductor,
1948 4528 2207 4600 crebris
2246 4531 2659 4603 nobilitatus
2698 4534 3048 4622 vict-oriiS,
3089 4536 3260 4608 item
3301 4537 3654 4629 Angelus,
3717 4539 3992 4631 aliique

893 4663 1101 4733 quam
1155 4642 1446 4732 plurimi
1499 4650 2005 4733 remanserant,
2062 4667 2103 4716 a
2155 4648 2425 4721 Radzin
2479 4650 2871 4741 discedens,
2930 4655 3018 4726 ad
3054 4660 3365 4728 castrum
3405 4657 3819 4750 RogosznO,
3880 4659 4002 4731 ab·

895 4760 1058 4832 inde
1112 4781 1274 4832 vero
1330 4761 1403 4830 in
1459 4761 1689 4833 Golub
1746 4763 1917 4834 feria
1970 4771 2220 4856 quarta
2281 4769 2628 4857 pervenit:
2695 4772 2815 4843 ubi
2871 4773 2946 4845 in
3002 4780 3232 4847 castro
3297 4798 3635 4868 pransus,
3706 4778 4006 4850 fluvium

899 4880 1277 4951 Drwancza
1332 4879 1877 4971 transgreditur,
1947 4888 2015 4955 et
2068 4889 2321 4956 terram
2376 4886 2715 4960 introiens
2745 4890 2809 4979 θ)
2866 4893 3445 4984 Dobrzinensem,
3505 4896 3749 4986 copias
3810 4917 4006 4969 exer·

899 4996 1168 5069 cituum
1225 5016 1509 5068 suorum
1566 4997 1914 5087 licentiat,
1974 5006 2043 5073 et
2090 5024 2650 5098 unumquemque
2688 5009 2759 5080 in
2800 5031 2996 5083 snam
3034 5014 3341 5085 remittit
3376 5015 3759 5106 regionem.
3821 5017 4007 5088 Exa-

1118 5264 1164 5341 ¹)
1212 5271 1408 5326 tamen
1457 5262 1610 5328 Cod.
1657 5265 1849 5328 Rozr.
1914 5268 1965 5349 ⁹)
2011 5270 2253 5332 Radzim
2304 5261 2453 5336 Cod.
2503 5275 2692 5339 Rozr.
2758 5278 2810 5358 ³)
2856 5288 2993 5357 post
3049 5284 3265 5344 festum
3328 5287 3536 5348 Sancti
3599 5282 3756 5350 cod.
3814 5285 4005 5350 Rozr.

904 5363 958 5441 ⁴)
1004 5365 1280 5426 Iuckoni
1326 5367 1509 5427 Sokol
1553 5365 1680 5430 Ed.
1727 5366 1906 5451 Lips.
1956 5369 2007 5450 ⁵)
2057 5374 2311 5434 Zischka
2359 5372 2507 5439 Cod.
2553 5377 2744 5442 Rozr.
2794 5380 2846 5462 ⁸)
2896 5385 3236 5461 ingrediens
3287 5384 3441 5452 cod.
3487 5385 3683 5451 Rozr.
