4342 6384
935 514 1084 592 602
2092 538 2321 593 arnna
2372 538 2894 591 nnonncnms.
3473 515 3612 616 (Α.
3650 515 3745 589 D.
3788 512 4053 612 1438.)

928 725 1013 799 de
1068 729 1295 799 castro
1351 728 1422 797 et
1474 728 1660 797 terra
1714 720 2030 796 Luczsko
2069 724 2126 813 ¹)
2184 744 2421 798 secum
2475 722 2686 811 inita,
2746 744 2991 815 parum
3048 721 3316 795 sincere
3370 722 3511 795 sibi
3564 726 4043 808 servarentur,

931 844 1188 937 quibus
1243 841 1643 931 cavebatur,
1711 848 2016 916 castrum
2072 848 2142 916 et
2196 849 2453 917 terram
2508 843 2826 915 Luczsko
2894 842 3075 915 Duci
3129 842 3381 934 Magno
3436 842 3885 915 Lithuaniae
3940 841 4041 913 Si-

928 963 1322 1056 gismundo,
1379 978 1504 1053 per
1555 981 2040 1055 quemcunque
2095 964 2376 1036 modum
2431 963 2506 1035 in
2538 968 2792 1035 'manus
2846 962 3063 1054 Regis
3119 967 3191 1034 et
3243 963 3671 1033 Polonorum
3726 966 4039 1053 potesta-

929 1088 1070 1155 tem
1125 1083 1516 1172 deveniret,
1583 1085 1901 1173 oportere
1963 1081 2281 1170 restitui,
2357 1081 2809 1175 sigismundo
2872 1078 3065 1153 Duce
3130 1082 3383 1173 Magno
3448 1081 3821 1168 defuncto,
3894 1102 4039 1153 cum

931 1202 1121 1275 omni
1173 1202 1420 1291 titulo,
1475 1201 1906 1293 proprietate
1961 1206 2032 1273 et
2085 1204 2293 1293 pleno
2348 1200 2655 1273 dominio
2720 1201 2807 1273 ad
2870 1200 3207 1272 Poloniae
3261 1200 3525 1292 Regem
3580 1206 3653 1271 et
3708 1200 4035 1291 Regnum

928 1322 1267 1395 reditura.
1327 1320 1652 1394 Instabat
1705 1321 1945 1413 itaque
1999 1318 2484 1395 vehementius
2540 1341 2618 1393 eo
2657 1340 2835 1391 anno
2867 1317 2929 1408 2)
2989 1318 3485 1411 sigismundus
3533 1320 3844 1411 Magnus
3884 1320 4035 1390 Dux

931 1442 1173 1514 foedus
1231 1446 1301 1513 et
1356 1440 1799 1532 sponsionem
1863 1439 2144 1532 impleri
2213 1443 2284 1512 et
2339 1460 2413 1512 se
2478 1440 2551 1511 in
2604 1438 3119 1530 possessionem
3184 1438 3402 1511 castri
3466 1443 3538 1511 et
3603 1442 3841 1511 terrae
3906 1438 4035 1509 Lu·

931 1560 1201 1634 ozensis
1239 1556 1454 1632 mitti.
1511 1560 1772 1633 Verum
1811 1561 1946 1633 etsi
1999 1578 2291 1653 magnae
2344 1559 2531 1651 parti
2584 1558 3145 1632 consiliariorum
3182 1558 3547 1646 Poloniae,
3606 1557 3797 1649 quod
3854 1556 4037 1648 regio

933 1680 1267 1771 opulenta
1321 1682 1391 1751 et
1445 1694 1610 1772 ager
1661 1679 2056 1753 uberrimus
2111 1679 2496 1754 Luczensis
2564 1680 2828 1751 multas
2883 1677 3411 1751 commoditates
3475 1677 3725 1769 Regno
3779 1678 4033 1748 allatu-

929 1817 1086 1887 rus,
1145 1816 1434 1871 onerosa
1489 1803 1558 1871 et
1611 1799 1847 1891 gravis
1913 1800 2201 1873 traditio
2266 1800 2482 1873 castri
2548 1803 2617 1873 et
2671 1804 2898 1872 terrae
2951 1798 3334 1870 Luczensis
3402 1796 3786 1883 videretur,
3850 1802 4035 1867 tanta

931 1922 1166 1990 tamen
1228 1916 1546 1991 utilitate
1615 1919 1822 1991 fidem
1895 1919 2347 2011 sigismundo
2420 1920 2655 1991 datam
2720 1910 3099 1991 censebant
3170 1916 3537 2009 potiorem.
3620 1916 3883 2007 Itaque
3954 1934 4031 1986 ex

933 2036 1241 2107 omnium
1297 2055 1639 2109 consensu
1706 2042 1776 2111 et
1827 2038 2102 2111 decreto
2167 2044 2533 2130 pactorum
2598 2037 3051 2131 Sigismundo
3106 2038 3361 2128 Magno
3415 2035 3600 2108 Duci
3662 2035 4032 2127 promisso·

931 2176 1087 2227 rum
1142 2152 1486 2246 impletio,
1545 2157 1868 2247 quamvis
1905 2157 1980 2229 in
2018 2178 2169 2230 eam
2206 2158 2391 2230 diem
2428 2158 2779 2251 neglecta,
2838 2156 3309 2230 consummari
3345 2156 3541 2228 iussa
3580 2160 3716 2244 est,
3758 2162 3833 2227 et
3868 2153 4029 2225 Vin-

935 2274 1208 2349 centius
1270 2274 1356 2347 de
1412 2275 1851 2349 Schamotuli
1915 2280 1987 2350 et
2038 2278 2389 2350 Iohannes
2454 2278 2540 2351 de
2594 2277 2848 2350 Olesko
2878 2274 2966 2365 ⁸),
3035 2276 3111 2347 in
3172 2274 3633 2348 Lithnaniam
3686 2274 3910 2366 Reffls
3968 2278 4031 2343 et

931 2396 1271 2467 baronum
1323 2394 1648 2467 mandato
1713 2396 1948 2486 missi,
2016 2398 2139 2489 qui
2195 2402 2502 2470 castrum
2566 2402 2637 2470 et
2700 2401 2958 2469 terram
3022 2396 3453 2468 Luczensem
3525 2393 3748 2466 Ducis
3803 2390 4031 2483 Magni

935 2512 1371 2607 Sigismundi
1423 2514 1874 2620 resignarunt
1935 2516 2304 2608 potestati,
2374 2517 2823 2609 Sigismundo
2876 2520 3113 2589 tamen
3177 2517 3368 2587 Duce
3424 2514 3677 2605 Magno
3742 2512 4026 2585 Lithua-

843 2682 850 2695 -
932 2633 1091 2707 niae
1143 2653 1302 2706 cum
1355 2633 1504 2706 filio
1541 2656 1672 2707 suo
1725 2632 2066 2709 Michaele
2104 2636 2298 2709 Duce
2354 2656 2429 2709 se
2466 2635 2913 2710 iureiurando
2950 2634 3417 2726 personaliter
3470 2638 3543 2705 et
3580 2632 4031 2723 corporaliter

932 2756 1144 2845 atque
1196 2773 1320 2844 per
1374 2754 1718 2845 speciales
1781 2754 2026 2828 literas
2089 2760 2413 2847 patentes
2478 2755 2566 2827 ad
2620 2754 3142 2829 restitutionem
3209 2753 3425 2826 castri
3488 2758 3561 2825 et
3614 2756 3845 2825 terrae
3898 2752 4027 2821 Lu·

931 2871 1236 2961 czonsis,
1296 2876 1518 2946 morte
1571 2894 1699 2945 sua
1751 2879 2023 2963 secuta,
2080 2896 2205 2967 pro
2243 2876 2489 2967 Regno
2526 2874 2861 2947 Poloniae
2918 2873 3275 2965 obligante
3330 2878 3399 2947 et
3435 2873 3853 2964 pollicente,
3902 2892 4028 2941 non

933 2990 1114 3063 alios
1167 2990 1244 3061 in
1295 2996 1527 3063 castro
1582 2993 1898 3065 Luozsko
1953 2994 2325 3068 instituere
2378 2994 2735 3086 praesides
2790 2998 2861 3067 et
2897 2992 3332 3086 capitaneos,
3389 2992 3530 3064 nisi
3588 3013 3741 3078 eos,
3800 2991 3925 3081 qni
3956 3010 4027 3061 eo

933 3110 1338 3198 decedente,
1417 3118 1852 3185 sacramento
1915 3120 1988 3185 et
2041 3114 2419 3206 sponsione
2482 3134 2651 3187 suae
2706 3112 2997 3185 virtutis
3060 3116 3500 3203 praestarent
3554 3110 3915 3196 effectum,
3966 3113 4027 3180 et

936 3230 1117 3322 Regi
1171 3234 1381 3321 atque
1446 3230 1686 3324 Regno
1740 3233 2076 3306 Poloniae
2140 3237 2448 3306 castrum
2510 3238 2583 3306 et
2644 3238 2901 3307 terram
2963 3234 3391 3305 Luczensem
3445 3231 3753 3304 fideliter
3816 3235 3889 3301 et
3946 3247 4027 3299 ex

935 3349 1208 3442 integro
1261 3349 1656 3424 redderent.

1230 3713 1561 3785 stanislao
1605 3713 1890 3802 ozyolok
1937 3715 2241 3804 episcopo
2283 3715 2706 3787 Pennanicnsi
2758 3714 3055 3788 succedit
3098 3716 3389 3787 Andreas
3430 3714 3745 3803 amati.

1145 3950 1545 4024 Stanislaus
1599 3952 1898 4043 Gzyolek
1927 3953 1990 4042 ⁴)
2045 3954 2546 4027 Posnaniensis
2584 3954 2955 4047 episcopus
3010 3955 3085 4027 in
3133 3954 3395 4028 Octava
3450 3954 3693 4027 Sancti
3748 3952 4025 4025 Martini

937 4070 1306 4142 Pontificis
1359 4070 1538 4143 alias
1593 4072 1862 4144 decima
1897 4077 2145 4147 octava
2198 4074 2640 4162 NovembriS,
2698 4079 3113 4167 procuratus
3170 4096 3366 4147 sacro
3394 4074 3681 4146 'viatico
3754 4080 3829 4145 et
3882 4092 4025 4144 cum

935 4190 1118 4261 bona
1171 4188 1540 4291 devotione
1593 4192 1984 4264 Posnaniae
2039 4193 2335 4265 moritur
2388 4199 2458 4265 et
2511 4194 2586 4266 in
2622 4194 2917 4267 ecclesia
2972 4216 3101 4265 sua
3153 4193 3615 4265 Posnanieusi
3670 4193 4024 4284 sepelitur,

937 4309 1140 4382 annis
1195 4308 1430 4381 decem
1487 4310 1561 4381 in
1597 4311 1955 4401 pontificio
1987 4312 2049 4399 5)
2088 4312 2382 4385 exactis,
2442 4313 2751 4385 Praelati
2790 4318 3023 4385 autem
3062 4318 3133 4385 et
3168 4313 3497 4385 Canonici
3534 4311 4026 4383 Posnaniensis

936 4430 1305 4517 ccclesiae,
1363 4430 1711 4502 celebrato
1767 4430 2090 4522 capitulo
2166 4452 2289 4521 pro
2344 4432 2685 4505 electione
2756 4433 2975 4503 futuri
3029 4432 3415 4523 pontificia,
3488 4431 3721 4523 pridie
3751 4430 3817 4517 ⁵)
3870 4429 4025 4519 Epi-

935 4550 1352 4641 phaniarum
1408 4550 1480 4621 in
1537 4550 1720 4622 diem
1779 4550 1998 4639 Solis,
2061 4554 2335 4623 sextam
2390 4552 2707 4623 Ianuarii
2761 4552 3082 4639 cadente,
3128 4551 3324 4622 duos
3376 4551 3452 4622 in
3505 4549 3857 4621 discordia
3910 4548 4024 4619 eli-

935 4675 1134 4760 gunt.
1195 4668 1492 4759 Quidam
1547 4668 1732 4740 enim
1790 4674 1860 4740 et
1913 4670 2273 4761 signanter
2327 4671 2693 4743 Wischota
2746 4672 2831 4743 de
2888 4671 3121 4744 Gorka
3174 4671 3663 4760 PraeposituS,
3732 4668 4025 4739 Mathias

792 4812 800 4815 ·
937 4789 1128 4878 Drya
1181 4786 1481 4859 decanus
1539 4792 1608 4859 et
1644 4788 1884 4878 plures
1938 4789 2064 4859 alii
2117 4788 2489 4861 Nicolaum
2526 4791 2923 4881 Lassoczky
2960 4791 3296 4863 decanum
3350 4788 3875 4861 Cracoviensem
3912 4806 4023 4876 po-

939 4907 1246 4994 stulant,
1303 4908 1432 4979 alii
1487 4908 1840 4979 Andream
1893 4908 2218 4999 Bnynski
2248 4908 2310 4997 ⁷)
2366 4910 2664 5000 eligunt.
2722 4912 3019 4983 Decreto
3046 4909 3112 4999 8)
3168 4914 3400 4983 autem
3452 4915 3752 4999 utroque
3808 4908 4023 4997 Euge-

1159 5196 1206 5275 ¹)
1251 5196 1510 5258 Lucensi
1551 5194 1680 5259 Ed.
1727 5194 1910 5280 Ζίριν.
1990 5194 2046 5277 ⁹)
2092 5216 2161 5258 eo
2208 5199 2403 5259 animo
2445 5197 2573 5260 Ed.
2618 5197 2799 5281 Lips.
2872 5198 2920 5278 ³)
2968 5198 3247 5260 Olicszko
3289 5194 3415 5260 Ed.
3468 5194 3650 5280 Lc'ps.
3723 5192 3781 5275 ⁴)
3830 5188 4025 5256 Ciolek

949 5292 1404 5460 Codegstbz)
1449 5301 1790 5377 pontificatu
1839 5292 1992 5361 ond.
2039 5293 2217 5361 Kese.
2266 5298 2319 5379 θ)
2362 5317 2471 5378 pro
2517 5304 2611 5363 die
2655 5300 2781 5363 Ed.
2813 5298 2995 5384 Lips.
3046 5300 3101 5381 ⁷)
3142 5302 3381 5363 Brinski
3425 5298 3550 5363 Ed.
3585 5296 3765 5383 Lips.
3814 5299 3870 5380 8)
3896 5300 4025 5358 Ele-

948 5401 1043 5457 cto
1141 5416 1178 5461 ο
1227 5442 1243 5461 .
1382 5420 1508 5463 zcz.
