4342 6384
348 565 488 666 (Α.
528 566 618 641 D.
659 565 891 664 1410.)
1522 588 1748 639 LIBER
1801 588 2259 641 nnnncmtm.
3348 572 3445 643 43

345 772 472 846 beo
527 772 719 865 Agni
773 771 906 845 Dei
957 772 1190 845 albam
1245 770 1649 864 imaginem,
1710 772 2054 845 vexillum
2107 774 2481 865 parvulum
2534 774 2709 864 pede
2744 794 2881 845 uno
2922 794 3135 865 supra
3172 796 3247 848 se
3283 794 3440 866 por·

335 891 716 985 rigentem,
775 896 846 964 et
898 911 987 965 ex
1043 891 1244 964 cuius
1317 895 1604 983 gutture
1678 892 1965 985 sanguis
2029 892 2102 965 in
2167 893 2455 966 calicem
2528 893 3001 984 antepositum
3075 894 3445 984 defluebat,

335 1012 508 1085 item
579 1013 874 1085 alteram
947 1010 1390 1084 medietatem
1461 1012 1690 1103 campi
1761 1012 1992 1085 albam
2064 1012 2545 1085 tantummodo
2608 1013 2908 1086 habebat
2970 1034 3095 1105 pro
3150 1013 3441 1107 insigni.

337 1134 521 1205 Item
577 1130 1022 1203 undecimum
1073 1129 1484 1203 banderium
1538 1152 1826 1223 magnae
1865 1132 2426 1205 Commendariae
2465 1132 2545 1220 1),
2606 1133 2791 1224 quod
2827 1131 2901 1203 in
2938 1154 3181 1224 campo
3217 1134 3433 1207 rubeo

335 1252 612 1325 barram
663 1250 916 1323 habuit
980 1250 1212 1322 albam
1241 1248 1304 1339 2)
1361 1252 1576 1323 latam
1641 1272 1766 1341 pro
1818 1251 2114 1343 insigni;
2180 1250 2383 1324 cuius
2439 1250 2801 1324 Cunradus
2855 1252 3344 1325 Lichtenstein
3377 1250 3441 1342 3)

337 1391 632 1463 magnus
703 1368 1233 1443 commendator
1303 1374 1454 1442 erat
1523 1370 1790 1443 ductor.
1866 1371 2048 1442 Item
2119 1370 2601 1444 duodecimum
2653 1371 3063 1443 banderinm
3118 1371 3437 1445 civitatis

339 1489 774 1577 Gulmensis,
834 1488 1020 1580 quod
1065 1489 1322 1561 fluctus
1367 1489 1670 1562 undosos
1707 1510 1832 1580 pro
1887 1488 2259 1563 medietate
2312 1490 2509 1562 albos
2565 1495 2638 1564 et
2691 1511 2815 1581 pro
2870 1489 3145 1585 reliqua
3172 1492 3237 1580 4)
3292 1512 3434 1564 me-

337 1610 598 1683 dietate
650 1609 935 1696 rubeos,
993 1626 1196 1681 cruce
1249 1608 1452 1701 nigra
1505 1613 1576 1681 et
1631 1613 1860 1681 tractu
1913 1608 2114 1701 nigro
2171 1609 2681 1700 superadditio,
2738 1609 3041 1683 habebat
3093 1630 3219 1701 pro
3258 1609 3434 1683 insi-

335 1728 489 1822 gni;
547 1727 746 1800 cuius
787 1726 1202 1801 ferentarius
1241 1730 1390 1799 erat
1426 1727 1766 1800 Nicolaus
1803 1727 2036 1799 dictus
2073 1728 2140 1799 N
2144 1728 2296 1800 iksz
2334 1727 2714 1800 Vexillifer
2750 1728 3174 1817 Cnlmensis,
3234 1750 3441 1820 quem

335 1848 686 1921 Henricus
742 1846 828 1919 de
881 1847 1164 1919 Plawen
1217 1846 1554 1938 Magister
1607 1845 2099 1936 CrucifericuS,
2176 1846 2417 1919 Ulrico
2484 1848 2567 1921 de
2621 1848 2969 1940 Iuningen
3026 1849 3425 1938 succedenS,

334 1967 540 2061 quasi
577 1988 826 2059 parum
863 1966 1170 2038 fideliter
1205 1965 1498 2058 egisset,
1539 1965 1768 2056 capite
1803 1966 2196 2053 damnavit;
2236 1967 2557 2039 ductores
2596 1970 2831 2039 autem
2869 1967 3021 2041 eius
3060 1968 3433 2041 Ianussius

339 2084 822 2160 Orzechowski
877 2089 949 2157 et
1001 2084 1361 2157 cunradus
1407 2085 1491 2157 de
1529 2085 1818 2175 Replow
1849 2084 1908 2174 5)
1967 2085 2259 2159 milites.
2316 2086 2499 2158 Item
2536 2086 2991 2159 tredecimum
3028 2088 3437 2160 banderium

340 2204 792 2279 Thesaurarii
847 2202 1164 2291 Ordini8‚
1221 2203 1404 2295 quod
1460 2205 1728 2277 clavem
1781 2203 2013 2276 albam
2067 2204 2142 2277 in
2180 2226 2421 2297 campo
2474 2205 2686 2278 rubeo
2741 2227 2866 2296 pro
2920 2206 3186 2298 insigni
3228 2206 3437 2279 habe-

335 2326 490 2413 bat;
545 2324 748 2397 cuius
804 2323 1050 2395 ductor
1105 2330 1252 2394 erat
1307 2323 1640 2414 Morheyn
1671 2323 1733 2411 ὅ)
1790 2324 2296 2397 Thesaurarius
2338 2324 2822 2397 CrucifericuS.
2883 2324 3067 2397 Item
3106 2330 3436 2415 quartum

335 2444 678 2518 decimum
731 2441 1140 2515 banderium
1195 2441 1758 2514 Commendariae
1813 2446 1884 2515 et
1937 2442 2253 2515 civitatis
2319 2442 2757 2531 Grudzancz,
2826 2443 3010 2535 quod
3064 2444 3139 2515 in
3195 2464 3437 2535 campo

335 2564 496 2636 albo
549 2566 760 2653 caput
813 2561 1140 2633 zubronis
1193 2560 1475 2653 nigrum
1528 2562 1832 2633 habebat
1883 2582 2008 2652 pro
2063 2561 2359 2654 insigni;
2416 2560 2619 2635 cuius
2656 2562 2903 2636 ductor
2940 2567 3090 2636 erat
3130 2562 3431 2635 Wilhel-

336 2704 491 2757 mus
545 2681 978 2773 Elphesteyn
1010 2680 1071 2768 7)
1127 2679 1654 2753 commendator
1689 2680 1775 2752 de
1813 2679 2242 2753 Grudzancz.
2300 2680 2483 2753 Item
2522 2680 2847 2771 quintum
2884 2680 3227 2755 decimum
3263 2682 3433 2756 ban·

336 2802 606 2875 derium
669 2797 1230 2873 Commendariae
1295 2803 1366 2871 et
1431 2797 1746 2871 civitatis
1803 2800 2059 2891 Balga,
2127 2799 2313 2891 quod
2365 2799 2442 2872 in
2495 2820 2737 2891 campo
2792 2800 2951 2873 albo
3006 2802 3255 2892 lupum
3306 2822 3424 2874 ru-

334 2922 540 2994 beum
594 2919 898 2992 habebat
949 2938 1074 3009 pro
1129 2918 1417 3010 insigni.
1476 2917 1660 2991 Item
1715 2922 1993 3026 sextum
2041 2918 2386 2991 decimum
2421 2918 2831 2991 banderium
2871 2918 3435 2993 Commendariae

336 3046 408 3114 et
462 3040 778 3113 civitatis
843 3038 1192 3111 Schonsze
1221 3035 1309 3126 8),
1379 3037 1562 3128 quod
1627 3037 1700 3110 in
1767 3058 2008 3128 campo
2072 3038 2232 3111 albo
2288 3039 2462 3111 duos
2516 3036 2745 3129 pisces
2798 3038 3049 3111 rubeos
3106 3044 3430 3113 arcuatos

335 3182 412 3233 se
472 3158 773 3231 invicem
837 3176 952 3230 ore
1016 3155 1502 3249 contingentes
1568 3160 1640 3228 et
1701 3156 1954 3245 cauda,
2021 3157 2325 3229 habebat
2388 3178 2513 3249 pro
2568 3156 2866 3249 insigni;
2932 3156 3132 3230 cuius
3188 3158 3435 3232 ductor

335 3284 486 3353 erat
537 3278 832 3350 Niklosz
889 3275 1136 3366 Wylcz
1165 3274 1228 3364 ⁹)
1285 3274 1814 3348 commendator
1867 3276 1941 3347 in
1997 3276 2369 3349 Schonsze.
2429 3276 2613 3350 Item
2666 3275 3013 3351 decimum
3052 3278 3427 3369 septimum

325 3396 734 3471 banderium
788 3393 1102 3468 civitatis
1155 3393 1741 3486 Kinszbergensis
1781 3394 1894 3483 ¹⁰),
1955 3394 2140 3485 quod
2194 3394 2269 3467 in
2314 3416 2557 3487 campo
2592 3397 2806 3469 rubeo
2844 3397 3083 3469 album
3121 3398 3427 3485 leonem,

333 3536 656 3591 coronam
718 3515 1108 3589 caeruleam
1171 3513 1246 3585 in
1310 3513 1542 3606 capite
1601 3518 2027 3605 gestantem,
2093 3514 2208 3587 cui
2272 3515 2719 3606 supraposita
2772 3518 2923 3587 erat
2976 3536 3149 3589 crux
3204 3517 3427 3608 nigra,

335 3636 410 3709 in
463 3656 704 3728 campo
759 3634 918 3707 albo
973 3632 1272 3706 habebat
1305 3653 1430 3725 pro
1477 3632 1774 3725 insigni;
1832 3632 2032 3706 cuins
2069 3632 2316 3705 ductor
2354 3638 2514 3708 erat
2550 3632 3104 3707 Vicemarsalcus
3143 3656 3268 3707 seu
3306 3635 3427 3707 Vi-

335 3753 928 3830 cecommendator
979 3750 1588 3844 Kinszbergensis.
1647 3752 1829 3824 Item
1882 3752 2226 3826 decimum
2266 3757 2587 3826 octavum
2624 3753 3031 3826 banderium
3073 3754 3426 3827 Commen-

281 3962 290 3969 ,
335 3876 570 3948 dariae
623 3875 708 3947 de
761 3872 1076 3963 Antiquo
1131 3871 1404 3959 Castro,
1464 3871 1646 3962 quod
1701 3892 1826 3962 per
1878 3872 2220 3963 quadrum
2275 3873 2575 3946 habebat
2611 3877 2917 3963 quatuor
2954 3893 3233 3965 campos
3270 3894 3425 3965 par-

335 3994 464 4067 tim
533 3993 773 4086 nigros
845 3991 1102 4083 partim
1174 3990 1405 4079 albos3
1485 3990 1685 4063 cuius
1759 3990 2186 4064 wilhelmus
2258 3990 2540 4083 Nippen
2581 3993 2671 4081 ¹¹)
2747 3992 3275 4065 Commendator
3344 3994 3427 4066 de

334 4113 651 4204 Antiquo
706 4112 946 4185 Castro
1005 4114 1154 4182 erat
1207 4110 1473 4183 ductor.
1531 4109 1714 4183 Item
1767 4110 2110 4182 decimum
2164 4130 2422 4182 nonum
2476 4110 2887 4183 banderium
2942 4111 3428 4185 Comendariae

337 4237 408 4305 et
461 4229 776 4304 civitatis
832 4230 1219 4319 Tucholya,
1277 4229 1460 4320 quod
1515 4228 1687 4301 duos
1751 4249 2064 4320 camp08,
2131 4228 2422 4302 rubeum
2476 4234 2549 4302 et
2602 4231 2872 4315 album,
2928 4229 3138 4302 lineis
3193 4235 3426 4304 tamen

329 4350 556 4443 nigris
593 4350 668 4422 in
706 4349 930 4422 medio
965 4348 1369 4436 distinctos,
1419 4348 1720 4421 habebat
1755 4369 1880 4439 pro
1917 4348 2214 4441 insigni;
2278 4348 2479 4423 cuius
2517 4348 2866 4422 Henricus
2906 4347 2993 4438 12)
3052 4351 3414 4423 Commen-

334 4471 537 4542 dator
585 4468 671 4540 de
726 4467 1084 4556 Tucholya
1137 4470 1288 4538 erat
1341 4466 1610 4538 ductor.
1669 4466 1881 4539 Cuius
1936 4467 2011 4537 in
2069 4472 2342 4539 tantum
2412 4468 2819 4539 ascenderat
2882 4488 3165 4559 pompa,
3235 4469 3427 4540 furor

333 4594 406 4661 et
459 4588 706 4673 elati0,
762 4591 844 4657 nt
897 4606 938 4657 a
993 4590 1331 4676 tempore,
1390 4585 1636 4676 quoin
1675 4585 2189 4675 expeditionem
2226 4590 2661 4677 praesentem
2700 4591 3021 4674 venerat,
3080 4586 3252 4657 duos
3291 4609 3419 4658 nu-

333 4709 460 4781 dos
513 4705 786 4799 gladios
842 4708 1004 4776 ante
1057 4724 1163 4792 se,
1222 4724 1656 4795 quocumque
1693 4704 1858 4793 iret,
1915 4704 2183 4778 deferre
2230 4705 2523 4777 iuberet.
2581 4705 3026 4778 Monentibus
3064 4709 3299 4777 autem
3334 4705 3421 4777 il-

547 4923 596 5011 ¹)
645 4925 1186 4987 commendatoriae
1247 4918 1398 4984 Cod.
1457 4920 1648 4983 Roma
1711 4920 1764 5007 ²)
1811 4925 1990 4984 altam
2054 4918 2205 4986 Cod.
2254 4920 2446 4986 Rozr.
2512 4922 2567 5003 3)
2612 4925 2983 4985 Lichtersten
3040 4921 3191 4986 Ood.
3245 4919 3421 4985 Calv.

332 5028 386 5109 ⁴)
431 5048 540 5107 pro
583 5029 785 5103 aliqua
831 5021 982 5088 Cod.
1028 5022 1220 5087 Rozr.
1285 5022 1339 5102 ⁵)
1383 5025 1636 5100 Koplow
1685 5020 1834 5087 Cod.
1881 5023 2072 5087 Rozr.
2136 5024 2189 5104 ⁶)
2234 5026 2537 5087 Morchein
2593 5021 2744 5088 Cod.
2791 5024 2967 5087 Kost.
3016 5026 3302 5105 (Thomas
3349 5028 3425 5087 de

327 5130 638 5209 Merheim)
701 5126 753 5207 ⁷)
799 5126 1086 5188 Elfestein
1156 5124 1306 5191 cod.
1367 5124 1540 5187 Kost.
1603 5126 1975 5205 (wilhelmus
2033 5128 2108 5187 de
2165 5126 2557 5206 Helfenstein)
2614 5127 2669 5206 ⁸)
2714 5128 2977 5189 Schonse
3048 5125 3199 5188 eod.
3246 5125 3421 5190 Kost.

331 5234 691 5312 (Schoensee
735 5229 866 5290 sive
907 5229 1270 5307 Kowalewo)
1327 5226 1379 5307 ¹³)
1427 5229 1631 5305 wykk
1687 5227 1836 5291 ood.
1895 5225 2069 5291 Cal-v.
2131 5228 2215 5307 (N
2216 5229 2439 5289 icolans
2499 5230 2573 5289 de
2631 5230 2809 5309 Filtz)
2873 5227 2949 5305 ¹⁰)
3004 5231 3425 5306 Kisbergensis

334 5330 487 5397 Cod.
533 5330 710 5394 Kost.
753 5332 1256 5407 Kingsbergensis
1315 5327 1441 5391 Ed.
1503 5328 1685 5412 LzJps.
1753 5328 1836 5413 ¹¹)
1883 5332 2142 5407 Nippein
2198 5325 2349 5392 Cod.
2394 5328 2568 5393 Kost.
2620 5327 2883 5413 (forsan
2924 5332 3303 5392 Eberhardus
3350 5333 3425 5393 de

329 5434 694 5514 Ippenburg)
750 5432 827 5513 ¹²)
871 5434 1163 5494 Henricus
1208 5434 1283 5493 de
1327 5432 1722 5493 Schwelborn.
