4342 6384
900 592 996 663 94
2083 615 2313 668 mmm
2363 615 2823 669 unnncnms.
3456 592 3591 695 (Α.
3628 593 3722 667 D.
3762 594 3992 695 1410.)

897 796 1086 871 tione
1139 797 1696 883 Thorunensium
1751 802 2227 872 matronarum
2284 799 2637 889 devictus,
2694 822 2737 873 a
2780 800 3201 892 captivitate
3236 800 3645 891 absolvens,
3704 822 3993 896 vespere
4092 822 4101 831 '

897 937 984 991 ex
1039 917 1322 990 Thorun
1385 918 1458 990 in
1523 922 1830 991 castrum
1903 918 2291 1011 Nyeschow
2354 919 2655 993 navibus
2732 920 3059 1009 transiit,
3126 922 3465 1002 matronis
3490 978 3508 1009 ,
3582 921 3863 995 feminis
3926 928 3996 997 et

896 1035 1290 1130 virginibus
1345 1038 1915 1111 Thorunensibus
1981 1038 2453 1113 wladislaum
2518 1040 2851 1113 Poloniae
2915 1041 3179 1132 Regem
3233 1042 3309 1117 in
3362 1062 3655 1117 coronae
3708 1042 3990 1115 modum

895 1156 1546 1255 circumstantibus,
1587 1163 1658 1231 et
1699 1159 1920 1231 faceto
1958 1179 2303 1247 sermone,
2342 1160 2671 1251 precibus
2708 1160 3175 1248 intermixtis,
3224 1160 3619 1239 orantibus:
3676 1166 3759 1233 ut
3795 1166 3988 1253 post·

829 1370 832 1376 Ι
901 1298 1110 1369 quam
1165 1278 1355 1351 viros
1411 1298 1679 1367 earum,
1748 1278 2110 1373 coniuges,
2180 1285 2503 1371 parentes
2568 1286 2638 1354 et
2702 1284 3034 1374 cognatos
3089 1280 3163 1354 in
3216 1302 3455 1375 pugna
3514 1280 3993 1363 Grinfeldensi

897 1396 1305 1488 occidisset,
1364 1401 1596 1471 status
1651 1419 1887 1472 earum
1941 1399 2306 1487 misertus,
2362 1400 2448 1473 de
2502 1399 2679 1473 viris
2732 1400 2910 1492 ipsis
2966 1406 3036 1474 et
3090 1400 3531 1475 curatoribus
3582 1400 3987 1495 provideat;

895 1516 1090 1610 Rege
1157 1518 1662 1610 respondente:
1737 1539 1812 1591 se
1874 1518 1946 1590 id
2012 1539 2221 1611 quam
2268 1520 2324 1609 ¹)
2397 1519 2700 1593 libenter
2770 1521 3115 1593 facturum
3186 1525 3257 1595 et
3322 1520 3545 1595 statui
3614 1520 3992 1614 unicuique

897 1658 1134 1727 earum
1187 1637 1658 1729 provisurum.

895 1936 1137 2083 op'pm
1179 1993 1503 2082 nehem
1547 1992 1886 2065 ornareris
1929 1991 2183 2079 uento,
2228 1991 2620 2063 manum
2647 1992 2788 2064 nox
2816 1992 2888 2065 in
2918 1993 3237 2067 uomov
3268 1994 3550 2067 ωιιοωι
3580 1995 3993 2085 prmum.

1105 2238 1385 2312 Feriam
1449 2238 1851 2326 secundam,
1917 2237 2100 2311 diem
2163 2238 2498 2312 videlicet
2564 2238 2806 2312 Sancti
2870 2238 3268 2328 MichaeliS‚
3337 2240 3508 2313 item
3571 2240 3853 2315 tertiam
3922 2246 3992 2317 et

902 2365 1256 2453 quartam,
1313 2358 1706 2433 Wladislao
1761 2358 1950 2450 Rege
2003 2358 2189 2450 apud
2244 2358 2745 2450 Nyeschowam
2800 2364 3081 2452 agente,
3148 2364 3381 2432 certus
3434 2359 3550 2432 illi
3578 2358 3643 2450 ²)
3696 2361 3993 2438 nuntius

903 2481 1168 2553 allatus
1224 2483 1363 2568 est,
1423 2477 1854 2572 significans:
1915 2481 2224 2550 castrum
2261 2478 2648 2571 Tucholya,
2691 2480 2876 2571 quod
2914 2480 3284 2552 Ianussius
3322 2480 3733 2573 Brzoglowy
3764 2478 3827 2570 ³)
3864 2482 3986 2561 ad-

898 2598 1375 2687 ministrabat,
1450 2598 1826 2685 vallatum,
1902 2596 2263 2671 civitatem
2326 2619 2488 2671 vero
2552 2620 2678 2691 per
2739 2599 3125 2692 oppidanos
3196 2598 3573 2673 Cruciferis
3644 2600 3989 2691 deditam3

896 2720 1136 2793 hostes
1191 2718 1490 2811 denique
1545 2718 1634 2790 ad
1688 2716 2135 2811 irrogandum
2198 2716 2443 2811 Regno
2506 2718 2841 2793 Poloniae
2894 2720 3147 2803 damna
3200 2724 3271 2793 et
3324 2719 3681 2808 incendia,
3737 2720 3814 2794 ni
3869 2743 3989 2815 op·

896 2844 1198 2932 ponatur
1249 2837 1684 2927 resistentia,
1739 2837 1940 2911 brevi
1992 2842 2439 2931 grassaturos
2494 2840 2661 2913 fore.
2722 2840 2871 2931 Qua
2924 2840 3271 2928 novitate,
3330 2861 3471 2914 non
3524 2861 3725 2914 secus
3781 2861 3993 2932 qnam

897 2980 1024 3052 par
1077 2962 1258 3047 erat,
1325 2959 1481 3031 Rex
1545 2963 1931 3031 commotus
1955 3015 1972 3047 ,
2049 2960 2288 3050 plnres
2353 2979 2441 3033 ex
2508 2958 2969 3034 curiensibus·
3012 2958 3161 3032 suis
3225 2959 3492 3035 milites
3556 2960 3994 3035 vacationem

899 3077 1400 3171 efflagitanteS,
1455 3098 1660 3170 prece
1713 3083 1806 3151 et.
1835 3078 2210 3171 largitione
2262 3079 2585 3153 retinuit:
2643 3079 2769 3153 vix
2826 3085 3059 3153 tamen
3114 3099 3201 3153 ex
3258 3080 3581 3154 omnibus
3645 3080 3989 3154 curiensi·

898 3198 1032 3271 bus
1079 3202 1150 3271 et
1185 3196 1534 3271 militibus
1589 3198 1740 3270 suis
1793 3198 2041 3289 regiis,
2107 3203 2422 3287 centum,
2489 3201 2605 3273 vel
2656 3200 2898 3291 paullo
2962 3198 3300 3291 amplius,
3366 3204 3689 3291 poterant
3749 3220 3991 3275 nume-

897 3317 1043 3391 rari
1093 3319 1405 3406 lanceae,
1463 3339 1637 3410 quos
1691 3318 1848 3391 Rex
1903 3339 2026 3410 pro
2081 3318 2481 3393 defensione
2535 3319 2795 3412 Regni,
2855 3318 3206 3392 adiunctis
3255 3318 3403 3392 illis
3440 3318 3727 3392 Maioris
3781 3319 3991 3392 Polo·

896 3438 1056 3511 niae
1129 3436 1486 3531 aliquibus
1559 3437 2034 3525 districtibuS,
2108 3437 2183 3510 in
2255 3438 2585 3530 oppidum
2656 3439 3003 3513 Koronow
3076 3439 3223 3512 situ
3294 3443 3366 3513 et
3435 3438 3654 3511 muris
3724 3437 3993 3527 debile,
4080 3470 4090 3479 ·

897 3558 1342 3632 transmittit.
1402 3558 1536 3652 Qui
1589 3558 1725 3631 etsi
1779 3558 1855 3631 in
1908 3556 2152 3645 armiS,
2212 3558 2446 3650 equis,
2506 3558 2905 3651 sumptibus
2960 3564 3029 3633 et
3082 3558 3350 3632 vestitu
3402 3578 3650 3651 parum
3698 3556 3993 3650 provisi,

897 3699 1090 3752 arma
1128 3678 1474 3771 siquidem
1511 3677 1792 3772 rubig0,
1849 3698 2063 3769 equos
2118 3677 2409 3766 macieS,
2468 3682 2792 3769 sumptus
2849 3678 3125 3771 longior
3176 3699 3221 3750 a
3256 3679 3457 3750 domo
3514 3675 3807 3763 militia,
3866 3696 3987 3749 ve-

903 3803 1046 3873 stes
1102 3820 1348 3874 cauma
1401 3804 1471 3874 et
1523 3798 1769 3891 pluvia
1831 3796 2232 3872 attriverat:
2299 3798 2530 3870 locum
2592 3802 2827 3871 tamen
2889 3798 3355 3890 praedictum,
3420 3796 3625 3870 iuxta
3676 3795 3825 3869 acsi
3880 3817 3991 3867 ar-

899 3940 1046 3993 cem
1101 3918 1562 4013 tutissimam,
1631 3917 1939 3991 militare
2002 3917 2156 3991 illic
2218 3917 2482 4010 agendo
2547 3917 3008 4009 praesidium,
3068 3916 3554 3992 observabant.
3620 3916 3995 3990 Auxerant

900 4037 1113 4112 etiam
1175 4039 1559 4111 exercitum
1623 4038 1894 4131 regium
1959 4036 2429 4130 Sandivogius
2494 4039 2577 4110 de
2640 4038 2973 4129 Ostrorog
3031 4038 3391 4130 palatinus
3462 4034 3991 4123 Posnaniensis,

901 4157 1023 4250 qni
1060 4179 1217 4230 cnm
1251 4157 1580 4232 banderio
1634 4156 1948 4250 proprie,
2005 4156 2369 4230 intellecta
2420 4156 2841 4232 necessitate
2884 4156 3145 4251 Regni,
3184 4158 3563 4230 advenerat
3594 4155 3683 4244 ⁴),
3742 4160 3815 4227 et
3850 4156 3991 4225 Do-

899 4276 1302 4369 brogostius
1375 4279 1458 4351 de
1533 4277 1968 4352 Schamotuli
2039 4278 2469 4351 castellanus
2541 4276 3039 4351 Posnaniensis
3065 4333 3081 4366 ‚
3159 4276 3281 4369 qui
3352 4280 3598 4369 gentes
3668 4275 3996 4367 proprias

901 4396 1113 4470 etiam
1145 4396 1207 4487 ⁵)
1264 4397 1570 4472 miserat.

1451 4749 1539 4821 no
1583 4748 1906 4839 praesidio
1951 4749 2419 4823 Koronovionsi
2463 4722 2856 4821 wladislaus
2897 4748 3038 4819 Rex
3080 4747 3421 4820 sollicitus.

1106 4997 1409 5071 Sabbato
1466 4995 1539 5068 in
1594 4994 1708 5068 die
1763 4994 2006 5069 Sancti
2059 4995 2455 5084 Francisci,
2522 4994 2963 5068 Wladislans
3026 4992 3359 5067 Poloniae
3424 4993 3579 5066 Rex
3638 4990 4012 5084 egreditur

899 5118 985 5192 de
1049 5117 1510 5209 Nyeschowa,
1579 5121 1649 5189 et
1711 5114 1786 5186 in
1848 5113 2524 5187 Inniwladislaviam
2587 5114 2908 5201 venienS,
2980 5135 3053 5186 se
3117 5117 3189 5185 et
3250 5111 3515 5185 curiam
3578 5132 3779 5183 snam
3842 5110 4015 5185 illic

1017 5461 1024 5471 ¹
1121 5388 1166 5469 ¹)
1211 5408 1496 5468 perquam
1542 5386 1702 5469 cod,
1739 5386 1932 5452 Rozr.
1987 5386 2040 5468 ²)
2081 5388 2230 5449 inibi
2272 5382 2399 5450 Ed.
2445 5382 2627 5469 Lipe.
2674 5384 2731 5465 ⁸)
2774 5386 3179 5461 Brzozoglowi
3230 5380 3358 5445 Ed.
3413 5380 3595 5465 Lipe.
3662 5380 3716 5461 ⁴)
3770 5382 4018 5459 Regem

903 5494 1214 5555 adiuverat
1259 5487 1411 5555 Cod.
1457 5489 1633 5554 Kone.
1681 5490 1730 5572 ³)
1775 5493 2130 5569 quingentos
2176 5492 2353 5551 etlam
2394 5491 2665 5568 proprios
2708 5490 2927 5549 milites
2976 5483 3126 5550 0001.
3186 5484 3363 5548 Kost.
