4342 6384
425 565 556 667 (Α.
597 566 689 641 D.
730 563 961 666 1410.)
1600 587 1827 639 mmm
1879 586 2341 641 Unnncnms,
3375 570 3523 641 113

423 774 754 847 Hostium
791 774 976 849 enim
1014 774 1366 847 exercitus
1407 774 1460 861 ¹)
1515 773 1731 847 nimio
1787 795 2044 865 pavore
2100 776 2501 867 perculsus,
2560 796 2786 866 neque
2834 775 3313 848 resistentiam
3354 796 3522 867 qua-

423 897 842 987 lemcunque
905 894 1266 987 opposuit,
1335 895 1457 967 sed
1513 895 1586 967 in
1643 897 1880 987 fugam
1944 896 2275 969 continuo
2341 896 2691 987 dilapsus,
2762 896 2835 969 iu
2900 896 3233 987 oppidum
3299 897 3527 969 redire

423 1016 836 1103 festinabat,
902 1016 1093 1108 regio
1159 1015 1473 1088 exercitu
1530 1015 1602 1088 in
1659 1016 1808 1087 suis
1873 1016 2092 1109 tergis
2159 1017 2513 1089 haerente.
2578 1016 2726 1089 Nec
2782 1016 3008 1088 minor
3062 1022 3211 1089 erat
3268 1017 3339 1089 in
3400 1039 3520 1109 op-

420 1135 586 1227 pido
643 1139 712 1208 et·
767 1134 988 1207 muris
1043 1135 1454 1227 trepidati0,
1513 1157 1600 1208 ex
1657 1157 1826 1228 qua,
1884 1136 2289 1209 verentibus
2328 1136 2637 1224 civibuS,
2694 1158 2781 1209 ne
2819 1136 2893 1209 iu
2932 1137 3263 1228 oppidum
3302 1137 3522 1208 victo-

421 1277 529 1328 res
585 1276 744 1328 cum
800 1255 1011 1329 victis
1067 1255 1521 1348 irrupissent,
1579 1256 1884 1328 nondum
1941 1256 2315 1329 medietate
2372 1278 2654 1329 suorum
2709 1256 3056 1349 ingressa,
3113 1260 3351 1348 portas
3410 1278 3520 1329 oc-

423 1376 742 1449 cludunt.
801 1376 1154 1449 Gadebant
1201 1380 1434 1449 autem
1489 1378 1729 1468 plures
1785 1398 1872 1449 ex
1926 1376 2281 1465 hostibuS,
2348 1399 2504 1451 cum
2572 1376 2900 1469 fugiendo
2966 1378 3527 1469 propellerentur

425 1518 466 1569 a
517 1495 840 1585 PoloniS,
899 1502 970 1569 et
1023 1516 1097 1569 se
1153 1496 1346 1588 ipsos
1401 1502 1644 1569 mutuo
1709 1496 2157 1570 collidebant.
2224 1498 2313 1569 In
2368 1497 2543 1589 ipsis
2609 1497 2909 1589 denique
2962 1497 3186 1589 portis
3240 1498 3523 1590 gravior

425 1621 578 1688 orta
632 1620 741 1689 est
797 1616 1255 1707 compressiO,
1317 1621 1386 1688 et
1441 1637 1859 1709 unoquoque
1923 1617 2223 1690 alterum
2257 1616 2318 1707 ²)
2384 1621 2739 1709 premente
2805 1622 2873 1691 et
2935 1617 3345 1709 praevenire
3411 1638 3521 1690 co-

422 1740 668 1825 nante,
727 1736 1238 1827 impediebatur
1293 1736 1605 1809 hostium
1663 1737 1857 1828 fuga,
1927 1742 1998 1809 et
2053 1737 2483 1829 frequentior
2544 1737 2998 1829 proveniebat
3055 1738 3523 1828 collapsorum

79 1853 97 1904 ¹
421 1855 776 1929 interitus.
835 1856 1268 1949 Quapropter
1321 1856 1542 1929 maior
1595 1856 1918 1929 Livonici
1955 1858 2307 1930 exercitus
2362 1857 2698 1930 medietas
2766 1859 2851 1930 ab
2907 1858 3226 1951 ingressu
3282 1856 3523 1948 oppidi

76 1961 99 2102 ί
423 1978 743 2065 exclusa,
811 1976 885 2050 111
941 1976 1291 2050 exercitus
1354 1976 1530 2069 regii
1595 1976 2114 2068 captivitatem,
2185 1977 2507 2070 quamvis
2573 1978 2700 2049 illo
2756 1978 3147 2069 quadruplo
3202 1978 3520 2069 superior

424 2097 791 2186 existeret,
847 2096 1174 2188 precibus
1229 2097 1440 2171 etiam
1495 2097 1788 2171 adiectis
1845 2118 1920 2170 se
1959 2099 2146 2170 ultro
2188 2097 2511 2172 subiecit.
2570 2097 3031 2189 captivantur
3070 2098 3309 2189 itaque
3348 2098 3518 2170 Fra-

423 2222 564 2290 tres
620 2217 706 2291 de
761 2216 1018 2291 Ordine
1051 2217 1375 2308 plurimi,
1435 2216 1604 2289 item
1655 2216 1918 2289 milites
1975 2216 2323 2311 insigneS,
2381 2223 2451 2290 et
2496 2216 2709 2290 armis
2748 2217 3114 2306 detractis,
3173 2218 3525 2290 ducuntur

423 2359 462 2409 a
511 2336 729 2429 regiis
783 2337 1134 2410 militibus
1191 2337 1558 2410 vinculati.
1622 2336 1759 2409 Vix
1797 2337 2131 2411 credibile
2168 2337 2396 2425 dictu,
2456 2336 2753 2429 captivi,
2813 2359 2928 2411 eos
2968 2338 3089 2429 qui
3130 2338 3521 2427 capiebant,

425 2478 707 2531 numero
774 2457 1216 2549 quadruplici
1289 2463 1767 2546 excesserant,
1843 2458 2012 2531 adeo
2086 2480 2359 2531 omnem
2434 2478 2715 2531 sensum
2784 2457 3051 2531 territis
3120 2457 3523 2531 excutiente

427 2578 740 2665 fortuna,
805 2581 886 2649 ut
950 2598 1078 2651 nec
1140 2578 1453 2651 hostium
1517 2578 1944 2669 paucitatem
2007 2599 2134 2651 nec
2200 2599 2483 2651 suorum
2548 2577 3075 2650 multitudinem
3132 2577 3307 2649 satis
3362 2599 3520 2668 pro-

427 2698 793 2789 spicerent.
853 2697 1186 2789 Coeperat
1235 2698 1580 2791 siquidem
1627 2700 1866 2771 hostes
1904 2702 2066 2771 ante
2103 2701 2171 2770 et
2210 2702 2371 2791 post
2406 2698 2673 2771 cladem
2713 2718 2793 2770 ea
2828 2698 3243 2787 credulitaS,
3302 2698 3519 2770 alium

74 2894 79 2914 ‚
425 2818 902 2909 capitaliorem
957 2818 1342 2891 exercitum
1407 2818 1620 2911 Regis
1695 2818 1902 2891 silvis
1968 2824 2038 2891 et
2095 2818 2495 2891 nemoribus
2572 2819 2888 2895 clausum
2945 2840 3129 2907 esse,
3210 2823 3280 2890 et
3334 2839 3517 2905 eum,

70 2963 84 3034 4
423 2960 464 3010 a
515 2958 652 3029 quo
707 2937 898 3029 capti
953 2942 1181 3025 erant,
1241 2938 1590 3011 comitari:
1659 2960 1876 3031 eoque
1940 2944 2260 3031 respectu
2327 2938 2587 3026 delusi,
2657 2941 2727 3011 et
2782 2938 2855 3009 in
2912 2940 3145 3031 fugam
3203 2937 3523 3010 abierant

422 3061 492 3131 et
540 3058 854 3149 precario
910 3078 984 3129 se
1040 3058 1443 3149 captivitati
1498 3058 1960 3135 subiecerant.
2027 3060 2229 3131 Unde
2294 3080 2451 3131 cum
2515 3080 2639 3149 per
2698 3061 2942 3150 gentes
3000 3056 3215 3149 Regis
3273 3078 3521 3147 versus

419 3178 634 3269 Ripin
694 3178 1144 3265 ducerentur,
1203 3199 1502 3269 quonam
1559 3180 1866 3252 locorum
1915 3178 2287 3269 capitalior
2339 3178 2689 3251 exercitus
2744 3176 2959 3271 Regis
2993 3175 3054 3266 3)
3110 3176 3524 3250 consisteret

417 3302 490 3370 et
545 3320 634 3370 au
691 3319 764 3371 se
821 3302 1192 3370 secuturus
1247 3300 1458 3387 foret,
1517 3299 1803 3371 assidua
1849 3298 2259 3390 quaestione
2306 3320 2469 3371 suos
2518 3299 2841 3371 ductores
2878 3298 3280 3390 pulsabant.
3339 3296 3519 3369 Gen-

417 3424 526 3491 tes
581 3440 748 3491 vero
803 3417 1036 3510 regiae
1089 3418 1512 3509 periculum,
1571 3419 1633 3491 si
1688 3439 1930 3491 verum
1987 3420 2403 3506 faterentur,
2454 3440 2495 3491 a
2540 3418 2843 3510 captivis
2899 3418 3195 3506 veritae,
3272 3418 3519 3489 fortem

65 3534 77 4010 t
413 3542 484 3611 et
541 3538 916 3630 capitalem
980 3539 1366 3612 exercitum
1420 3539 1494 3611 in
1548 3538 1940 3630 propinquo
2006 3560 2132 3611 suo
2197 3538 2535 3611 comitatu
2600 3559 2870 3629 semper
2933 3560 3085 3611 esse
3150 3543 3221 3611 et
3276 3537 3516 3625 fuisse,

75 2409 95 2534 ‘'U-

411 3658 722 3750 captivis
777 3662 1139 3747 astruunt,
1199 3664 1268 3732 et
1322 3680 1408 3733 ex
1465 3659 1674 3732 certis
1728 3658 2161 3751 respectibus
2226 3659 2531 3731 nondum
2588 3658 2661 3730 in
2715 3658 3079 3748 publicum
3132 3657 3512 3748 prodiisse:

404 3779 822 3869 talibusque
885 3778 1268 3852 terroribus
1333 3782 1403 3853 et
1465 3779 1820 3872 figmentis
1885 3779 2203 3871 captivos
2269 3779 2615 3851 distentos
2681 3777 2753 3849 in
2818 3777 3037 3869 Ripin
3102 3777 3514 3867 perducunt.

405 3899 610 3971 Tunc
666 3918 942 3990 quoque
995 3898 1301 3990 primum
1354 3899 1656 3991 captivis
1712 3899 1786 3970 in
1841 3899 2126 3971 vincula
2191 3896 2559 3984 coniectis,
2626 3919 2765 3969 non
2832 3896 3243 3987 ampliorem
3300 3895 3517 3967 fuisse

67 4013 70 4112 ξ
403 4019 806 4093 exercitum
859 4018 1162 4111 regium,
1223 4040 1430 4109 quam
1488 4020 1608 4109 qui
1667 4041 1782 4093 eos
1837 4019 2332 4111 profligaverat
2360 4021 2458 4091 et
2505 4017 2777 4089 vinctos
2816 4016 3147 4104 duxerat,
3207 4015 3513 4088 edicunt.

65 4118 77 4194 Ῐ
399 4139 554 4229 Quo
627 4138 870 4211 audito
935 4138 1202 4231 captivi
1265 4138 1340 4210 in
1403 4138 1838 4212 miserabiles
1904 4138 2262 4231 singultus
2317 4142 2388 4210 et
2441 4138 2767 4210 lacrimas
2830 4140 3328 4228 prorumpunt,
3386 4157 3513 4226 pu-

395 4259 594 4333 blica
655 4264 726 4331 et
781 4278 1032 4331 sonora
1085 4278 1252 4331 voce
1304 4258 1634 4349 professi,
1691 4258 1972 4331 nonnisi
2025 4264 2315 4349 propter
2350 4257 2726 4343 iniustum,
2784 4257 2871 4328 ad
2910 4256 3093 4348 quod
3130 4255 3512 4341 venissent,

395 4379 715 4467 bellum,
774 4377 848 4449 in
904 4382 1046 4450 tam
1103 4377 1568 4451 miserandam
1623 4383 1878 4451 sortem
1935 4399 2052 4450 eos
2107 4379 2475 4469 prolapsos
2542 4376 2795 4464 fuisse,
2866 4381 2935 4449 et
2982 4375 3285 4447 ultionis
3334 4374 3513 4446 divi-

65 4503 75 4632 t
391 4520 529 4571 nae
585 4497 917 4591 gladium
981 4497 1065 4569 ob
1123 4497 1340 4588 impia
1410 4498 1598 4569 bella
1660 4497 1762 4571 eis
1817 4497 2232 4585 accurrisse,
2295 4502 2673 4593 postquam
2728 4500 2925 4568 tanta
2980 4516 3213 4569 eorum
3270 4494 3512 4566 multi-

389 4620 570 4691 tudo
649 4616 1004 4710 paucitati
1066 4615 1192 4687 vix
1259 4617 1580 4689 ferendae
1651 4617 2166 4690 succubuisset:
2244 4616 2573 4708 quoniam
2644 4620 2917 4707 poterat
2982 4622 3051 4687 et
3114 4615 3200 4687 ad
3269 4615 3515 4685 valvas

386 4739 644 4831 oppidi
709 4737 976 4825 Golub‚
1034 4741 1103 4808 et
1141 4740 1392 4827 expost
1421 4737 1484 4825 ⁴)
1540 4757 1696 4809 cum
1734 4737 2132 4824 duceretur,
2186 4759 2313 4809 sua
2349 4736 2850 4809 numerositate
2889 4739 2959 4808 et
2994 4734 3303 4806 hostium
3342 4755 3512 4824 pau-

382 4859 610 4933 citate
684 4857 1046 4944 discussa,
1115 4856 1527 4929 trucidasse.
1593 4857 1703 4927 Ex
1769 4855 1986 4947 Ripin
2049 4856 2299 4928 deinde
2366 4878 2603 4928 omnes
2667 4854 2932 4946 captivi
2996 4855 3070 4925 in
3134 4852 3514 4925 Wladislai

381 4980 612 5072 Regis
673 4981 1172 5068 conspectum,
1229 4976 1304 5048 in
1342 4977 1678 5049 Brzescze
1715 4974 1998 5047 adducti
2037 4980 2225 5049 sunt.
2285 4976 2420 5067 Qui
2458 4976 2541 5049 de
2580 4980 2723 5047 tam
2762 4974 3050 5046 sublimi
3086 4974 3298 5061 dono,
3356 4994 3511 5064 gra-

379 5099 654 5171 tiarum
718 5095 1122 5168 actionibus
1177 5095 1252 5168 in
1305 5097 1529 5168 Deum
1584 5094 1962 5185 exsolutiS,
2020 5116 2256 5168 omnes
2312 5096 2577 5167 milites
2635 5099 2704 5167 et
2758 5096 3043 5167 Fratres
3100 5093 3183 5165 de
3223 5092 3508 5181 Ordine,

607 5369 656 5453 ¹)
713 5368 1002 5430 Hostium
1047 5369 1203 5429 enim
1247 5368 1540 5430 exercitus
1587 5363 1814 5429 desunt
1857 5364 1930 5429 in
1979 5362 2130 5429 Ood.
2192 5363 2368 5429 Calv.
2416 5376 2474 5429 et
2518 5364 2693 5431 Kost.
2760 5361 2812 5449 ²)
2860 5366 3041 5427 alium
3104 5362 3254 5429 Cod.
3318 5362 3511 5427 Rozr.

379 5476 430 5559 ³)
478 5478 702 5554 regius
760 5464 921 5534 Cod.
975 5468 1152 5533 Kost.
1203 5468 1254 5549 ⁴)
1300 5476 1510 5548 postea
1557 5466 1708 5533 cod.
1757 5467 1948 5531 Rozr.

433 5630 478 5673 J.
507 5628 722 5683 Diagon.
755 5622 890 5664 mut.
916 5620 1078 5663 Polou.
1107 5621 1158 5663 Τ.
1185 5622 1266 5661 IV.
3102 5602 3171 5656 15
