4342 6384
862 472 1010 543 636
2031 493 2257 545 mni-m
2309 493 2822 546 Duonncmus
3391 469 3534 568 (Α.
3580 468 3677 542 D.
3725 464 4007 564 ⁸440.)

857 791 1059 880 capto
1103 791 1417 864 friderico
1464 793 1708 864 vomito
1753 793 1951 864 0111116
2000 795 2070 865 et
2113 794 2183 865 in
2230 793 2490 865 vincula
2536 810 2576 864 a
2605 793 2862 864 Polonis
2892 792 3220 876 coniecto,
3267 791 3598 862 larrium
3629 790 4003 861 obsidium

2263 912 2561 984 solvitur.

1065 1159 1356 1252 Cognito
1415 1159 1785 1231 Elisabeth
1841 1160 2111 1252 Regina
2150 1160 2528 1232 Wladislai
2567 1160 2783 1252 Regis
2822 1159 3154 1232 Poloniae
3193 1159 3266 1231 in
3306 1160 3586 1231 Budam
3630 1161 3993 1231 adventu.

861 1281 1301 1353 vehementer
1338 1279 1524 1371 parti
1563 1301 1729 1352 suae
1769 1280 2011 1352 timere
2059 1281 2318 1372 coepit,
2377 1280 2788 1372 praesertim
2828 1302 2985 1351 cum
3024 1281 3294 1353 videret
3328 1280 3709 1351 universos
3766 1280 3995 1350 Prae·-

861 1402 1043 1472 latos
1100 1405 1169 1471 et
1224 1401 1515 1473 barones
1573 1400 1979 1492 Hungariao
2035 1400 2254 1474 eidem
2312 1401 2704 1473 Wladislao
2761 1399 2940 1492 Regi
2995 1400 3369 1472 inclinatos
3410 1400 3464 1488 ¹)
3524 1405 3595 1471 et
3655 1399 3993 1476 affectus,

861 1542 986 1592 nec
1042 1521 1330 1593 haberet
1384 1521 1623 1613 aliqua
1677 1526 1907 1594 castra
1972 1521 2213 1609 fortia,
2288 1521 2542 1613 quibus
2611 1520 2746 1593 sibi
2806 1521 2880 1592 in
2935 1519 3378 1593 necessitatis
3443 1519 3756 1592 articulo
3821 1541 3991 1610 pns-

863 1646 969 1712 set
1024 1646 1380 1733 praestare
1436 1641 1907 1714 securitatem.
1965 1641 2425 1714 Benedictum
2480 1641 2719 1733 itaque
2768 1641 3172 1732 episcopum
3210 1639 3650 1712 Iavriensem
3691 1640 3991 1711 blandis

861 1762 1093 1834 verbis
1149 1765 1220 1834 et
1272 1762 1639 1853 promissis
1696 1762 1913 1834 variis
1969 1761 2461 1851 circumvenit,
2520 1768 2588 1835 et
2643 1766 2948 1833 castrum
3005 1760 3288 1832 Iavrino
3358 1760 3494 1832 sibi
3535 1760 3838 1832 concedi
3879 1776 3987 1828 ar-

864 1903 997 1972 que
1051 1881 1398 1973 resignari
1455 1882 1817 1972 impetrat,
1876 1887 2085 1974 atque
2142 1882 2215 1954 in
2271 1883 2396 1953 illo
2450 1888 2696 1974 gentes
2752 1903 2837 1954 ex
2896 1880 3231 1953 Bohemia
3278 1879 3633 1971 stipendio
3675 1880 3987 1952 condum

862 2008 1006 2090 tas,
1065 2007 1143 2072 ut
1202 2022 1440 2073 omnes
1497 2001 1888 2074 Wladislao
1947 2003 2125 2094 Regi
2183 2002 2422 2074 fideles
2479 2009 2734 2075 vexent
2790 2006 2858 2074 et
2914 2002 3231 2089 turbent,
3289 2001 3505 2088 locat,
3557 1999 3987 2091 praeficiens

864 2123 1015 2194 illis
1055 2121 1560 2194 Schunkowski
1590 2121 1651 2210 2)
1692 2123 2076 2195 Bohemum
2126 2122 2195 2194 iu
2237 2114 2700 2213 capitaneum.
2761 2122 2869 2192 Ex
2903 2118 2964 2209 3)
3021 2120 3522 2194 deliberatione
3563 2121 3819 2211 itaque
3859 2123 3975 2190 ba*

865 2264 1115 2313 ronum
1178 2242 1515 2314 Poloniae
1580 2246 1649 2314 et
1713 2242 2117 2335 Hungariae
2184 2242 2620 2314 Wladislaus
2685 2242 2842 2314 Rex
2907 2241 3240 2313 Poloniae
3313 2241 3712 2313 exercitum
3775 2262 3983 2312 suum

865 2384 952 2435 ex
992 2362 1277 2434 Polonis
1317 2366 1385 2433 et
1423 2361 1780 2455 Hungaris
1819 2366 2259 2454 congestum,
2318 2383 2562 2434 versus
2602 2362 2965 2433 Iavrinum
3005 2359 3424 2433 transmittit
3463 2365 3532 2432 et
3572 2365 3895 2432 castrum
3919 2364 3979 2436 ⁴³

864 2481 1224 2555 obsidione
1281 2483 1534 2570 vallat,
1594 2483 1666 2555 in
1722 2504 1857 2574 quo
1915 2482 2127 2555 etiam
2197 2488 2364 2554 tunc
2427 2482 2830 2555 Fridericus
2886 2482 3127 2554 Comes
3182 2480 3436 2567 Ciliae,
3495 2480 3825 2552 omnium
3879 2484 3975 2552 di-

862 2603 1215 2675 visionum
1271 2605 1342 2675 et
1393 2623 1803 2695 guerrarum
1858 2609 2092 2690 autor,
2151 2603 2413 2674 aderat.
2455 2603 2791 2675 Exercitu
2831 2607 3067 2675 autem
3103 2601 3295 2694 regio
3334 2600 3783 2674 obsidionem
3823 2623 3975 2673 cun-

780 2793 791 2804 ,
864 2723 1185 2796 tinuante
1240 2727 1308 2795 et
1364 2722 1729 2795 offensioni
1792 2723 2104 2795 hostium
2170 2723 2642 2795 intercedente
2675 2722 2760 2810 5),
2816 2723 3175 2813 praefatus
3240 2721 3482 2793 Comes
3547 2720 3784 2793 Ciliae
3843 2744 3971 2792 nis-

866 2849 1071 2916 tuens
1129 2842 1266 2915 sibi
1321 2842 1716 2933 periculum
1772 2842 2166 2931 imminere,
2226 2843 2405 2915 clam
2461 2842 2545 2914 de
2603 2847 2829 2914 castro
2887 2844 3046 2914 cum
3099 2840 3343 2933 paucis
3380 2840 3684 2929 recedit,
3747 2847 3824 2913 et
3863 2864 3975 2932 per

866 2962 1158 3034 fluvium
1223 2963 1454 3052 Raba,
1521 2962 1643 3053 qui
1709 2968 1938 3035 castro
2006 2961 2283 3034 vicinus
2349 2966 2488 3048 est,
2557 2967 3073 3055 transgressus,
3143 2982 3389 3035 versus
3442 2960 3843 3033 Posonium
3899 2964 3975 3028 sd

867 3082 1236 3155 Elisabeth
1289 3081 1632 3174 Reginam
1689 3082 2125 3175 Hungariae,
2197 3096 2374 3173 quae
2429 3082 2604 3155 illuc
2661 3103 2734 3154 se
2791 3082 3218 3170 contulerat,
3283 3085 3650 3172 properat,
3711 3080 3975 3153 faciens

866 3203 942 3276 111
996 3202 1333 3291 insulam,
1392 3223 1568 3295 quae
1623 3225 1663 3275 a
1717 3203 2036 3276 Danubio
2076 3182 2412 3290 ambitur,
2472 3224 2559 3275 ex
2597 3202 2881 3275 Iavrino
2938 3202 3378 3276 descensum:
3434 3221 3560 3293 per
3597 3223 3756 3274 eam
3799 3204 3975 3274 enirn

868 3343 1066 3415 spem
1120 3327 1398 3414 ceperat
1464 3324 1647 3396 elabi
1713 3328 1867 3395 tuto
1932 3345 2160 3415 posse.
2229 3323 2637 3396 Percrebuit
2701 3328 2935 3395 autem
2992 3323 3066 3395 in
3123 3322 3437 3397 exercitu
3499 3321 3734 3414 regio,
3796 3329 3975 3393 terra

865 3445 1202 3535 prodente
1257 3464 1540 3532 arcana,
1599 3444 1907 3516 eiusdem
1963 3443 2254 3516 Comitis
2312 3465 2398 3516 ex
2455 3447 2684 3516 castro
2741 3443 3154 3530 descensus3
3217 3445 3503 3534 propter
3560 3442 3753 3532 quod
3822 3444 3975 3533 plu-

867 3586 979 3638 res
1035 3563 1300 3636 milites
1355 3563 1691 3637 Poloniae
1745 3564 1949 3637 illum
2006 3564 2496 3656 insequuntur.
2555 3564 2976 3657 Intelligens
3025 3567 3261 3636 autem
3299 3564 3541 3636 Comes
3581 3561 3810 3635 Ciliae
3848 3564 3975 3632 Ps-

868 3684 1187 3756 lonorum
1219 3685 1281 3774 6)
1338 3684 1603 3757 milites
1660 3685 1746 3756 ad
1803 3706 1875 3757 se
1931 3684 2649 3775 comprehendendum
2706 3685 3104 3757 vehementi
3154 3683 3388 3755 studio
3425 3703 3759 3755 accensos
3797 3704 3975 3764 esse,

873 3827 1112 3878 omnes
1170 3826 1333 3876 suos
1390 3804 1711 3906 comites,
1770 3804 2153 3877 familiares
2213 3810 2283 3877 et
2339 3805 2637 3892 militeS,
2695 3811 2776 3876 ut
2812 3827 2853 3877 a
2889 3805 3178 3877 Polonis
3227 3803 3792 3894 captivarentur,
3859 3824 3975 3892 up-

871 3924 1143 4015 posuit,
1203 3924 1483 3997 facilius
1530 3924 1683 4016 ipse
1718 3928 1914 3996 ratus
1963 3926 2255 3997 evadere
2289 3925 2372 4013 ⁷).
2432 3926 2614 3997 Dum
2653 3925 2890 4016 itaque
2929 3925 3252 4013 comiteS,
3311 3923 3700 3996 familiares
3741 3926 3811 3996 et
3855 3924 3975 3992 1111-

874 4043 1040 4116 lites
1097 4043 1210 4114 sui
1265 4065 1305 4115 a
1358 4045 1648 4117 Polonis
1704 4044 1893 4135 capti
1921 4043 2009 4133 8),
2076 4044 2433 4116 dominum
2503 4066 2707 4117 suum
2764 4045 3098 4118 Comitem
3158 4043 3376 4117 Ciliae
3430 4043 3504 4116 in
3560 4063 3809 4115 eorum
3859 4068 3979 4112 uu-
4192 4043 4198 4096 ¹

873 4183 1059 4235 mero
1117 4161 1405 4235 affuisse
1443 4168 1845 4236 constanter
1892 4164 2404 4251 inficiarentur‚
2463 4169 2532 4236 et
2563 4165 2625 4253 9)
2674 4170 2833 4256 post
2872 4164 3174 4257 diligens
3214 4162 3637 4236 scrutinium
3674 4163 3754 4234 in
3793 4164 3985 4234 saltn

872 4282 1216 4355 condenso
1274 4286 1345 4354 et
1400 4283 1731 4374 vepribus
1787 4284 2045 4375 ubique
2102 4285 2327 4356 obsito
2385 4285 2808 4376 deprehendi
2858 4307 2999 4357 non
3034 4288 3275 4376 posset
3315 4284 3437 4372 ¹⁰):
3495 4304 3680 4354 unus
3719 4303 3812 4354 ex
3850 4284 3979 4352 Po-

872 4404 1191 4475 lonorum
1247 4402 1630 4491 militibus,
1687 4403 2031 4476 Windika
2087 4405 2398 4490 nomine,
2459 4404 2832 4478 vafricioso
2891 4409 3391 4497 stratagemate
3436 4403 3814 4476 veritatem
3855 4404 3979 4476 eli-

873 4521 1021 4595 cuit
1059 4523 1179 4609 ¹¹):
1239 4522 1505 4611 Meriti,
1564 4522 1829 4612 inquit,
1890 4523 2151 4616 singuli
2209 4526 2381 4597 ostis
2437 4525 2906 4599 trucidatione
2962 4523 3383 4614 crudeli12),
3443 4523 3564 4615 qui
3617 4523 3979 4595 dominum

873 4645 1188 4714 vestrum
1244 4642 1547 4714 celatum
1603 4641 1826 4714 eundo
1881 4642 2320 4732 perdidistis:
2379 4666 2504 4715 nos
2562 4644 2744 4716 enim
2802 4646 3085 4718 *verbis
3141 4645 3399 4718 vestris
3455 4645 3753 4731 creduli,
3814 4643 3975 4714 dum

1091 4863 1135 4943 ¹)
1183 4865 1505 4925 acclinatos
1554 4859 1706 4926 Cod.
1756 4861 1934 4925 Kost.
1999 4859 2054 4945 2)
2102 4865 2459 4925 Sunkowski
2509 4860 2662 4927 Cod.
2709 4863 2886 4927 Kost.
2937 4865 2993 4945 ³)
3037 4868 3168 4926 Hac
3214 4863 3339 4927 Ed.
3387 4863 3568 4947 Lips.
3617 4861 3671 4942 ⁴)
3720 4871 3975 4925 castrum

872 4969 1089 5028 Iawrin
1133 4963 1258 5029 Ed.
1307 4964 1488 5048 Lips.
1538 4965 1592 5044 ⁵)
1623 4967 1963 5027 intendente
2012 4962 2163 5030 Cod.
2204 4963 2380 5028 Kost.
2431 4966 2482 5046 ὅ)
2515 4970 2772 5030 Polonos
2814 4966 2967 5032 Cod.
3001 4966 3178 5031 Kost.
3223 4967 3275 5046 Ἴ)
3310 4969 3562 5030 evadere
3591 4987 3787 5044 posse.
3824 4964 3975 5029 Curi,

874 5067 1050 5132 Kost.
1100 5065 1156 5151 8)
1204 5072 1361 5146 capti
1406 5076 1604 5129 essent
1648 5066 1773 5131 Ed.
1819 5067 1999 5151 Lips.
2049 5067 2101 5148 ⁹)
2151 5070 2585 5148 inficiabantur,
2633 5091 2742 5133 nec
2786 5069 2914 5133 Ed.
2963 5070 3146 5154 Lips.
3204 5070 3284 5151 ¹⁰)
3332 5073 3692 5149 deprehendi
3745 5076 3975 5148 poterat

873 5169 999 5233 Ed.
1046 5169 1228 5254 Lips.
1284 5170 1360 5247 ¹¹)
1406 5172 1535 5232 Rex
1579 5190 1721 5231 vero
1766 5173 1985 5232 exitum
2029 5173 2329 5232 turbarum
2377 5175 2634 5234 civilium
2679 5176 2939 5236 nondum
2985 5176 3198 5236 videns
3259 5177 3629 5252 convocatiS,
3690 5181 3975 5250 quotquot

875 5274 1149 5352 aderant,
1208 5274 1398 5350 Regni
1455 5275 1825 5352 proceribus,
1886 5278 1945 5335 et
2002 5275 2278 5334 admissis
2337 5294 2486 5351 quos
2544 5278 2718 5340 modo
2765 5279 2825 5338 in
2865 5279 3090 5339 ditione
3145 5280 3405 5339 habebat
3446 5279 3802 5339 rebellibus:
3848 5276 3971 5336 Ed..

878 5372 1059 5458 Lips.
1115 5372 1193 5460 ¹²)
1240 5377 1687 5440 trucidationem
1733 5378 2027 5441 crudelem
2073 5374 2198 5437 Ed.
2248 5375 2429 5466 Lips.
