4342 6384
981 549 1130 621 454
2157 572 2385 624 menn
2436 570 2896 626 nuntiemus.
3540 545 3674 645 (Α.
3714 545 3809 620 D.
3850 545 4059 644 1431.)

981 756 1118 828 bus
1174 759 1244 827 et
1279 753 1726 847 Pythonissis
1781 754 2132 827 retinendi
2186 759 2255 828 et
2292 754 2705 828 defendendi
2744 753 2959 827 castri
3012 753 3339 826 fiduciam
3374 757 3814 845 reponerent.
3872 754 4060 826 Unde

983 874 1382 966 petentibus
1448 873 1730 946 Iudaeis
1797 874 2004 946 datus
2069 875 2205 947 fuit
2277 895 2363 946 ex
2430 874 2730 966 captivis
2786 874 3073 947 Polonis
3138 895 3320 946 unus
3384 874 3791 946 adolescens
3856 876 4061 946 forma

979 993 1384 1084 elegantior,
1449 1015 1654 1084 quem
1709 993 2038 1066 continuo
2103 996 2331 1066 cultro
2396 994 2470 1065 in
2522 995 2761 1085 gulam
2826 994 3045 1066 infixo
3109 993 3535 1081 occidentes,
3601 998 3917 1066 extracto
3978 1015 4059 1066 ex

977 1132 1260 1203 corpore
1317 1112 1467 1184 eius
1507 1113 1878 1204 sanguine,
1937 1119 2251 1185 ventrem
2307 1113 2666 1200 dividunt;
2724 1118 2795 1185 et
2831 1115 3065 1200 corde,
3122 1113 3345 1186 iecore
3399 1117 3469 1185 et
3506 1113 3671 1185 aliis
3708 1113 4061 1186 intestinis

979 1252 1016 1302 e
1075 1253 1356 1323 corpore
1415 1233 1686 1305 eductis
1759 1239 1829 1304 et
1883 1233 1957 1305 in
2011 1234 2241 1323 pecies
2282 1234 2335 1324 ¹)
2406 1233 2717 1306 minutas
2780 1233 3065 1319 divisis,
3132 1233 3207 1304 in
3260 1233 3593 1306 carbones
3650 1233 3849 1304 vivos
3916 1255 4061 1324 pro-

976 1348 1294 1422 iicientes
1325 1350 1412 1440 2),
1473 1353 1660 1422 fumo
1700 1350 1952 1424 exinde
2007 1357 2156 1423 orto
2198 1374 2435 1425 omnes
2490 1352 2703 1424 castri
2742 1352 3045 1443 parietes
3102 1357 3171 1424 et
3208 1353 3535 1443 anguIOS‚
3596 1353 3799 1443 quasi
3836 1354 4061 1424 thuris

979 1468 1215 1558 odore,
1272 1470 1705 1561 precationes
1743 1471 2048 1543 canendo
2105 1472 2516 1564 sacrilegas,
2574 1470 2929 1558 inficiunt,
2989 1472 3375 1543 iuramento
3414 1472 3879 1544 assecurando
3918 1473 4061 1543 Iur-

977 1609 1166 1660 szam
1223 1595 1293 1661 et
1347 1590 1690 1678 οὓεοεεοε,
1749 1591 2016 1662 nullam
2074 1591 2459 1666 obsidionis
2517 1595 2639 1663 aut
2693 1589 3235 1683 expugnationis
3290 1590 3433 1662 vim
3490 1591 3575 1662 de
3628 1595 3905 1664 caetero
3960 1613 4063 1663 ca·

977 1712 1123 1778 stro
1179 1709 1324 1780 fore
1377 1707 1792 1783 nocituram.

1579 2072 1968 2161 switrigouo
2013 2072 2155 2143 Dux
2200 2074 2382 2162 pacis
2427 2073 2836 2144 conditiones
2880 2073 3109 2144 callide
3156 2072 3469 2144 admittit.

1184 2307 1314 2380 Die
1368 2308 1730 2380 Dominico
1785 2315 1947 2400 post
2002 2311 2260 2380 festum
2320 2309 2561 2381 Sancti
2600 2309 3149 2396 Bartholomaei,
3209 2311 3391 2380 fama
3438 2310 3851 2381 universum
3891 2331 4063 2381 com-

977 2429 1294 2519 pleverat
1365 2428 1781 2516 exercitum,
1860 2450 2098 2520 pacem
2171 2449 2293 2519 per
2355 2428 2823 2500 Wladislaum
2890 2429 3152 2519 Regem
3226 2433 3296 2500 et
3360 2429 3803 2501 consiliarios
3886 2451 4062 2514 suos,

974 2547 1337 2639 Ducesque
1411 2547 1785 2640 Georgium
1844 2548 2191 2640 Syemyon
2244 2553 2315 2619 et
2371 2545 2717 2636 Wasi13),
2776 2551 2843 2620 et
2900 2547 3209 2639 quinque
3260 2549 3554 2621 barones
3612 2549 4059 2634 Lithuaniae‚

973 2666 1095 2757 qui
1148 2689 1188 2738 a
1242 2669 1434 2740 Duce
1489 2667 2050 2760 Switrigyellone
2079 2669 2141 2757 ⁴¹)
2206 2689 2329 2759 pro
2388 2668 2749 2740 tractanda
2802 2688 2971 2758 pace
3025 2666 3255 2755 missi,
3324 2666 3495 2742 feria
3552 2673 3759 2740 sexta
3820 2669 3901 2740 in
3954 2668 4061 2740 die

977 2785 1219 2858 Sancti
1273 2787 1796 2859 Bartholomaei
1851 2788 2311 2876 advenerant,
2378 2789 2776 2860 conclusam
2834 2808 3007 2860 esse.
3082 2787 3219 2860 Sed
3284 2809 3445 2860 mox
3502 2789 3759 2860 famam
3818 2788 4063 2879 ipsam,

976 2927 1185 2996 quam
1239 2906 1490 2978 Poloni
1547 2906 1754 2978 laetis
1811 2907 2227 2980 audiverant
2280 2907 2568 2994 animiS,
2628 2913 2988 2997 sperantes
3044 2906 3263 2978 citum
3319 2907 3405 2980 ad
3459 2907 3745 2998 propria
3798 2929 4064 3000 regres-

975 3045 1161 3114 sum,
1220 3027 1361 3097 alia
1413 3026 1741 3098 nuntiata
1793 3027 2070 3098 novitas
2126 3027 2519 3100 restrinxit.
2578 3027 2897 3097 Allatum
2956 3026 3135 3098 enim
3192 3030 3331 3115 est,
3389 3028 3653 3099 Ducem
3710 3027 4067 3120 Switrigal

976 3163 1211 3216 omnes
1266 3148 1609 3217 tractatus
1663 3144 1856 3236 pacis
1912 3146 2165 3219 callide
2232 3150 2301 3217 et
2355 3146 2593 3218 dolose
2648 3145 3120 3236 interponere,
3187 3149 3269 3216 ut
3332 3167 3417 3218 ex
3472 3147 3875 3233 ThartariS,
3930 3147 4063 3218 Va-

975 3263 1340 3356 lachisque
1421 3264 1812 3356 conquisito
1886 3267 2242 3353 exercitu,
2319 3265 2619 3338 Polonos
2693 3265 3013 3351 invadat,
3098 3269 3167 3336 et
3240 3271 3514 3356 tempus
3598 3267 3927 3338 autumni
4000 3273 4065 3339 et

971 3383 1220 3456 hiemis
1285 3384 1814 3476 supervenienS,
1873 3385 2134 3477 Regem
2200 3389 2269 3458 et
2332 3385 2634 3457 Polonos
2701 3407 2741 3455 a
2796 3384 3011 3458 castri
3066 3386 3381 3457 Luczsko
3414 3385 3475 3474 ⁵)
3533 3387 4067 3489 ‘oppugnatione

975 3503 1330 3578 discedere
1384 3505 1780 3596 compellat.
1854 3505 2156 3577 Polonos
2212 3509 2446 3577 tamen
2500 3506 2588 3576 ad
2642 3503 3113 3577 dimicandum
3170 3504 3414 3577 avidos
3478 3505 3664 3577 nihil
3718 3506 3895 3579 haec
3944 3528 4065 3577 no·

969 3623 1154 3696 vitas
1208 3624 1535 3697 terrebat.
1593 3624 2070 3697 Consummati
2124 3623 2408 3697 interim
2444 3626 2728 3697 fuerunt
2782 3629 3125 3696 tractatus
3180 3625 3407 3716 paciS,
3466 3629 3537 3698 et
3573 3625 3889 3716 capitula
3944 3647 4067 3716 pro

967 3764 1138 3834 pace
1192 3743 1379 3816 inter
1429 3749 1664 3835 partes
1721 3751 2083 3818 conventa.
2161 3747 2365 3818 Unde
2423 3745 2743 3817 omnibus
2807 3745 3079 3816 nunt-iis
3135 3744 3350 3817 Ducis
3408 3744 3803 3837 Switrigal‚
3872 3746 4069 3837 pacis

968 3863 1497 3952 tractatoribuS,
1557 3864 1644 3935 ad
1699 3865 1961 3937 Ducem
2017 3864 2375 3956 Switrigal
2427 3864 2773 3952 remissiS,
2833 3864 3056 3936 iuncti
3112 3869 3278 3935 sunt
3332 3863 3482 3936 illis
3536 3865 3673 3936 duo
3729 3866 4067 3936 Poloniae

966 3983 1290 4070 barense,
1348 3984 1678 4056 videlicet
1735 3985 2203 4077 Sandivogius
2260 3985 2343 4058 de
2402 3986 2735 4077 Ostrorog
2786 3985 3144 4077 palatinus
3200 3984 3705 4056 Posnaniensis
3761 3989 3837 4056 et
3882 3985 4067 4056 Lan·

969 4101 1238 4173 rentius
1293 4103 1628 4174 Zaramba
1681 4104 2110 4176 castellanus
2168 4105 2625 4191 SiradiensiS,
2684 4111 2764 4177 ut
2818 4125 2973 4177 cum
3028 4105 3221 4176 Duce
3286 4102 3643 4194 Switrigal
3704 4104 3903 4195 pacis
3962 4125 4067 4175 re-

969 4219 1207 4292 siduos
1263 4221 1598 4293 articulos
1654 4226 1989 4311 tractent,
2057 4224 2306 4296 liment
2370 4230 2439 4296 et
2493 4210 2875 4316 corrigant,
2942 4223 3353 4314 praesertim
3426 4244 3583 4296 cum
3656 4225 3825 4294 Dux
3892 4223 4067 4295 8πί-

967 4339 1180 4432 trigal
1235 4361 1479 4411 novam
1522 4340 2008 4413 difficultatem
2065 4342 2515 4436 ingessisset,
2574 4365 2711 4414 non
2747 4363 2954 4434 posse
2991 4363 3215 4434 neque
3251 4343 3435 4418 velle
3470 4341 3664 4434 pacis
3720 4349 4073 4416 conventa

968 4459 1333 4532 observare
1387 4458 1728 4550 capitula,
1787 4461 1928 4533 nisi
1982 4463 2355 4536 cruciferis
2413 4466 2482 4534 et
2538 4463 2870 4535 Valachis
2924 4462 2999 4534 in
3054 4485 3183 4534 sua
3234 4468 3433 4554 parte
3486 4462 3787 4534 inclusis
3816 4463 3907 4551 ὅ).
3972 4464 4071 4534 De

966 4599 1102 4670 quo
1159 4578 1467 4670 suspicio
1522 4580 1892 4653 vehemens
1948 4586 2193 4654 exorta
2249 4589 2385 4668 est,
2444 4582 2611 4673 quid
2668 4603 2902 4655 secum
2959 4581 3275 4674 mysterii
3329 4603 3441 4655 res
3496 4583 3667 4654 haec
3724 4583 3949 4655 ferret
3984 4583 4067 4668 ⁷),

963 4720 1120 4770 cum
1186 4698 1520 4771 cruciferi
1585 4699 1780 4790 pacis
1843 4707 2221 4793 perpetuae
2285 4703 2557 4775 foedere
2620 4702 2842 4774 iuncti
2871 4701 2959 4790 8),
3027 4702 3320 4774 Valachi
3381 4700 3704 4794 homagio
3768 4701 4070 4773 Polonis

963 4817 1297 4906 subiecti,
1373 4817 1922 4893 dinoscerentur.
2009 4823 2447 4913 Absumptus
2512 4825 2621 4894 est
2692 4841 2817 4912 pro
2883 4821 3033 4893 illis
3096 4821 3341 4895 diebus
3414 4825 3634 4892 morte
3704 4821 3871 4892 Dux
3932 4823 4068 4893 Fe-

1177 5127 1222 5204 ¹)
1267 5135 1468 5206 partes
1533 5125 1686 5191 Cod.
1743 5127 1937 5192 Rozr.
2002 5127 2054 5207 ⁹)
2101 5129 2381 5204 proiectis
2446 5122 2597 5189 Cod.
2649 5125 2843 5189 Rozr.
2918 5125 2967 5198 ³)
3015 5127 3246 5186 Wasie}
3308 5121 3459 5188 Cod.
3504 5123 3687 5187 Kost.
3776 5127 4075 5186 Basiliam

967 5229 1122 5291 cod.
1183 5227 1374 5293 Rozr.
1446 5227 1502 5314 ⁴)
1554 5233 2028 5308 Switrigyellone
2088 5229 2259 5292 dccet
2318 5230 2391 5292 in
2438 5226 2590 5293 cod.
2642 5225 2818 5293 Calv.
2898 5228 2951 5307 ⁵)
2994 5230 3267 5290 Luczsko
3314 5226 3485 5289 deest
3542 5227 3617 5288 in
3666 5224 3825 5291 cod.
3868 5227 4075 5290 Rom·-

961 5329 1014 5409 “)
1063 5333 1335 5394 exclusis·
1387 5321 1538 5396 Cod.
1589 5332 1782 5398 Rozr.
1858 5332 1904 5416 ²)
1961 5335 2120 5413 qnod
2167 5353 2366 5394 secum
2408 5335 2755 5411 mysterium
2800 5351 2897 5394 res
2940 5333 3089 5394 haec
3132 5333 3283 5394 ferat
3328 5327 3453 5394 Ed.
3504 5328 3689 5414 Lips.
3764 5331 3817 5410 ⁸)
3858 5333 4073 5392 irm-

967 5429 1116 5498 Cod.
1147 5433 1326 5498 Kost.
