4342 6384
446 588 577 694 (Α.
618 589 708 668 D.
750 589 1002 693 1424.)
1628 613 1853 668 amun
1906 594 2364 668 usnncmus.
3379 595 3524 670 327

446 822 605 894 ceps
673 803 793 874 diu
866 802 1231 876 tenebatur
1294 823 1561 894 pugna,
1626 822 1783 872 cum
1850 798 2218 872 fortissimi
2278 799 2443 872 hinc
2505 803 2714 891 atque
2778 799 2978 873 illinc
3031 801 3386 889 caderent;
3444 803 3530 874 ad

449 927 834 994 extremum
892 942 1095 994 coeca
1148 923 1457 1008 fortuna,
1516 921 1774 992 Ducem
1816 940 2093 992 coecum
2134 905 2405 1007 secuta,
2462 941 2674 1010 penes
2730 919 3114 992 haereticos
3171 920 3328 994 fuit.
3385 921 3530 992 No-

445 1062 598 1113 vem
656 1039 885 1114 millia
940 1063 1017 1114 ea
1071 1061 1305 1132 pugna
1361 1061 1447 1112 ex
1502 1039 1826 1112 fidelibus
1883 1059 2114 1125 caesa,
2172 1039 2506 1110 Auschka
2560 1043 2762 1130 capta
2800 1045 2868 1110 et
2905 1038 3222 1111 funditus
3278 1040 3530 1112 deleta.

446 1160 696 1232 Elatus
754 1182 833 1233 ea
886 1159 1221 1232 felicitate
1277 1159 1573 1231 Zischka
1611 1159 1689 1246 ¹),
1747 1158 2162 1231 insolentior
2217 1158 2290 1230 in
2345 1157 2526 1245 dieS,
2591 1157 2944 1230 nobilibus
3001 1157 3316 1231 infensus
3355 1179 3529 1247 esse,

445 1279 855 1352 civitatibus
907 1279 1149 1371 gravia
1204 1279 1543 1376 imperare
1596 1277 1865 1350 tributa
1922 1277 2180 1368 coepit:
2239 1277 2322 1348 ob
2363 1297 2536 1368 quas
2571 1297 2682 1350 res
2720 1278 3140 1368 Pragenses,
3195 1279 3529 1351 baronum

447 1400 731 1471 obtento
784 1399 1088 1487 auxilio,
1146 1399 1481 1471 adversus
1538 1419 1693 1470 eum
1750 1397 1983 1489 copias
2040 1396 2364 1470 eduxere.
2422 1396 2679 1468 Verum
2735 1396 2858 1469 ille
2914 1397 3250 1489 imparem
3307 1419 3380 1472 se
3424 1398 3528 1470 vi-

446 1517 648 1606 dens,
708 1519 795 1589 ad
850 1522 1119 1591 montes
1158 1518 1504 1609 confugit,
1564 1521 1633 1588 et
1671 1517 1744 1588 in
1782 1515 2129 1608 angustiis
2167 1517 2476 1588 locorum
2515 1516 2890 1589 certamine
2929 1518 3331 1606 commisse,
3389 1519 3527 1590 tria

444 1637 673 1708 millia
725 1638 1181 1730 Pragensium
1222 1637 1503 1723 cecidit,
1560 1636 1867 1726 reliquos
1904 1635 1978 1706 in
2017 1638 2250 1726 fugam
2292 1634 2536 1722 vertit,
2595 1656 2721 1707 nec
2759 1641 3100 1723 moratus,
3159 1638 3524 1710 Kuthnam

446 1777 489 1828 a
538 1756 1011 1848 Pragensibus
1068 1757 1563 1842 instauratam,
1618 1754 1871 1827 iterum
1928 1754 2113 1845 cepit
2177 1759 2386 1845 atque
2441 1754 2772 1828 incendit.
2831 1755 2994 1826 Mox
3052 1775 3378 1828 successu
3423 1778 3527 1828 re-

443 1897 596 1946 rum
656 1879 965 1962 tumenS,
1040 1861 1319 1948 infestis
1394 1874 1615 1966 signis
1687 1874 1981 1965 Pragam
2046 1873 2252 1964 petiit
2307 1878 2376 1945 et
2431 1873 2744 1945 obsidere
2815 1874 3054 1946 urbem
3109 1873 3193 1947 de
3246 1875 3528 1967 propin-

444 2015 579 2084 quo
634 1993 884 2085 coepit.
942 1995 1161 2067 Erant
1217 1998 1288 2066 et
1342 1994 1413 2065 in
1470 1993 1757 2065 civitate
1814 1997 1883 2064 et
1935 1993 2011 2063 in
2068 1991 2380 2065 exercitu
2437 2013 2643 2084 quam
2679 1991 3004 2083 plurimi,
3063 1993 3184 2084 qui
3220 1995 3351 2066 hoc
3387 1994 3528 2066 dis-

446 2113 702 2185 sidium
758 2114 1315 2200 detestabantur,
1376 2119 1444 2184 et
1499 2112 1624 2183 alii
1679 2111 2079 2198 Zischkam,
2147 2111 2276 2182 alii
2329 2113 2714 2202 Pru-genses
2780 2112 3233 2200 accusabant,
3291 2112 3363 2184 in
3418 2134 3527 2185 ca-

444 2232 610 2303 stris
667 2253 940 2323 quoque
977 2253 1088 2305 res
1128 2233 1214 2303 ad
1253 2232 1662 2304 seditionem
1704 2233 2093 2323 spectabat,
2151 2231 2424 2303 dicente
2480 2230 2736 2303 milite:
2777 2231 3142 2323 indignum
3182 2253 3333 2304 esse
3373 2253 3526 2306 eam

443 2352 684 2424 urbem
739 2351 951 2424 armis
1005 2352 1259 2442 promi,
1319 2373 1495 2442 quae
1550 2356 1759 2442 caput
1813 2350 2041 2442 Regni
2088 2354 2305 2437 esset,
2363 2371 2584 2440 neque
2621 2349 2704 2422 de
2741 2350 3080 2441 religione
3117 2373 3349 2424 secum
3386 2353 3527 2426 dis-

449 2449 771 2556 sentiret,
829 2491 1135 2543 casuram
1196 2470 1393 2544 ,brevi
1450 2471 1911 2542 Bohemorum
1966 2469 2386 2561 potentiam,
2457 2469 2518 2541 si
2575 2468 2828 2540 divisio
2883 2469 3267 2560 irrepserit.
3336 2471 3530 2561 Quod

445 2589 740 2660 Zischka
794 2589 1176 2679 acci'pienS,
1242 2589 1426 2680 apud
1472 2587 2000 2660 multitudinem
2047 2587 2147 2659 ita
2195 2588 2643 2660 concionatus
2709 2594 2844 2660 est:
2915 2589 3215 2676 AcerbO,
3274 2589 3528 2681 inquit,

446 2707 673 2778 animo
728 2706 1247 2779 criminationes
1302 2712 1571 2778 vestras
1626 2705 2027 2794 exaudiam,
2087 2706 2207 2797 qui
2248 2707 2446 2779 vobis
2483 2707 2654 2779 meis
2693 2707 3024 2798 periculis
3063 2709 3360 2780 salutem
3401 2731 3516 2801 pe-

444 2825 626 2915 peri,
685 2825 806 2916 qui
862 2826 1081 2897 vestri
1138 2847 1347 2896 causa
1400 2831 1773 2915 utrumque
1830 2825 2065 2898 lumen
2120 2825 2357 2911 amisi,
2415 2825 2536 2916 qui
2592 2847 2716 2898 vos
2772 2847 2856 2898 cx
2895 2826 3084 2898 omni
3120 2827 3272 2900 loco
3308 2827 3527 2901 victo-

444 2963 555 3014 res
608 2943 881 3015 reduxi.
941 2943 1089 3016 Nec
1143 2943 1315 3015 mihi
1372 2945 1567 3016 labor
1621 2944 1838 3016 durus
1894 2948 2032 3030 est,
2090 2964 2216 3016 nec
2269 2943 2602 3031 coecitas,
2669 2943 2808 3015 nisi
2865 2946 3046 3036 quod
3101 2946 3202 3018 rei
3257 2949 3531 3020 vestrae

445 3062 807 3136 consulere
861 3062 1119 3154 optime
1150 3060 1211 3150 2)
1267 3083 1556 3154 nequeo,
1615 3063 1775 3134 Non
1829 3084 2057 3135 meum
2113 3063 2501 3154 Pragenses
2558 3061 3000 3154 sanguinem,
3060 3064 3178 3135 sed
3218 3070 3530 3136 vestrum

448 3179 731 3268 sitiunt3
790 3202 919 3255 nec
971 3202 1159 3253 meas
1216 3182 1336 3254 sed
1391 3186 1666 3254 vestras
1716 3203 1959 3254 manus
1998 3182 2281 3268 timent,
2340 3181 2674 3272 quidum
2713 3181 2886 3253 mihi
2923 3187 3174 3272 parant
3210 3181 3527 3272 insidiaS‚

446 3299 713 3380 animas
769 3305 1038 3372 vestras
1096 3306 1461 3392 expetunt.
1530 3303 1827 3393 Pragam
1892 3321 2336 3392 expugnare,
2396 3299 2902 3392 seditiososque
2957 3301 3146 3374 cives
3201 3303 3531 3375 extermi-

445 3441 642 3506 nare,
702 3419 763 3490 si
820 3419 1123 3492 victores
1180 3441 1331 3492 esse
1386 3419 1658 3506 velitiS,
1716 3423 2009 3510 oportet.
2068 3419 2388 3491 Liberam
2444 3424 2674 3492 tamen
2729 3426 2800 3492 et
2855 3421 3231 3509 vobis,-ne
3269 3443 3376 3495 me
3413 3443 3523 3495 ac-

448 3558 687 3610 cusare
742 3540 1065 3629 possitiS,
1123 3545 1193 3612 ct
1246 3539 1471 3630 paciS,
1531 3539 1898 3612 dummodo
1954 3538 2251 3610 insidiae
2305 3538 2572 3627 absint,
2631 3544 2701 3612 ot
2745 3539 2949 3626 belli,
3009 3541 3186 3612 facio
3224 3545 3528 3631 potesta-

448 3661 619 3744 tem,
679 3658 1044 3748 utriusque
1100 3658 1377 3729 adiutor
1431 3680 1569 3730 ere.
1628 3657 1895 3750 Quibus
1950 3657 2248 3742 auditis,
2305 3657 2560 3729 mutati
2616 3657 2922 3730 militum
2959 3658 3209 3746 animi,
3265 3659 3532 3732 bellum

448 3775 837 3848 decrevero:
896 3777 1080 3866 quod
1134 3799 1221 3849 ne
1276 3777 1349 3849 in
1406 3776 2001 3850 excidiumurbis
2066 3775 2369 3867 amplius
2435 3781 2771 3867 serperet,
2840 3777 3158 3849 sacerdos
3224 3777 3528 3869 quidam,

447 3893 791 3967 Iohannes
846 3895 1153 3983 nomine,
1212 3917 1299 3968 cx
1355 3895 1752 3968 Rokiczana
1808 3895 2057 3986 oppido
2116 3900 2343 3982 ortuS,
2411 3895 2708 3986 indeque
2772 3915 3150 3987 cognomen
3207 3897 3525 3982 sortituS,

450 4013 758 4085 obscuris
814 4015 1217 4105 parentibus
1274 4020 1344 4088 ct
1401 4014 1809 4090 tenuissimo
1849 4034 2095 4100 censu,
2156 4035 2397 4086 verum
2435 4013 2712 4106 ingenio
2752 4020 2822 4086 et
2860 4015 3102 4106 lingua
3138 4023 3528 4108 promptuS,

450 4131 781 4204 Iacobelli
855 4135 1197 4223 quondam
1270 4133 1580 4220 auditor,
1652 4133 1997 4224 permissu
2070 4132 2331 4206 civium
2402 4133 2476 4205 in
2531 4137 2760 4206 castra
2831 4135 3182 4224 profectus
3255 4135 3532 4208 civitati

450 4250 812 4322 Zischkam
866 4251 1369 4324 reconciliavit.
1406 4251 1921 4343 ⁴Sigismundus
1978 4256 2209 4324 autem
2267 4252 2736 4324 Romanorum
2794 4257 2862 4323 et
2909 4251 3310 4344 Hu'ngariae
3347 4254 3528 4340 Rex,

448 4369 566 4440 ubi
630 4370 997 4442 Zischkam
1060 4376 1542 4463 prosperatum
1600 4375 1669 4442 et
1722 4392 1833 4442 res
1899 4370 2310 4443 Bohemicas
2378 4391 2464 4442 ex
2520 4384 2596 4441 eo
2651 4370 2948 4460 pendere
3011 4370 3526 4460 animadvertit,

450 4488 623 4558 clam
680 4488 816 4560 sibi
871 4510 1027 4560 eum
1083 4489 1453 4561 conciliare
1510 4488 1841 4578 tentavit,
1906 4489 2481 4579 gubernationem
2547 4489 2684 4560 sibi
2750 4489 2967 4561 totius
3023 4490 3282 4584 Regni,
3340 4491 3527 4589 mili-

452 4605 587 4676 tiae
644 4628 917 4697 quoque
990 4605 1319 4680 ducatum
1385 4614 1454 4680 et
1516 4608 1761 4699 ingens
1835 4608 1985 4679 auri
2057 4609 2330 4698 pondus
2389 4608 2761 4699 quotannis
2834 4609 3280 4700 promittenS,
3339 4609 3400 4681 si
3455 4631 3530 4682 se

453 4724 710 4815 Regem
774 4726 1162 4799 nominaret
1226 4733 1295 4798 et
1362 4726 1433 4797 in
1500 4727 1710 4799 verba
1776 4749 1901 4798 sua
1956 4727 2280 4799 civitates
2348 4727 2574 4800 iurare
2636 4734 2932 4820 cogeret.
3011 4728 3530 4800 Monstruosum

452 4845 751 4932 profecto
811 4845 1112 4931 facinuS,
1170 4852 1249 4916 ut
1302 4847 1770 4918 Romanorum
1827 4847 2245 4936 Imperator,
2313 4868 2515 4938 quom
2582 4847 2804 4918 omnis
2871 4847 3146 4937 Europa
3200 4852 3530 4918 venerata

452 4969 586 5048 est,
646 4964 795 5035 seni
850 4985 1083 5052 coeco,
1142 4965 1503 5052 nebuloni,
1560 4964 1941 5052 haeretico,
2000 4965 2335 5056 sacrilego
2392 4965 2690 5056 supplex
2745 4967 2972 5052 fieret,
3027 4965 3530 5057 pecuniamque

451 5086 520 5152 et
576 5104 879 5154 summos
934 5085 1226 5154 honores
1266 5083 1573 5170 offerret3
1633 5083 1751 5155 sed
1805 5083 2063 5155 avertit
2116 5083 2356 5155 divina
2409 5085 2637 5175 pietas
2676 5105 2824 5155 eam
2861 5088 3160 5173 pestem,
3219 5085 3527 5156 fidelium

452 5220 733 5273 suorum
788 5201 1137 5272 miserata.
1197 5201 1493 5273 Zischka
1547 5202 1731 5274 enim
1787 5201 2302 5274 conditionibus
2357 5223 2700 5290 annuens,
2757 5203 2922 5275 dum
2970 5208 3310 5276 conventa
3346 5225 3526 5276 com-

456 5369 561 5377 *-

660 5455 710 5534 .¹)
756 5456 1044 5534 Szyszka’
1066 5451 1215 5518 Cod.
1268 5452 1444 5517 Calv.
1492 5455 1546 5535 ²)
1593 5462 1879 5534 oportune
1929 5451 2079 5518 God.
2129 5453 2304 5521 Kost.
