4342 6384
912 518 1063 589 610
2077 536 2304 589 masa
2357 535 2869 587 oeconomus
3448 509 3592 609 (Α.
3640 509 3740 581 D.
3786 506 4053 604 1430.)
4172 591 4175 610 Ι

911 746 1043 816 pus
1102 744 1312 816 super
1365 722 1570 794 illum
1627 721 2094 794 anathematis
2136 721 2428 795 feriebat
2466 742 2822 808 mucrone,
2882 720 3004 793 sed
3042 726 3111 791 et
3150 720 3429 806 fratres,
3491 717 4048 806 familiaresque

913 843 1023 915 sui
1078 842 1385 935 publicis
1442 841 2077 914 concertationibus
2133 862 2286 914 cum
2331 842 2455 913 illo
2495 840 2957 923 dimicabant,
3030 840 3417 931 fuissetque
3484 838 3814 930 quodam
3877 843 4043 908 tem-

912 983 1078 1056 pore
1133 964 1206 1035 in
1262 962 1607 1055 praetorio
1665 961 1978 1034 civitatis
2033 961 2535 1035 Posnaniensis
2591 962 2675 1033 ab
2717 961 2864 1034 illis
2923 960 3224 1048 occisus,
3287 960 3426 1031 nisi
3480 980 3523 1030 a
3563 956 3895 1030 caeteris
3933 978 4041 1026 ne·
4178 1018 4179 1021 ,

914 1083 1179 1157 bilibus
1251 1083 1405 1155 illic
1468 1082 1917 1174 prasentibus
1992 1081 2274 1154 enixius
2341 1083 2702 1154 extitisset
2745 1083 2795 1170 ¹)
2868 1082 3294 1154 defensatus,
3380 1079 3732 1171 Amplius
3810 1091 4044 1148 autem

914 1203 1230 1276 Andreas
1287 1202 1657 1294 episcopus
1716 1202 2219 1274 Posnaniensis
2281 1203 2694 1294 gliscentem
2752 1207 2821 1274 et
2870 1200 3211 1273 orientem
3277 1200 3744 1273 extincturus
3804 1200 4045 1270 haere-

916 1324 1083 1411 sim,
1124 1323 1705 1415 noningentorum
1746 1322 2107 1394 hominum
2144 1323 2409 1395 habens
2448 1323 2872 1415 equitatum,
2930 1322 3260 1414 oppidum
3299 1319 3716 1392 Zbanschin
3749 1317 3818 1406 ²)
3863 1317 4044 1389 obsi-

916 1443 1121 1517 dione
1176 1446 1433 1533 vallat,
1493 1464 1621 1516 nec
1657 1444 1854 1535 prius
1895 1443 2143 1530 solvit,
2202 1443 2417 1515 donec
2456 1443 2766 1534 quinque
2819 1442 3151 1514 haeretici
3195 1442 3593 1513 sacerdotes
3650 1438 3810 1511 sibi
3847 1458 4042 1529 prae-

919 1565 1179 1637 sentati
1253 1570 1419 1636 sunt
1489 1584 1614 1657 per
1684 1563 1907 1652 civeS,
1984 1584 2160 1655 quos
2233 1563 2656 1635 Posnaniam
2731 1563 3067 1635 abductos
3101 1561 3187 1651 ³),
3264 1562 3666 1633 instaurato
3755 1557 4042 1638 iudicio,

916 1685 1275 1757 cremavit.
1345 1685 1455 1757 Ab
1511 1706 1589 1756 eo
1645 1705 1921 1775 quoque
1977 1688 2288 1775 tempore
2363 1684 2757 1756 sacerdotes
2812 1681 3067 1755 caeteri
3123 1702 3376 1773 pavore
3431 1679 3792 1770 correpti,
3854 1680 4039 1750 clan-

918 1805 1188 1878 destine
1245 1805 1316 1876 in
1374 1804 1779 1877 Bohemiam
1838 1803 2251 1897 diffugiunt,
2310 1810 2381 1876 et
2435 1804 2587 1895 ipse
2642 1804 2999 1876 Abraham
3054 1823 3273 1894 pauco
3330 1806 3648 1892 tempore
3711 1800 4036 1891 superri-

917 1945 1122 2012 vens,
1188 1926 1396 1997 rebus
1460 1925 1787 1996 humanis
1854 1929 1961 1997 est
2023 1926 2462 2016 absumptus
2548 1926 2720 1996 Post
2783 1924 2984 1995 cuius
3049 1927 3336 1995 mortem
3404 1920 3639 1992 omnis
3713 1921 3924 1991 labes
3977 1931 4038 1990 et

921 2044 1229 2135 suspicio
1284 2045 1637 2117 haeretica
1704 2045 1776 2115 in
1831 2045 2112 2136 regione
2178 2051 2248 2118 et
2303 2044 2564 2117 diocesi
2629 2043 3088 2116 Posnaniensi
3154 2042 3435 2134 penitus
3493 2046 3609 2113 est
3667 2042 4038 2113 eliminata

919 2168 989 2237 et
1043 2169 1362 2257 purgata.

2028 2468 2163 2539 Duo
2205 2468 2511 2539 incendia
2555 2468 2921 2540 cracoviae.

1130 2645 1316 2719 Urbs
1372 2645 1854 2719 cracoviensis
1927 2668 2003 2720 eo
2077 2668 2258 2718 anno
2333 2647 2596 2739 duplex
2670 2646 3069 2719 incendium
3142 2643 3468 2736 pertulit:
3557 2666 3795 2716 unum
3879 2645 4030 2717 feria

922 2772 1172 2860 quarta
1227 2767 1539 2857 Quatuor
1609 2771 1999 2858 temporum
2070 2768 2559 2854 PentecosteS,
2619 2767 2747 2839 sub
2803 2787 2941 2858 quo
2996 2772 3140 2837 tres
3194 2767 3469 2856 plateae
3499 2765 3610 2853 ⁴):
3679 2766 4026 2847 Sutorum,

925 2887 1163 2960 Sancti
1222 2886 1565 2977 Stephani
1620 2891 1692 2958 et
1744 2886 2198 2975 Iudaeorum3
2255 2885 2450 2958 aliud
2504 2886 2840 2959 vicesima
2877 2886 3089 2958 tertia
3143 2886 3350 2973 Iulii,
3410 2886 3544 2957 sub
3605 2906 3755 2976 quo
3815 2886 4027 2976 platea

926 3006 1174 3079 Sancti
1228 3006 1295 3077 N
1301 3006 1509 3078 icolai
1566 3011 1637 3079 et
1691 3006 2091 3079 suburbana
2121 3006 2184 3095 5)
2241 3006 2392 3079 eius
2450 3006 2987 3098 conflagrarunt.

1011 3369 1369 3440 conventio
1413 3369 1495 3440 do
1542 3386 1700 3458 paco
1745 3370 1919 3441 inter
1964 3371 2294 3443 Libertum
2336 3371 2760 3442 Romanorum
2806 3374 2877 3442 et
2922 3371 3341 3442 wladislaum
3387 3369 3706 3441 Poloniao
3755 3371 3964 3461 nega

1900 3491 2366 3563 concludenda.
2414 3491 2711 3563 cometes
2756 3493 3048 3580 apparet.

1132 3731 1353 3802 Facta
1408 3733 1516 3801 est
1571 3729 1644 3801 in
1703 3730 1880 3802 festo
1935 3731 2387 3803 Pentecostes
2444 3751 2623 3802 anno
2662 3730 2900 3803 eodem
2957 3729 3327 3801 conventio
3382 3751 3506 3820 pro
3545 3731 4029 3803 concludenda

926 3870 1094 3941 pace
1148 3849 1333 3922 inter
1386 3850 1757 3922 Albertum
1814 3851 2283 3923 Romanorum
2338 3855 2408 3923 et
2462 3850 2870 3943 Hungariae
2900 3851 2990 3939 θ),
3049 3854 3118 3921 et
3157 3850 3633 3921 wladislaum
3675 3852 4032 3935 Poloniae,

928 3971 1189 4060 Reges;
1264 3970 1350 4041 ad
1407 3992 1614 4062 quam
1671 3972 1834 4043 dum
1890 3972 2117 4063 Reges
2184 3971 2420 4044 venire
2481 3971 2947 4061 personaliter
3011 3991 3148 4042 non
3203 3975 3521 4060 possent,
3592 3971 3920 4044 Praelati
3970 3984 4030 4042 et

927 4089 1219 4160 barones
1274 4090 1645 4181 utriusque
1702 4092 1927 4182 Regni
1983 4090 2440 4163 conveniunt:
2499 4090 2778 4163 nomine
2823 4090 3052 4183 Regni
3090 4090 3422 4163 Poloniae
3478 4091 3845 4181 Sbigneus
3885 4093 4027 4164 Cra·

930 4208 1309 4296 coviensiS,
1377 4210 1816 4283 Wladislaus
1884 4211 2536 4299 WladislaviensiS,
2607 4211 2950 4302 episcopi,
3018 4211 3356 4283 Nicolaus
3421 4212 3732 4284 decanus
3794 4213 4023 4284 Cracc-

917 4328 1220 4417 ·viensi8,
1279 4329 1628 4402 Iohannes
1684 4332 1769 4402 de
1806 4331 2156 4403 Thanczin
2197 4332 2558 4422 palatinus
2597 4331 3113 4419 Cra-coviensiS,
3154 4333 3501 4403 Iohannes
3541 4331 3626 4403 de
3666 4332 4020 4422 Konyecz·

927 4449 1135 4541 polye
1168 4451 1228 4537 7)
1284 4448 1514 4542 Regni
1552 4450 1887 4523 Poloniae
1943 4451 2439 4539 cancellarius:
2498 4473 2581 4524 ex
2622 4457 2821 4542 parte
2862 4473 3023 4525 vero
3080 4451 3310 4542 Regni
3348 4449 3757 4542 Hungariae
3801 4451 4023 4522 Simon

933 4568 1303 4660 episcopus
1333 4569 1919 4660 Vesperimiensis
1943 4569 2029 4659 ⁸),
2065 4569 2445 4662 Dionysius
2469 4571 2530 4660 9)
2562 4572 2932 4663 Agriensis
2954 4571 3346 4662 episcopus,
3379 4571 3640 4660 Caspar
3673 4570 3923 4641 Schlik
3947 4570 4020 4655 ¹⁰)

934 4688 1428 4775 cancellarius,
1503 4690 1854 4762 Iohannes
1926 4690 2011 4761 de
2084 4690 2308 4762 Peren
2381 4696 2449 4762 et
2513 4690 2682 4777 alii3
2767 4690 3045 4762 nomine
3121 4696 3352 4763 autem
3425 4688 3728 4780 Eugenii
3807 4691 4019 4779 Papae

1152 5011 1197 5090 ¹)
1244 5013 1455 5073 fuisset
1498 5011 1624 5074 Ed.
1672 5010 1853 5096 Lips.
1934 5009 1988 5095 2)
2036 5014 2331 5091 Zbaschin
2386 5012 2513 5074 Ed.
2560 5013 2744 5097 Lips.
2825 5014 2872 5094 ³)
2923 5017 3206 5077 deductos
3267 5013 3392 5077 Ed.
3438 5012 3623 5096 Lips.
3706 5012 3758 5091 ⁴)
3806 5017 4021 5092 plateae

934 5116 1214 5176 videlicet
1261 5111 1411 5177 Cod.
1444 5114 1661 5178 Przez.
1713 5115 1762 5195 ⁵)
1799 5118 2080 5177 suburbia
2124 5114 2252 5177 Ed.
2295 5114 2477 5199 LiPS.
2529 5115 2583 5201 ⁸)
2616 5120 3011 5179 Romanorum
3040 5120 3262 5195 Regem
3307 5116 3433 5179 Ed.
3466 5115 3648 5200 Lips.
3704 5117 3759 5197 ⁷)
3789 5119 4019 5178 Koniee-

938 5219 1073 5293 pole
1115 5214 1243 5282 Ed.
1289 5214 1471 5300 Lips.
1522 5217 1576 5298 ⁸)
1621 5219 2064 5295 Vesperciensis
2121 5217 2273 5280 cod.
2320 5218 2538 5283 Przez.
2585 5223 2998 5299 Vesperiensis
3057 5221 3206 5284 Ood.
3261 5219 3392 5282 Lis.
3446 5222 3869 5298 Vesprigensis
3910 5219 4018 5281 Ed.

938 5317 1118 5401 Lips.
1174 5319 1396 5397 (Simon
1458 5323 1532 5382 de
1583 5321 1868 5400 Rozgon).
1925 5320 1978 5401 ⁹)
2001 5323 2327 5398 Dionysius
2391 5326 2464 5384 de
2521 5326 2713 5386 Zecch
2775 5325 3013 5404 (Szets).
3100 5323 3175 5405 ¹⁰)
3226 5326 3407 5402 Szlyk
3471 5320 3624 5386 Cod.
3691 5320 3870 5386 Calo.
3925 5326 4019 5384 sut

945 5416 1097 5484 Cod.
1142 5419 1361 5485 Przez.
