4342 6384
830 559 924 631 66
932 558 982 630 8
1828 606 1835 611 ·
1988 572 2214 625 nmnn
2263 568 2776 623 monnonms.
3385 543 3521 644 (Α.
3551 538 3652 617 θ’.
3691 538 3940 639 M.)

826 762 1094 854 pitanei
1146 760 1517 839 dilabitur:
1576 764 1862 852 propter
1914 759 2099 851 quod
2154 758 2307 848 ipse
2358 756 2633 848 Gzapek
2687 775 2844 827 cum
2891 752 3162 845 reliquo
3217 749 3565 839 exercitu,
3624 749 3752 841 qui
3805 768 3941 841 por

829 903 902 955 se
956 903 1202 973 pamm
1268 880 1624 953 sufficiens
1690 882 1843 951 erat
1902 877 2331 951 obsidionem
2399 874 2840 963 continuare,
2915 896 2958 946 a
3020 871 3308 945 civitate
3369 871 3525 963 ipsa
3595 867 3938 953 discedit,

830 1023 1037 1094 quam
1093 1001 1276 1073 infra
1330 1005 1605 1092 tempus
1660 999 1899 1085 breve,
1958 998 2020 1070 si
2074 994 2399 1091 Hungari
2443 998 3042 1089 perseverassent,
3099 990 3524 1065 deditionem
3560 990 3946 1063 constabat

836 1124 1203 1195 facturam.

891 1484 1139 1558 civitas
1182 1484 1553 1597 Kesznark-
1584 1500 1699 1574 per
1740 1482 2053 1554 &homos
2095 1498 2212 1570 pro
2256 1483 2445 1571 parto
2487 1480 2818 1553 Elisabeth
2847 1479 3133 1570 Reginae
3176 1478 3545 1569 proditione
3588 1476 3872 1565 capitu.

1044 1722 1369 1797 Sentiens
1424 1727 1782 1814 praeterea
1836 1741 1923 1793 ex
1960 1722 2344 1793 multorum
2381 1717 2838 1793 avisamentis
2875 1717 3314 1791 Wladislaus
3351 1717 3509 1790 Rex
3557 1715 3944 1789 Nicolaum

834 1845 920 1916 de
974 1844 1227 1930 Peren,
1304 1841 1619 1914 civitatis
1686 1840 2072 1914 Keszmark
2110 1842 2165 1931 ¹)
2235 1838 2698 1928 tenutarium,
2771 1838 3103 1932 ignavum
3163 1836 3378 1911 nimis
3447 1837 3620 1913 belli
3691 1842 3944 1909 contra

836 1963 1165 2036 civitates
1220 1962 1517 2035 rebelles
1574 1965 1644 2033 et
1684 1962 2029 2035 Bohemos
2082 1960 2155 2033 in
2196 1960 2455 2034 eisdem
2511 1959 2975 2032 consistentes
3023 1956 3694 2046 administratorem,
3731 1977 3938 2048 prae-

841 2086 1065 2155 fatum
1120 2082 1503 2154 Iohannem
1556 2081 1857 2173 Czapek,
1916 2082 2002 2154 de
2058 2102 2186 2153 sua
2242 2080 2375 2154 fide
2434 2083 2504 2153 et
2555 2078 2909 2152 industria
2963 2077 3346 2169 confidens,
3421 2078 3510 2149 ad
3561 2076 3942 2170 regendam

840 2201 1201 2275 civitatem
1256 2202 1645 2274 Keszmark
1699 2206 1769 2274 et
1804 2202 1890 2273 ad
1929 2199 2318 2275 faciendam
2371 2200 2726 2272 fortiorem
2779 2198 3251 2273 resisiontiam
3297 2192 3662 2283 BohemiS‚
3701 2202 3938 2269 trans-

840 2320 1084 2395 mittit.
1142 2321 1277 2413 Qui
1331 2322 1498 2393 dum
1554 2343 1711 2395 cum
1748 2319 2077 2414 gentibus
2135 2320 2286 2392 suis
2341 2320 2427 2393 ad
2464 2318 3114 2412 apprehendendam
3167 2316 3482 2391 civitatis
3535 2316 3942 2409 praedictae

837 2441 1348 2534 possessionem
1402 2442 1837 2532 procederet,
1914 2446 1983 2513 et
2046 2462 2186 2513 non
2239 2441 2447 2533 longe
2511 2440 2650 2512 iam
2713 2440 2800 2512 ab
2865 2439 2996 2512 illa
3057 2437 3384 2527 distaret,
3441 2436 3768 2529 sequenti
3825 2436 3942 2511 dio

840 2584 990 2636 eam
1043 2561 1525 2654 ingressurus,
1592 2560 1847 2634 civitas
1912 2560 2068 2653 ipsa
2130 2580 2256 2653 per
2307 2559 2774 2651 proditionem
2835 2560 3049 2631 unius
3101 2558 3316 2648 civis,
3384 2561 3588 2631 nocte
3639 2577 3768 2649 per
3821 2558 3935 2631 Io-

838 2674 1137 2755 hannem
1192 2681 1450 2756 Gislrra
1480 2680 1542 2771 2)
1608 2686 1678 2754 et
1734 2681 2077 2754 Bohemos
2150 2679 2448 2773 capitur,
2518 2684 2588 2753 et
2657 2679 2868 2752 multi
2931 2679 3016 2753 de
3069 2678 3428 2771 Hungaris
3492 2681 3566 2751 et
3617 2678 3936 2767 Polonis,

839 2800 1235 2893 proditioue
1290 2801 1603 2893 cognita,
1662 2806 1893 2873 turres
1948 2801 2443 2875 conscendunt.
2503 2798 2842 2873 Nicolaus
2896 2800 2980 2873 de
3033 2799 3255 2872 Peren
3310 2797 3724 2890 capitaneus
3779 2818 3940 2871 cum

844 2920 1089 2995 multis
1153 2921 1512 3013 Hungaris
1576 2922 1743 3014 fuga
1806 2922 2123 2993 salvatus
2192 2925 2332 3010 est,
2408 2921 2650 3012 plures
2713 2918 2844 2992 alii
2895 2918 3218 3011 Hungari
3282 2922 3354 2991 et
3413 2917 3670 2990 Poloni
3725 2917 3938 3011 capti.

845 3042 991 3114 Sub
1047 3041 1286 3113 eodem
1340 3045 1576 3114 autem
1632 3044 1941 3134 tempore
1996 3041 2289 3115 barones
2344 3039 2631 3114 Maioris
2683 3038 3019 3113 Poloniae
3081 3044 3286 3131 turpe
3337 3037 3477 3111 rati
3541 3037 3938 3112 subsidium

840 3160 917 3233 in
968 3158 1299 3253 gentibus
1364 3160 1600 3233 crebro
1665 3162 1751 3234 ab
1807 3161 1909 3234 eis
1963 3162 2434 3254 postulatum,
2494 3160 2886 3234 Wladislao
2939 3158 3118 3253 Regi
3171 3179 3311 3231 non
3373 3157 3690 3247 misisse,
3759 3159 3942 3231 facta

844 3280 920 3352 in
971 3279 1374 3352 hominibus
1431 3280 1580 3352 suis
1635 3281 2183 3373 contributione,
2243 3281 2628 3355 exercitum
2681 3280 3061 3354 notabilem
3114 3278 3192 3352 in
3247 3277 3688 3371 Hungariam
3742 3277 3938 3351 Wla-

844 3398 1069 3473 dislao
1126 3400 1304 3493 Regi
1377 3399 1451 3472 in
1506 3400 1899 3481 subsidium
1974 3402 2515 3476 transmiserant
2545 3400 2632 3491 ³),
2697 3401 3179 3493 praeficientes
3229 3398 3345 3472 illi
3405 3398 3481 3471 in
3535 3398 3939 3491 capitaneos

844 3520 1302 3593 Laurentium
1356 3521 1691 3593 Zaramba
1743 3524 2206 3595 castellanum
2247 3522 2718 3596 Siradiensem
2773 3526 2842 3596 et
2886 3520 3327 3613 capitaneum
3363 3519 3936 3612 Wyelunensem,

846 3638 1216 3716 Nicolaum
1284 3639 1505 3713 Skora
1567 3640 1867 3715 iudicem
1933 3642 2501 3716 Poenaniensem.
2585 3642 2724 3715 Hic
2785 3642 3007 3715 altera
3069 3640 3184 3713 die
3245 3643 3618 3733 postquam
3689 3638 3938 3713 civitas

848 3760 1237 3831 Keszmark
1300 3764 1507 3851 capta
1561 3765 1699 3850 est,
1774 3761 2193 3833 Podolinum
2260 3764 2438 3836 forte
2501 3762 2724 3851 venit,
2799 3761 3090 3833 Polonis
3153 3764 3226 3834 et
3285 3759 3666 3853 Hungaris‘
3717 3760 3940 3834 adhuc

850 3882 1078 3954 turres
1133 3878 1208 3952 in
1260 3879 1647 3953 Keszmark
1702 3885 1943 3953 contra
1996 3883 2344 3954 Bohemos
2399 3886 2680 3955 strenue
2732 3880 3296 3956 defendentibus:
3372 3885 3652 3972 poterat
3705 3882 3940 3973 itaque

852 3997 1203 4071 exercitus
1259 3998 1411 4089 ipse
1464 3999 1771 4073 faciliter
1806 4002 2067 4073 malum
2104 4002 2511 4075 huiusmodi
2566 4006 2636 4075 et
2673 4022 2911 4075 casum
2949 4000 3349 4075 amissionis
3387 4000 3708 4073 civitatis
3743 4022 3936 4094 prae-

850 4117 1077 4189 dictae
1131 4117 1500 4210 corrigere,
1570 4124 1639 4193 et
1700 4142 1825 4213 per
1878 4128 2141 4210 turreS,
2203 4142 2379 4215 quae
2443 4127 2639 4195 erant
2703 4122 2776 4193 in
2831 4122 3328 4214 Hungarorum
3391 4125 3463 4194 et
3515 4121 3940 4195 Polonormu

850 4239 1232 4328 potestate,
1290 4236 1618 4311 amissam
1683 4240 2043 4315 civitatem
2097 4262 2536 4333 recuperare,
2594 4246 2806 4333 atque
2861 4241 3148 4316 reddere
3203 4239 3426 4315 vicem
3479 4240 3624 4330 his,
3697 4242 3820 4335 qui
3871 4242 3944 4315 in

852 4355 1166 4431 turribus
1233 4362 1461 4447 erant,
1538 4380 1772 4433 eorum
1837 4361 2186 4435 auxilium
2249 4362 2574 4453 pluribus
2641 4362 2910 4435 nuntiis
2983 4360 3560 4454 efflagitantibus.
3645 4360 3946 4435 Distulit

851 4481 1085 4550 tamen
1140 4478 1495 4551 exercitus
1551 4478 1705 4570 ipse
1757 4501 1883 4571 pro
1922 4480 2212 4554 civitate
2267 4480 2527 4553 amissa
2579 4481 3050 4572 recuperanda
3087 4480 3340 4571 adniti,
3397 4486 3522 4554 aut
3575 4482 3944 4575 quicquam

853 4596 1005 4687 opis
1062 4598 1271 4685 ferre,
1330 4600 1807 4672 asserentibus
1861 4600 2280 4691 capitaneiS,
2337 4600 2520 4692 quod
2575 4621 2714 4675 non
2767 4622 2892 4694 pro
2933 4601 3424 4693 conquirendis
3479 4606 3606 4675 aut
3657 4622 3939 4695 recupe-

850 4717 1089 4791 randis
1146 4717 1587 4807 civitatibus,
1646 4721 1766 4794 sed
1821 4741 1947 4812 pro
2004 4721 2284 4795 ferendo
2339 4721 2731 4795 Wladislao
2787 4721 2966 4815 Regi
3035 4722 3366 4816 suffragio
3421 4721 3626 4796 missi
3681 4729 3932 4797 essent.

856 4837 1002 4927 Quo
1060 4838 1359 4931 cognito,
1418 4839 1815 4914 defensores
1855 4840 2154 4913 turrium
2209 4840 2283 4913 in
2321 4842 2710 4914 Keszmark
2763 4842 2953 4934 pacti
3006 4863 3164 4916 cum
3202 4841 3457 4917 Giskra
3485 4842 3574 4933 4),
3631 4841 3936 4917 turribus

853 4958 1138 5030 cedunt:
1198 4960 1492 5032 Bohemi
1556 4960 1642 5031 ad
1694 4961 1979 5052 plenum
2044 4961 2335 5035 civitate
2390 4961 2782 5054 potiuntur.
2857 4962 3230 5035 Exercitus
3296 4963 3380 5035 de
3433 4962 3684 5035 Maiori
3737 4963 3932 5035 Polo·

853 5076 973 5147 nia
1035 5098 1122 5151 ex
1183 5078 1557 5169 Podolino,
1632 5082 2094 5173 nequicquam
2168 5082 2712 5174 impedientibus
2790 5082 3152 5171 BohemiS,
3227 5082 3497 5159 Budam
3569 5082 3932 5175 processit;

1070 5351 1117 5432 ¹)
1161 5354 1595 5433 Kieschmargk
1643 5344 1795 5419 God.
1842 5352 2021 5419 Kese.
2088 5358 2384 5433 Kesmarg
2429 5353 2555 5420 Ed.
2601 5352 2779 5439 Lipe.
2851 5353 2896 5436 ¹)
2939 5356 3114 5418 Iskra
3155 5352 3282 5419 Ed.
3323 5353 3502 5441 [ἆρα.
3549 5354 3610 5437 ³)
3653 5356 3928 5419 mnnit-

857 5458 989 5515 tunt
1030 5452 1155 5517 Ed.
1208 5454 1390 5541 Lips.
1439 5455 1495 5537 ⁴)
1536 5460 1747 5521 lsckra
1788 5455 1916 5523 Ed.
1963 5455 2140 5543 Lips.
