4342 6384
89 1446 104 1578 ἔ

83 1590 98 1700 3

83 1710 101 2012 ἶ

927 535 1023 604 12
2114 560 2341 611 menn
2396 540 2859 613 6666611166.
3482 536 3615 637 (Α.
3656 536 3745 611 D.
3786 532 4029 632 1410.)

922 739 1253 811 mendans
1293 761 1365 813 se
1421 745 1490 813 et
1527 763 1805 813 causam
1845 765 2041 814 suam
2098 744 2377 817 divinae
2434 752 2502 817 et
2540 748 2836 818 Sanctae
2882 747 3120 819 Crucis
3174 745 3584 819 defensioni.
3641 745 3787 818 Nec
3824 742 4021 815 redi-

919 857 1042 929 bat
1106 880 1192 931 ex
1259 860 1689 935 orationibus
1755 867 1823 935 et
1887 865 2307 937 monasterio
2382 865 2470 937 ad
2538 864 3015 953 refectionem,
3092 866 3231 939 nisi
3287 866 3361 938 in
3415 866 3853 956 crepusculo,
3918 870 4030 933 to-

925 979 1068 1050 tius
1125 979 1266 1052 diei
1322 979 1752 1055 abstinentia
1810 988 1880 1055 et
1937 985 2248 1059 oratione
2303 985 2753 1078 defatigatus

927 1463 1166 1535 Exorto
1234 1465 1400 1535 bello
1458 1466 1864 1553 Pruthcnico,
1908 1467 2152 1539 milites
2210 1469 2466 1555 Potoni,
2534 1469 2941 1558 sigismundo
2999 1470 3170 1559 Rogo
3237 1468 3597 1557 1166561166
3667 1469 3736 1537 et
3796 1463 4044 1553 amplis

925 1584 1238 1672 fortunis,
1300 1587 1532 1675 quibus
1589 1587 1658 1659 in
1703 1589 2026 1677 Hungaria
2089 1590 2266 1661 aucti
2330 1592 2554 1676 crant,
2600 1591 2881 1676 relictis,
2938 1589 3021 1661 ad
3073 1606 3264 1661 suum
3321 1588 3558 1677 negem
3612 1585 4044 1657 wladislaum

2271 1711 2684 1799 perveniunt.

1137 1944 1589 2017 Morabantur
1642 1951 1873 2020 autem
1937 1967 2062 2037 pro
2128 1969 2210 2018 ea
2273 1950 2688 2038 tempestate
2751 1949 2989 2039 plures
3053 1946 3369 2019 Polonici
3435 1944 3731 2031 milites,
3808 1947 3878 2015 et
3939 1940 4040 2013 si-

929 2068 1224 2155 gnanter
1278 2064 1652 2137 Zawissius
1708 2067 1929 2159 niger,
1987 2067 2337 2138 Iohannes
2393 2068 2728 2158 Fa1·urey‚
2784 2066 3128 2159 germani,
3176 2067 3508 2139 haeredes
3564 2066 3648 2136 (16
3705 2062 4036 2145 (16111611,

932 2185 1016 2256 (16
1070 2186 1270 2255 domo
1336 2184 1640 2272 Sulima‚
1707 2188 2004 2258 Thomas
2071 2186 2330 2259 Kalski
2394 2188 2478 2259 de
2543 2189 2744 2259 domo
2807 2189 3033 2260 Rosze
3076 2190 3154 2276 ¹),
3222 2186 3557 2258 Albertus
3622 2181 3882 2255 Malski
3953 2180 4044 2249 (16

933 2306 1133 2376 domo
1189 2304 1535 2392 Nalancz‚
1601 2305 1990 2378 Dobeslaus
2047 2308 2362 2379 Puchala
2425 2307 2508 2379 de
2562 2306 2952 2399 Wangri2)
3008 2308 3091 2380 de
3146 2306 3346 2377 domo
3401 2306 3861 2396 Wyenyawa,
3921 2300 4041 2370 Ia-

933 2422 1219 2496 nussius
1276 2425 1682 2517 Brzoglowy
1715 2424 1776 2514 3)
1832 2427 1917 2499 (16
1972 2427 2172 2498 (16166
2231 2427 2634 2518 Grzymala,
2696 2426 3009 2500 Skarbek
3064 2428 3147 2499 de
3204 2426 3389 2517 Gory
3445 2426 3529 2498 (16
3583 2425 3786 2495 domo
3843 2420 4043 2491 Hab-

934 2546 1149 2632 dank,
1208 2548 1278 2616 et
1333 2545 1658 2618 nonnulli
1712 2545 1835 2617 alii
1894 2546 1967 2618 in
2007 2546 2441 2639 Sigismundi
2479 2548 2952 2619 Romanorum
3008 2552 3077 2619 et
3124 2545 3529 2637 Hungariae
3566 2542 3784 2634 Regis
3841 2538 4048 2612 curia

933 2670 1005 2737 et
1042 2665 1420 2756 obsequiis.
1479 2665 1613 2756 Qui
1668 2666 2148 2759 intelligentes
2188 2666 2583 2758 Principem
2623 2672 2693 2740 et
2729 2667 3101 2739 Dominum
3142 2688 3346 2737 suum
3403 2663 3797 2736 naturalem
3837 2659 4044 2731 Wla-

935 2785 1238 2856 dislaum
1276 2784 1611 2857 Poloniae
1648 2786 1944 2879 Regem,
1986 2786 2499 2877 expeditionem
2539 2790 2780 2859 contra
2816 2786 3203 2859 Cruciferos
3241 2786 3705 2870 instaurasse,
3747 2785 3819 2855 et
3856 2780 4050 2852 inter

939 2926 1135 2976 suam
1193 2904 1658 2977 Serenitatem
1713 2925 1792 2978 ac
1848 2905 2376 2999 sigismundum
2433 2908 2727 2999 Regem,
2785 2907 2900 2978 cui
2955 2905 3538 2996 obsequebantur,
3597 2901 3761 2974 odia
3818 2904 3888 2972 et
3945 2896 4045 2968 si-

940 3024 1306 3111 multateS,
1365 3025 1744 3115 procellam
1797 3027 2079 3098 tandem
2131 3047 2421 3118 guerrae
2475 3027 2861 3118 parituras,
2920 3030 3199 3099 exortas
3255 3047 3438 3112 6666,
3494 3028 3778 3114 recepta
3833 3041 3875 3091 a
3929 3017 4045 3090 Si-

938 3145 1312 3237 gismundo
1367 3145 1594 3236 Rege,
1661 3145 1783 3236 qui
1838 3167 1955 3217 666
2021 3146 2221 3218 (16616
2286 3152 2355 3219 et
2418 3147 2787 3238 promissis
2853 3146 3069 3218 variis
3134 3145 3516 3218 conabatur
3586 3165 3626 3214 a
3679 3138 4047 3234 proposito

940 3265 1266 3337 reducere
1339 3268 1409 3335 et
1471 3265 1656 3355 apud
1731 3286 1804 3337 se
1879 3266 2224 3353 detinere,
2291 3266 2610 3354 licentia,
2684 3267 2954 3339 relictis
3028 3265 3348 3338 omnibus
3432 3259 4037 3355 possessionibuS‚

944 3405 1117 3475 quas
1175 3383 1276 3456 eis
1335 3382 1831 3474 Sigismundus
1869 3386 2024 3458 Rex
2083 3386 2155 3458 in
2195 3386 2560 3478 Hungaria
2615 3387 3027 3472 donaverat,
3084 3384 3467 3477 levipensis
3522 3384 3815 3473 insuper
3852 3379 4047 3448 favo-

943 3503 1139 3575 ribus
1196 3503 1345 3575 6616
1411 3509 1483 3576 et
1536 3503 2058 3577 liberalissimis
2124 3506 2525 3597 promissis,
2583 3506 2953 3577 discedunt
3018 3503 3103 3577 ab
3160 3526 3237 3576 66
3294 3509 3363 3576 et
3426 3504 3513 3574 ad
3568 3500 4051 3573 Wladislaum

942 3623 1279 3696 Poloniae
1316 3624 1580 3715 Regem
1634 3624 2086 3715 perveniunt,
2146 3629 2387 3697 contra
2422 3626 2661 3698 hostes
2720 3646 2881 3697 6666
2920 3624 3307 3697 (1166116166
3364 3628 3433 3696 et
3470 3620 3833 3713 quoslibet
3869 3616 4049 3689 alios

945 3743 1355 3816 militaturi:
1398 3765 1571 3834 quos
1609 3743 1907 3837 benigne
1945 3748 2014 3817 et
2051 3744 2325 3835 placide
2363 3744 2751 3834 excipiens,
2792 3744 2955 3817 fidei
2993 3765 3228 3815 eorum
3265 3739 3773 3834 praestantiam
3814 3734 4053 3829 dignis

947 3862 1279 3955 praemiis
1336 3862 1851 3952 compensabat.
1927 3864 2132 3935 Unde
2197 3868 2266 3934 et
2320 3867 2488 3934 tunc
2552 3868 2858 3935 castrum
2933 3863 3203 3955 regium
3269 3860 3659 3952 Bidgoscza
3721 3853 4054 3929 Ianussio

949 3982 1358 4073 Brzoglowy
1389 3981 1477 4068 ⁴),
1534 3982 1752 4053 militi
1816 3982 2064 4053 audaci
2129 3988 2199 4053 et
2263 3984 2651 4068 fortunate,
2718 3983 2909 4054 dedit
2974 3983 3048 4053 in
3111 3985 3459 4053 tenutam:
3537 3980 3620 4051 de
3688 3997 3828 4069 quo
3905 3975 4056 4066 ipse

950 4100 1383 4191 multiplices
1438 4120 1525 4171 ex
1581 4101 1952 4173 Gruciferis
2007 4102 2348 4174 referebat
2402 4103 2827 4191 triumphos,
2888 4106 2957 4172 et
2993 4100 3315 4190 pluribus
3371 4120 3487 4171 666
3543 4094 4057 4168 offensionibus

949 4220 1354 4294 infestabat.
1413 4219 1551 4289 Sed
1606 4223 1676 4291 et
1712 4219 2009 4292 aliorum
2049 4220 2358 4293 eiusdem
2416 4219 2773 4293 societatis
2831 4219 3137 4290 militum
3184 4217 3485 4309 insignis
3542 4222 3611 4289 et
3666 4215 3741 4286 in
3780 4210 4055 4306 praelio

951 4362 1110 4413 cum
1164 4336 1540 4411 Cruciferis
1597 4338 1997 4425 commisse,
2056 4344 2126 4412 et
2181 4340 2253 4410 in
2300 4340 2622 4430 pluribus
2679 4338 2841 4410 aliis
2897 4337 3170 4409 actibus
3225 4337 3454 4408 virtus
3509 4334 3795 4408 heroica
3853 4350 4058 4421 saepe

953 4479 1243 4532 numero
1300 4456 1584 4529 enituit.

1173 4731 1221 4809 ¹)
1265 4734 1455 4792 Bossc
1505 4726 1657 4793 Ood.
1703 4727 1882 4790 Kost.
1941 4730 2138 4789 Rosae
2184 4726 2309 4788 Ed.
2357 4727 2536 4810 Lips.
2601 4725 2656 4810 9)
2703 4728 2966 4788 Puchala
3011 4728 3084 4787 dc
3127 4728 3312 4804 Vagri
3357 4723 3483 4786 Ed.
3532 4723 3713 4806 Lips.
3780 4720 3837 4806 ³)
3885 4724 4060 4781 Brzo-

957 4838 1206 4916 zoglowi
1256 4830 1408 4897 Cod.
1441 4832 1635 4895 Rozr.
1683 4830 2106 4911 (Broglovius).
2155 4826 2212 4912 ⁴)
2256 4832 2658 4906 Brzozoglowi
2708 4825 2858 4891 Cod.
2889 4827 3081 4890 Rozr.
