<?xml version="1.0" encoding="UTF-8"?>
<!DOCTYPE html PUBLIC "-//W3C//DTD XHTML 1.0 Transitional//EN"
    "http://www.w3.org/TR/xhtml1/DTD/xhtml1-transitional.dtd">
<html xmlns="http://www.w3.org/1999/xhtml" xml:lang="en" lang="en">
 <head>
  <title>
</title>
<meta http-equiv="Content-Type" content="text/html;charset=utf-8" />
  <meta name='ocr-system' content='tesseract 3.04.00' />
  <meta name='ocr-capabilities' content='ocr_page ocr_carea ocr_par ocr_line ocrx_word'/>
</head>
<body>
  <div class='ocr_page' id='page_1' title='image "./dzieawszystkie00unkngoog_0528.png"; bbox 0 0 4342 6384; ppageno 0'>
   <div class='ocr_carea' id='block_1_1' title="bbox 331 548 3417 656">
    <p class='ocr_par' dir='ltr' id='par_1_1' title="bbox 331 548 3417 656">
     <span class='ocr_line' id='line_1_1' title="bbox 331 548 3417 656; baseline 0.003 -29"><span class='ocrx_word' id='word_1_1' title='bbox 331 548 464 649; x_wconf 90' lang='grc' dir='ltr'>(Α.</span> <span class='ocrx_word' id='word_1_2' title='bbox 505 554 596 631; x_wconf 84' lang='lat' dir='ltr'>D.</span> <span class='ocrx_word' id='word_1_3' title='bbox 635 554 893 656; x_wconf 78' lang='grc'>1433.)</span> <span class='ocrx_word' id='word_1_4' title='bbox 1485 582 1712 637; x_wconf 75' lang='lat' dir='ltr'>usna</span> <span class='ocrx_word' id='word_1_5' title='bbox 1763 580 2221 637; x_wconf 73' lang='lat' dir='ltr'>nunnonms.</span> <span class='ocrx_word' id='word_1_6' title='bbox 3273 564 3417 637; x_wconf 85' lang='lat'>517</span> 
     </span>
    </p>
   </div>
   <div class='ocr_carea' id='block_1_2' title="bbox 323 880 3429 1211">
    <p class='ocr_par' dir='ltr' id='par_1_2' title="bbox 323 880 3429 1211">
     <span class='ocr_line' id='line_1_2' title="bbox 327 880 3424 973; baseline 0 -19"><span class='ocrx_word' id='word_1_7' title='bbox 327 881 776 973; x_wconf 72' lang='lat' dir='ltr'>Sigimundus</span> <span class='ocrx_word' id='word_1_8' title='bbox 817 880 1238 953; x_wconf 73' lang='lat' dir='ltr'>Romanorum</span> <span class='ocrx_word' id='word_1_9' title='bbox 1281 881 1420 954; x_wconf 75' lang='lat' dir='ltr'>Rex</span> <span class='ocrx_word' id='word_1_10' title='bbox 1461 883 1532 953; x_wconf 80' lang='lat' dir='ltr'>in</span> <span class='ocrx_word' id='word_1_11' title='bbox 1577 882 1912 954; x_wconf 63' lang='lat' dir='ltr'>uacuum</span> <span class='ocrx_word' id='word_1_12' title='bbox 1957 885 2334 967; x_wconf 72' lang='lat' dir='ltr'>coronatur,</span> <span class='ocrx_word' id='word_1_13' title='bbox 2398 885 2468 955; x_wconf 80' lang='lat' dir='ltr'>ot</span> <span class='ocrx_word' id='word_1_14' title='bbox 2510 884 2581 955; x_wconf 83' lang='lat' dir='ltr'>iu</span> <span class='ocrx_word' id='word_1_15' title='bbox 2626 882 2907 955; x_wconf 69' lang='lat' dir='ltr'>concilio</span> <span class='ocrx_word' id='word_1_16' title='bbox 2949 882 3291 956; x_wconf 66' lang='lat' dir='ltr'>Basilicus!</span> <span class='ocrx_word' id='word_1_17' title='bbox 3335 884 3424 955; x_wconf 72' lang='lat' dir='ltr'>la-</span> 
     </span>
     <span class='ocr_line' id='line_1_3' title="bbox 323 999 3429 1095; baseline 0.001 -22"><span class='ocrx_word' id='word_1_18' title='bbox 323 1002 540 1088; x_wconf 71' lang='lat' dir='ltr'>borat,</span> <span class='ocrx_word' id='word_1_19' title='bbox 584 1018 672 1073; x_wconf 76' lang='lat' dir='ltr'>ne</span> <span class='ocrx_word' id='word_1_20' title='bbox 713 999 1034 1089; x_wconf 66' lang='lat' dir='ltr'>Iasonius</span> <span class='ocrx_word' id='word_1_21' title='bbox 1075 1000 1246 1091; x_wconf 72' lang='lat' dir='ltr'>Papa</span> <span class='ocrx_word' id='word_1_22' title='bbox 1289 1001 1678 1091; x_wconf 67' lang='lat' dir='ltr'>doponatun</span> <span class='ocrx_word' id='word_1_23' title='bbox 1724 1002 2140 1075; x_wconf 67' lang='lat' dir='ltr'>wladislaum</span> <span class='ocrx_word' id='word_1_24' title='bbox 2184 1020 2341 1075; x_wconf 80' lang='lat' dir='ltr'>voro</span> <span class='ocrx_word' id='word_1_25' title='bbox 2383 1003 2684 1075; x_wconf 71' lang='lat' dir='ltr'>roloniae</span> <span class='ocrx_word' id='word_1_26' title='bbox 2736 1002 2975 1095; x_wconf 76' lang='lat' dir='ltr'>Regem</span> <span class='ocrx_word' id='word_1_27' title='bbox 3026 1006 3164 1076; x_wconf 73' lang='lat' dir='ltr'>tam</span> <span class='ocrx_word' id='word_1_28' title='bbox 3193 1003 3429 1076; x_wconf 71' lang='lat' dir='ltr'>Bonae</span> 
     </span>
     <span class='ocr_line' id='line_1_4' title="bbox 1303 1122 2457 1211; baseline 0.003 -19"><span class='ocrx_word' id='word_1_29' title='bbox 1303 1138 1494 1211; x_wconf 80' lang='lat' dir='ltr'>qnam</span> <span class='ocrx_word' id='word_1_30' title='bbox 1537 1122 1831 1195; x_wconf 68' lang='lat' dir='ltr'>Basilus</span> <span class='ocrx_word' id='word_1_31' title='bbox 1875 1123 2121 1195; x_wconf 69' lang='lat' dir='ltr'>frustra</span> <span class='ocrx_word' id='word_1_32' title='bbox 2165 1126 2457 1196; x_wconf 70' lang='lat' dir='ltr'>accuset.</span> 
     </span>
    </p>
   </div>
   <div class='ocr_carea' id='block_1_3' title="bbox 205 1367 3429 5296">
    <p class='ocr_par' dir='ltr' id='par_1_3' title="bbox 205 1367 3429 5296">
     <span class='ocr_line' id='line_1_5' title="bbox 497 1367 3419 1464; baseline 0.001 -22"><span class='ocrx_word' id='word_1_33' title='bbox 497 1367 796 1442; x_wconf 65' lang='lat' dir='ltr'>Secuta</span> <span class='ocrx_word' id='word_1_34' title='bbox 849 1367 986 1440; x_wconf 87' lang='lat' dir='ltr'>fuit</span> <span class='ocrx_word' id='word_1_35' title='bbox 1040 1389 1218 1440; x_wconf 89' lang='lat' dir='ltr'>anno</span> <span class='ocrx_word' id='word_1_36' title='bbox 1275 1369 1512 1442; x_wconf 88' lang='lat' dir='ltr'>eodem</span> <span class='ocrx_word' id='word_1_37' title='bbox 1570 1369 2006 1462; x_wconf 86' lang='lat' dir='ltr'>Sigismundi</span> <span class='ocrx_word' id='word_1_38' title='bbox 2059 1370 2561 1459; x_wconf 88' lang='lat' dir='ltr'>Romanorum,</span> <span class='ocrx_word' id='word_1_39' title='bbox 2621 1371 3023 1464; x_wconf 87' lang='lat' dir='ltr'>Hungariae</span> <span class='ocrx_word' id='word_1_40' title='bbox 3078 1376 3149 1444; x_wconf 92' lang='lat' dir='ltr'>et</span> <span class='ocrx_word' id='word_1_41' title='bbox 3195 1372 3419 1444; x_wconf 91' lang='lat' dir='ltr'>Bohe-</span> 
     </span>
     <span class='ocr_line' id='line_1_6' title="bbox 332 1487 3421 1582; baseline 0.001 -21"><span class='ocrx_word' id='word_1_42' title='bbox 332 1488 516 1563; x_wconf 86' lang='lat' dir='ltr'>miae</span> <span class='ocrx_word' id='word_1_43' title='bbox 568 1487 786 1581; x_wconf 84' lang='lat' dir='ltr'>Regis</span> <span class='ocrx_word' id='word_1_44' title='bbox 850 1488 938 1559; x_wconf 89' lang='lat' dir='ltr'>ad</span> <span class='ocrx_word' id='word_1_45' title='bbox 994 1488 1353 1580; x_wconf 86' lang='lat' dir='ltr'>imperiale</span> <span class='ocrx_word' id='word_1_46' title='bbox 1431 1489 1790 1581; x_wconf 80' lang='lat' dir='ltr'>fastigium</span> <span class='ocrx_word' id='word_1_47' title='bbox 1861 1490 2239 1564; x_wconf 87' lang='lat' dir='ltr'>coronati0.</span> <span class='ocrx_word' id='word_1_48' title='bbox 2315 1492 2497 1563; x_wconf 88' lang='lat' dir='ltr'>Dum</span> <span class='ocrx_word' id='word_1_49' title='bbox 2570 1490 2755 1564; x_wconf 88' lang='lat' dir='ltr'>enim</span> <span class='ocrx_word' id='word_1_50' title='bbox 2818 1511 2993 1582; x_wconf 89' lang='lat' dir='ltr'>pene</span> <span class='ocrx_word' id='word_1_51' title='bbox 3046 1513 3184 1563; x_wconf 90' lang='lat' dir='ltr'>uno</span> <span class='ocrx_word' id='word_1_52' title='bbox 3240 1512 3421 1564; x_wconf 90' lang='lat' dir='ltr'>anno</span> 
     </span>
     <span class='ocr_line' id='line_1_7' title="bbox 291 1607 3424 1703; baseline -0.001 -19"><span class='ocrx_word' id='word_1_53' title='bbox 291 1607 666 1703; x_wconf 83' lang='lat' dir='ltr'>·expensis</span> <span class='ocrx_word' id='word_1_54' title='bbox 719 1607 944 1683; x_wconf 87' lang='lat' dir='ltr'>Maria</span> <span class='ocrx_word' id='word_1_55' title='bbox 996 1608 1255 1699; x_wconf 88' lang='lat' dir='ltr'>Angeli</span> <span class='ocrx_word' id='word_1_56' title='bbox 1330 1608 1648 1700; x_wconf 90' lang='lat' dir='ltr'>Philippi</span> <span class='ocrx_word' id='word_1_57' title='bbox 1712 1610 1930 1682; x_wconf 90' lang='lat' dir='ltr'>Ducis</span> <span class='ocrx_word' id='word_1_58' title='bbox 1996 1610 2408 1698; x_wconf 79' lang='lat' dir='ltr'>Mediolani,</span> <span class='ocrx_word' id='word_1_59' title='bbox 2476 1610 2551 1683; x_wconf 93' lang='lat' dir='ltr'>in</span> <span class='ocrx_word' id='word_1_60' title='bbox 2604 1609 2997 1684; x_wconf 78' lang='lat' dir='ltr'>Mediolano</span> <span class='ocrx_word' id='word_1_61' title='bbox 3052 1614 3122 1683; x_wconf 89' lang='lat' dir='ltr'>et</span> <span class='ocrx_word' id='word_1_62' title='bbox 3175 1609 3424 1683; x_wconf 90' lang='lat' dir='ltr'>deinde</span> 
     </span>
     <span class='ocr_line' id='line_1_8' title="bbox 325 1710 3425 1822; baseline -0 -19"><span class='ocrx_word' id='word_1_63' title='bbox 325 1730 408 1803; x_wconf 92' lang='lat' dir='ltr'>in</span> <span class='ocrx_word' id='word_1_64' title='bbox 462 1728 666 1803; x_wconf 87' lang='lat' dir='ltr'>Senis</span> <span class='ocrx_word' id='word_1_65' title='bbox 720 1727 1070 1815; x_wconf 79' lang='lat' dir='ltr'>stetisset,</span> <span class='ocrx_word' id='word_1_66' title='bbox 1127 1726 1414 1801; x_wconf 89' lang='lat' dir='ltr'>Venetis</span> <span class='ocrx_word' id='word_1_67' title='bbox 1471 1749 1744 1819; x_wconf 89' lang='lat' dir='ltr'>quoque</span> <span class='ocrx_word' id='word_1_68' title='bbox 1797 1733 2196 1821; x_wconf 90' lang='lat' dir='ltr'>propterea,</span> <span class='ocrx_word' id='word_1_69' title='bbox 2256 1730 2439 1822; x_wconf 86' lang='lat' dir='ltr'>quod</span> <span class='ocrx_word' id='word_1_70' title='bbox 2494 1710 2653 1803; x_wconf 79' lang='lat' dir='ltr'>cum</span> <span class='ocrx_word' id='word_1_71' title='bbox 2704 1730 2907 1802; x_wconf 88' lang='lat' dir='ltr'>hoste</span> <span class='ocrx_word' id='word_1_72' title='bbox 2957 1750 3193 1803; x_wconf 91' lang='lat' dir='ltr'>eorum</span> <span class='ocrx_word' id='word_1_73' title='bbox 3231 1730 3425 1802; x_wconf 89' lang='lat' dir='ltr'>Duce</span> 
     </span>
     <span class='ocr_line' id='line_1_9' title="bbox 325 1845 3418 1943; baseline -0.001 -20"><span class='ocrx_word' id='word_1_74' title='bbox 325 1846 708 1923; x_wconf 77' lang='lat' dir='ltr'>Mediolani</span> <span class='ocrx_word' id='word_1_75' title='bbox 761 1845 1336 1934; x_wconf 74' lang='lat' dir='ltr'>communicaret,</span> <span class='ocrx_word' id='word_1_76' title='bbox 1395 1852 1764 1939; x_wconf 86' lang='lat' dir='ltr'>suspectus</span> <span class='ocrx_word' id='word_1_77' title='bbox 1819 1853 2038 1935; x_wconf 84' lang='lat' dir='ltr'>esset3</span> <span class='ocrx_word' id='word_1_78' title='bbox 2095 1849 2217 1922; x_wconf 87' lang='lat' dir='ltr'>sed</span> <span class='ocrx_word' id='word_1_79' title='bbox 2272 1871 2399 1923; x_wconf 90' lang='lat' dir='ltr'>nec</span> <span class='ocrx_word' id='word_1_80' title='bbox 2453 1850 2815 1943; x_wconf 87' lang='lat' dir='ltr'>Eugenius</span> <span class='ocrx_word' id='word_1_81' title='bbox 2869 1850 3065 1941; x_wconf 88' lang='lat' dir='ltr'>Papa</span> <span class='ocrx_word' id='word_1_82' title='bbox 3102 1852 3418 1940; x_wconf 77' lang='lat' dir='ltr'>quartae,</span> 
     </span>
     <span class='ocr_line' id='line_1_10' title="bbox 327 1966 3425 2063; baseline -0.002 -20"><span class='ocrx_word' id='word_1_83' title='bbox 327 1970 458 2063; x_wconf 90' lang='lat' dir='ltr'>qui</span> <span class='ocrx_word' id='word_1_84' title='bbox 507 1973 580 2043; x_wconf 94' lang='lat' dir='ltr'>et</span> <span class='ocrx_word' id='word_1_85' title='bbox 629 1968 784 2060; x_wconf 90' lang='lat' dir='ltr'>ipse</span> <span class='ocrx_word' id='word_1_86' title='bbox 837 1966 1147 2039; x_wconf 89' lang='lat' dir='ltr'>Venetus</span> <span class='ocrx_word' id='word_1_87' title='bbox 1203 1970 1382 2053; x_wconf 90' lang='lat' dir='ltr'>erat,</span> <span class='ocrx_word' id='word_1_88' title='bbox 1443 1967 1807 2041; x_wconf 91' lang='lat' dir='ltr'>sinceriter</span> <span class='ocrx_word' id='word_1_89' title='bbox 1861 1967 1998 2040; x_wconf 91' lang='lat' dir='ltr'>sibi</span> <span class='ocrx_word' id='word_1_90' title='bbox 2052 1969 2135 2041; x_wconf 91' lang='lat' dir='ltr'>de</span> <span class='ocrx_word' id='word_1_91' title='bbox 2188 1968 2518 2061; x_wconf 90' lang='lat' dir='ltr'>insigniis</span> <span class='ocrx_word' id='word_1_92' title='bbox 2572 1968 3057 2061; x_wconf 86' lang='lat' dir='ltr'>imperialibus</span> <span class='ocrx_word' id='word_1_93' title='bbox 3118 1970 3425 2054; x_wconf 82' lang='lat' dir='ltr'>faveret,</span> 
     </span>
     <span class='ocr_line' id='line_1_11' title="bbox 329 2086 3422 2180; baseline -0.002 -17"><span class='ocrx_word' id='word_1_94' title='bbox 329 2089 603 2163; x_wconf 85' lang='lat' dir='ltr'>veritus</span> <span class='ocrx_word' id='word_1_95' title='bbox 639 2088 719 2178; x_wconf 88' lang='lat'>¹),</span> <span class='ocrx_word' id='word_1_96' title='bbox 793 2110 881 2161; x_wconf 87' lang='lat' dir='ltr'>ne</span> <span class='ocrx_word' id='word_1_97' title='bbox 943 2086 1340 2158; x_wconf 83' lang='lat' dir='ltr'>universam</span> <span class='ocrx_word' id='word_1_98' title='bbox 1405 2086 1693 2159; x_wconf 87' lang='lat' dir='ltr'>Italiam</span> <span class='ocrx_word' id='word_1_99' title='bbox 1771 2087 1920 2160; x_wconf 91' lang='lat' dir='ltr'>suis</span> <span class='ocrx_word' id='word_1_100' title='bbox 1984 2088 2265 2161; x_wconf 88' lang='lat' dir='ltr'>callidis</span> <span class='ocrx_word' id='word_1_101' title='bbox 2330 2088 2667 2180; x_wconf 88' lang='lat' dir='ltr'>ingeniis,</span> <span class='ocrx_word' id='word_1_102' title='bbox 2732 2088 2943 2161; x_wconf 90' lang='lat' dir='ltr'>bellis</span> <span class='ocrx_word' id='word_1_103' title='bbox 2998 2087 3422 2161; x_wconf 81' lang='lat' dir='ltr'>involveret:</span> 
     </span>
     <span class='ocr_line' id='line_1_12' title="bbox 327 2206 3422 2300; baseline -0.002 -15"><span class='ocrx_word' id='word_1_104' title='bbox 327 2210 548 2285; x_wconf 77' lang='lat' dir='ltr'>cessit</span> <span class='ocrx_word' id='word_1_105' title='bbox 601 2212 835 2283; x_wconf 89' lang='lat' dir='ltr'>tamen</span> <span class='ocrx_word' id='word_1_106' title='bbox 887 2208 1331 2294; x_wconf 87' lang='lat' dir='ltr'>necessitati,</span> <span class='ocrx_word' id='word_1_107' title='bbox 1389 2211 1459 2280; x_wconf 93' lang='lat' dir='ltr'>et</span> <span class='ocrx_word' id='word_1_108' title='bbox 1513 2207 1931 2299; x_wconf 84' lang='lat' dir='ltr'>quibusdam</span> <span class='ocrx_word' id='word_1_109' title='bbox 1997 2206 2517 2281; x_wconf 90' lang='lat' dir='ltr'>conditionibus</span> <span class='ocrx_word' id='word_1_110' title='bbox 2573 2213 2644 2282; x_wconf 92' lang='lat' dir='ltr'>et</span> <span class='ocrx_word' id='word_1_111' title='bbox 2695 2207 2923 2300; x_wconf 87' lang='lat' dir='ltr'>pactis</span> <span class='ocrx_word' id='word_1_112' title='bbox 2978 2206 3422 2300; x_wconf 87' lang='lat' dir='ltr'>interpositis</span> 
     </span>
     <span class='ocr_line' id='line_1_13' title="bbox 327 2326 3417 2418; baseline -0.001 -15"><span class='ocrx_word' id='word_1_113' title='bbox 327 2335 405 2404; x_wconf 93' lang='lat' dir='ltr'>et</span> <span class='ocrx_word' id='word_1_114' title='bbox 456 2328 782 2417; x_wconf 89' lang='lat' dir='ltr'>firmatis,</span> <span class='ocrx_word' id='word_1_115' title='bbox 847 2348 1172 2402; x_wconf 87' lang='lat' dir='ltr'>coronare</span> <span class='ocrx_word' id='word_1_116' title='bbox 1237 2328 1440 2404; x_wconf 90' lang='lat' dir='ltr'>illum</span> <span class='ocrx_word' id='word_1_117' title='bbox 1505 2326 1938 2418; x_wconf 83' lang='lat' dir='ltr'>repromisit3</span> <span class='ocrx_word' id='word_1_118' title='bbox 2004 2347 2140 2418; x_wconf 88' lang='lat' dir='ltr'>quo</span> <span class='ocrx_word' id='word_1_119' title='bbox 2206 2327 2487 2400; x_wconf 89' lang='lat' dir='ltr'>facilius</span> <span class='ocrx_word' id='word_1_120' title='bbox 2543 2350 2617 2401; x_wconf 90' lang='lat' dir='ltr'>se</span> <span class='ocrx_word' id='word_1_121' title='bbox 2670 2327 3119 2417; x_wconf 90' lang='lat' dir='ltr'>authoritati,</span> <span class='ocrx_word' id='word_1_122' title='bbox 3188 2327 3417 2400; x_wconf 92' lang='lat' dir='ltr'>decre-</span> 
     </span>
     <span class='ocr_line' id='line_1_14' title="bbox 327 2445 3418 2541; baseline -0.002 -18"><span class='ocrx_word' id='word_1_123' title='bbox 327 2451 566 2541; x_wconf 85' lang='lat' dir='ltr'>tisque</span> <span class='ocrx_word' id='word_1_124' title='bbox 619 2453 692 2523; x_wconf 91' lang='lat' dir='ltr'>et</span> <span class='ocrx_word' id='word_1_125' title='bbox 741 2447 1153 2541; x_wconf 82' lang='lat' dir='ltr'>privationi,</span> <span class='ocrx_word' id='word_1_126' title='bbox 1212 2445 1772 2537; x_wconf 87' lang='lat' dir='ltr'>depositionique</span> <span class='ocrx_word' id='word_1_127' title='bbox 1826 2446 2121 2519; x_wconf 84' lang='lat' dir='ltr'>Concilii</span> <span class='ocrx_word' id='word_1_128' title='bbox 2176 2447 2597 2521; x_wconf 89' lang='lat' dir='ltr'>Basiliensis</span> <span class='ocrx_word' id='word_1_129' title='bbox 2647 2447 3086 2520; x_wconf 88' lang='lat' dir='ltr'>subduceret.</span> <span class='ocrx_word' id='word_1_130' title='bbox 3146 2447 3418 2540; x_wconf 85' lang='lat' dir='ltr'>Ageba-</span> 
     </span>
     <span class='ocr_line' id='line_1_15' title="bbox 327 2566 3421 2659; baseline -0.001 -16"><span class='ocrx_word' id='word_1_131' title='bbox 327 2574 452 2643; x_wconf 88' lang='lat' dir='ltr'>tur</span> <span class='ocrx_word' id='word_1_132' title='bbox 503 2568 722 2657; x_wconf 90' lang='lat' dir='ltr'>enim,</span> <span class='ocrx_word' id='word_1_133' title='bbox 780 2572 862 2640; x_wconf 98' lang='grc' dir='ltr'>ιιι</span> <span class='ocrx_word' id='word_1_134' title='bbox 915 2588 1127 2659; x_wconf 88' lang='lat' dir='ltr'>supra</span> <span class='ocrx_word' id='word_1_135' title='bbox 1163 2566 1828 2655; x_wconf 76' lang='lat' dir='ltr'>demonstravimus,</span> <span class='ocrx_word' id='word_1_136' title='bbox 1886 2567 2273 2640; x_wconf 84' lang='lat' dir='ltr'>Concilium</span> <span class='ocrx_word' id='word_1_137' title='bbox 2310 2570 2631 2659; x_wconf 90' lang='lat' dir='ltr'>generale</span> <span class='ocrx_word' id='word_1_138' title='bbox 2668 2568 2743 2640; x_wconf 91' lang='lat' dir='ltr'>in</span> <span class='ocrx_word' id='word_1_139' title='bbox 2781 2566 3095 2641; x_wconf 89' lang='lat' dir='ltr'>Basilea:</span> <span class='ocrx_word' id='word_1_140' title='bbox 3155 2572 3225 2640; x_wconf 91' lang='lat' dir='ltr'>et</span> <span class='ocrx_word' id='word_1_141' title='bbox 3262 2588 3421 2640; x_wconf 90' lang='lat' dir='ltr'>con-</span> 
     </span>
     <span class='ocr_line' id='line_1_16' title="bbox 326 2686 3425 2779; baseline -0.002 -15"><span class='ocrx_word' id='word_1_142' title='bbox 326 2688 776 2764; x_wconf 86' lang='lat' dir='ltr'>currentibus</span> <span class='ocrx_word' id='word_1_143' title='bbox 814 2688 900 2760; x_wconf 88' lang='lat' dir='ltr'>ad</span> <span class='ocrx_word' id='word_1_144' title='bbox 937 2686 1119 2759; x_wconf 89' lang='lat' dir='ltr'>illud</span> <span class='ocrx_word' id='word_1_145' title='bbox 1172 2687 1444 2778; x_wconf 86' lang='lat' dir='ltr'>Regum</span> <span class='ocrx_word' id='word_1_146' title='bbox 1493 2692 1562 2759; x_wconf 85' lang='lat' dir='ltr'>et</span> <span class='ocrx_word' id='word_1_147' title='bbox 1598 2686 2005 2778; x_wconf 90' lang='lat' dir='ltr'>Principum</span> <span class='ocrx_word' id='word_1_148' title='bbox 2061 2687 2647 2761; x_wconf 83' lang='lat' dir='ltr'>ambasiatoribus</span> <span class='ocrx_word' id='word_1_149' title='bbox 2679 2686 2769 2777; x_wconf 85' lang='lat'>2),</span> <span class='ocrx_word' id='word_1_150' title='bbox 2825 2688 3317 2779; x_wconf 86' lang='lat' dir='ltr'>Praelatisque</span> <span class='ocrx_word' id='word_1_151' title='bbox 3353 2692 3425 2759; x_wconf 94' lang='lat' dir='ltr'>et</span> 
     </span>
     <span class='ocr_line' id='line_1_17' title="bbox 326 2805 3421 2901; baseline -0.002 -18"><span class='ocrx_word' id='word_1_152' title='bbox 326 2808 786 2896; x_wconf 77' lang='lat' dir='ltr'>DoctoribuS,</span> <span class='ocrx_word' id='word_1_153' title='bbox 843 2806 1274 2898; x_wconf 86' lang='lat' dir='ltr'>caeterisque</span> <span class='ocrx_word' id='word_1_154' title='bbox 1330 2806 1783 2879; x_wconf 89' lang='lat' dir='ltr'>ecclesiarum</span> <span class='ocrx_word' id='word_1_155' title='bbox 1855 2805 2030 2880; x_wconf 82' lang='lat' dir='ltr'>viris</span> <span class='ocrx_word' id='word_1_156' title='bbox 2105 2807 2421 2880; x_wconf 88' lang='lat' dir='ltr'>omnium</span> <span class='ocrx_word' id='word_1_157' title='bbox 2467 2809 2869 2901; x_wconf 86' lang='lat' dir='ltr'>Regnorum</span> <span class='ocrx_word' id='word_1_158' title='bbox 2924 2810 2993 2879; x_wconf 91' lang='lat' dir='ltr'>et</span> <span class='ocrx_word' id='word_1_159' title='bbox 3036 2806 3421 2899; x_wconf 89' lang='lat' dir='ltr'>regionum,</span> 
     </span>
     <span class='ocr_line' id='line_1_18' title="bbox 327 2926 3420 3019; baseline -0.002 -15"><span class='ocrx_word' id='word_1_160' title='bbox 327 2928 736 3004; x_wconf 73' lang='lat' dir='ltr'>cardinales</span> <span class='ocrx_word' id='word_1_161' title='bbox 773 2927 985 3001; x_wconf 90' lang='lat' dir='ltr'>etiam</span> <span class='ocrx_word' id='word_1_162' title='bbox 1023 2928 1162 3000; x_wconf 88' lang='lat' dir='ltr'>fere</span> <span class='ocrx_word' id='word_1_163' title='bbox 1191 2946 1463 3013; x_wconf 90' lang='lat' dir='ltr'>omnes,</span> <span class='ocrx_word' id='word_1_164' title='bbox 1506 2926 2156 3019; x_wconf 84' lang='lat' dir='ltr'>desertoEugenio,</span> <span class='ocrx_word' id='word_1_165' title='bbox 2199 2928 2287 2999; x_wconf 88' lang='lat' dir='ltr'>ad</span> <span class='ocrx_word' id='word_1_166' title='bbox 2315 2926 2496 3000; x_wconf 90' lang='lat' dir='ltr'>illud</span> <span class='ocrx_word' id='word_1_167' title='bbox 2526 2928 3039 3016; x_wconf 85' lang='lat' dir='ltr'>confluxerant,</span> <span class='ocrx_word' id='word_1_168' title='bbox 3080 2926 3420 2998; x_wconf 90' lang='lat' dir='ltr'>omnium-</span> 
     </span>
     <span class='ocr_line' id='line_1_19' title="bbox 329 3046 3420 3143; baseline -0.001 -21"><span class='ocrx_word' id='word_1_169' title='bbox 329 3071 473 3143; x_wconf 88' lang='lat' dir='ltr'>que</span> <span class='ocrx_word' id='word_1_170' title='bbox 524 3049 615 3121; x_wconf 89' lang='lat' dir='ltr'>ad</span> <span class='ocrx_word' id='word_1_171' title='bbox 664 3048 740 3121; x_wconf 88' lang='lat' dir='ltr'>id</span> <span class='ocrx_word' id='word_1_172' title='bbox 791 3046 1148 3139; x_wconf 85' lang='lat' dir='ltr'>aspirabat</span> <span class='ocrx_word' id='word_1_173' title='bbox 1183 3049 1254 3120; x_wconf 91' lang='lat' dir='ltr'>et</span> <span class='ocrx_word' id='word_1_174' title='bbox 1290 3046 1591 3119; x_wconf 91' lang='lat' dir='ltr'>intentio</span> <span class='ocrx_word' id='word_1_175' title='bbox 1631 3050 1704 3119; x_wconf 92' lang='lat' dir='ltr'>et</span> <span class='ocrx_word' id='word_1_176' title='bbox 1739 3066 2153 3135; x_wconf 89' lang='lat' dir='ltr'>consensus,</span> <span class='ocrx_word' id='word_1_177' title='bbox 2211 3050 2295 3119; x_wconf 91' lang='lat' dir='ltr'>ut</span> <span class='ocrx_word' id='word_1_178' title='bbox 2348 3048 2499 3139; x_wconf 91' lang='lat' dir='ltr'>ipse</span> <span class='ocrx_word' id='word_1_179' title='bbox 2552 3048 2913 3141; x_wconf 85' lang='lat' dir='ltr'>Eugenius</span> <span class='ocrx_word' id='word_1_180' title='bbox 2958 3047 3420 3140; x_wconf 89' lang='lat' dir='ltr'>deponeretur</span> 
     </span>
     <span class='ocr_line' id='line_1_20' title="bbox 321 3166 3421 3263; baseline -0.001 -20"><span class='ocrx_word' id='word_1_181' title='bbox 321 3174 618 3263; x_wconf 83' lang='lat' dir='ltr'>propter</span> <span class='ocrx_word' id='word_1_182' title='bbox 669 3171 858 3241; x_wconf 88' lang='lat' dir='ltr'>certa</span> <span class='ocrx_word' id='word_1_183' title='bbox 913 3166 1206 3239; x_wconf 90' lang='lat' dir='ltr'>crimina</span> <span class='ocrx_word' id='word_1_184' title='bbox 1260 3171 1332 3240; x_wconf 91' lang='lat' dir='ltr'>et</span> <span class='ocrx_word' id='word_1_185' title='bbox 1385 3187 1750 3256; x_wconf 77' lang='lat' dir='ltr'>excessuS,</span> <span class='ocrx_word' id='word_1_186' title='bbox 1817 3168 2074 3259; x_wconf 88' lang='lat' dir='ltr'>quibus</span> <span class='ocrx_word' id='word_1_187' title='bbox 2138 3168 2349 3240; x_wconf 91' lang='lat' dir='ltr'>illum</span> <span class='ocrx_word' id='word_1_188' title='bbox 2413 3172 2737 3241; x_wconf 89' lang='lat' dir='ltr'>notatum</span> <span class='ocrx_word' id='word_1_189' title='bbox 2790 3168 3145 3258; x_wconf 88' lang='lat' dir='ltr'>dicebant,</span> <span class='ocrx_word' id='word_1_190' title='bbox 3204 3173 3273 3243; x_wconf 93' lang='lat' dir='ltr'>et</span> <span class='ocrx_word' id='word_1_191' title='bbox 3328 3168 3421 3241; x_wconf 91' lang='lat' dir='ltr'>si-</span> 
     </span>
     <span class='ocr_line' id='line_1_21' title="bbox 323 3286 3425 3383; baseline -0 -21"><span class='ocrx_word' id='word_1_192' title='bbox 323 3293 658 3383; x_wconf 87' lang='lat' dir='ltr'>gnanter,</span> <span class='ocrx_word' id='word_1_193' title='bbox 717 3286 883 3379; x_wconf 88' lang='lat' dir='ltr'>quia</span> <span class='ocrx_word' id='word_1_194' title='bbox 935 3286 1325 3360; x_wconf 86' lang='lat' dir='ltr'>Concilium</span> <span class='ocrx_word' id='word_1_195' title='bbox 1387 3286 1785 3361; x_wconf 90' lang='lat' dir='ltr'>Basiliense</span> <span class='ocrx_word' id='word_1_196' title='bbox 1850 3287 2156 3380; x_wconf 90' lang='lat' dir='ltr'>ingeniis</span> <span class='ocrx_word' id='word_1_197' title='bbox 2223 3287 2543 3361; x_wconf 90' lang='lat' dir='ltr'>omnibus</span> <span class='ocrx_word' id='word_1_198' title='bbox 2607 3288 3027 3377; x_wconf 81' lang='lat' dir='ltr'>dissolvere,</span> <span class='ocrx_word' id='word_1_199' title='bbox 3086 3309 3171 3362; x_wconf 92' lang='lat' dir='ltr'>ne</span> <span class='ocrx_word' id='word_1_200' title='bbox 3226 3309 3425 3382; x_wconf 86' lang='lat' dir='ltr'>coge-</span> 
     </span>
     <span class='ocr_line' id='line_1_22' title="bbox 321 3402 3427 3501; baseline -0.001 -18"><span class='ocrx_word' id='word_1_201' title='bbox 321 3414 530 3485; x_wconf 86' lang='lat' dir='ltr'>retur</span> <span class='ocrx_word' id='word_1_202' title='bbox 563 3408 908 3481; x_wconf 89' lang='lat' dir='ltr'>abnsuum</span> <span class='ocrx_word' id='word_1_203' title='bbox 946 3427 1230 3479; x_wconf 88' lang='lat' dir='ltr'>suorum</span> <span class='ocrx_word' id='word_1_204' title='bbox 1264 3406 1828 3479; x_wconf 85' lang='lat' dir='ltr'>reformationem</span> <span class='ocrx_word' id='word_1_205' title='bbox 1880 3402 2226 3499; x_wconf 85' lang='lat' dir='ltr'>accipere,</span> <span class='ocrx_word' id='word_1_206' title='bbox 2283 3406 2666 3480; x_wconf 88' lang='lat' dir='ltr'>laborabat.</span> <span class='ocrx_word' id='word_1_207' title='bbox 2724 3409 2877 3481; x_wconf 88' lang='lat' dir='ltr'>Iam</span> <span class='ocrx_word' id='word_1_208' title='bbox 2909 3410 3120 3501; x_wconf 88' lang='lat' dir='ltr'>plura</span> <span class='ocrx_word' id='word_1_209' title='bbox 3158 3409 3243 3479; x_wconf 88' lang='lat' dir='ltr'>ad</span> <span class='ocrx_word' id='word_1_210' title='bbox 3279 3430 3427 3481; x_wconf 91' lang='lat' dir='ltr'>rem</span> 
     </span>
     <span class='ocr_line' id='line_1_23' title="bbox 321 3526 3423 3619; baseline -0.001 -16"><span class='ocrx_word' id='word_1_211' title='bbox 321 3532 516 3603; x_wconf 88' lang='lat' dir='ltr'>hanc</span> <span class='ocrx_word' id='word_1_212' title='bbox 569 3526 1066 3601; x_wconf 89' lang='lat' dir='ltr'>conficiendam</span> <span class='ocrx_word' id='word_1_213' title='bbox 1119 3526 1503 3600; x_wconf 88' lang='lat' dir='ltr'>edebantur</span> <span class='ocrx_word' id='word_1_214' title='bbox 1555 3526 1930 3599; x_wconf 88' lang='lat' dir='ltr'>monitoria</span> <span class='ocrx_word' id='word_1_215' title='bbox 1982 3531 2053 3600; x_wconf 93' lang='lat' dir='ltr'>et</span> <span class='ocrx_word' id='word_1_216' title='bbox 2089 3546 2456 3616; x_wconf 88' lang='lat' dir='ltr'>censurae,</span> <span class='ocrx_word' id='word_1_217' title='bbox 2514 3527 2746 3599; x_wconf 82' lang='lat' dir='ltr'>varios</span> <span class='ocrx_word' id='word_1_218' title='bbox 2794 3529 3229 3601; x_wconf 87' lang='lat' dir='ltr'>continentes</span> <span class='ocrx_word' id='word_1_219' title='bbox 3267 3550 3423 3619; x_wconf 90' lang='lat' dir='ltr'>pro·</span> 
     </span>
     <span class='ocr_line' id='line_1_24' title="bbox 327 3645 3422 3739; baseline -0.001 -16"><span class='ocrx_word' id='word_1_220' title='bbox 327 3668 610 3735; x_wconf 88' lang='lat' dir='ltr'>cessus;</span> <span class='ocrx_word' id='word_1_221' title='bbox 664 3646 804 3719; x_wconf 88' lang='lat' dir='ltr'>iam</span> <span class='ocrx_word' id='word_1_222' title='bbox 858 3645 1204 3738; x_wconf 91' lang='lat' dir='ltr'>depositio</span> <span class='ocrx_word' id='word_1_223' title='bbox 1261 3666 1388 3718; x_wconf 89' lang='lat' dir='ltr'>sua</span> <span class='ocrx_word' id='word_1_224' title='bbox 1441 3646 1528 3719; x_wconf 89' lang='lat' dir='ltr'>ab</span> <span class='ocrx_word' id='word_1_225' title='bbox 1585 3645 1906 3719; x_wconf 91' lang='lat' dir='ltr'>omnibus</span> <span class='ocrx_word' id='word_1_226' title='bbox 1962 3646 2438 3738; x_wconf 85' lang='lat' dir='ltr'>comprobata,</span> <span class='ocrx_word' id='word_1_227' title='bbox 2496 3648 2895 3739; x_wconf 90' lang='lat' dir='ltr'>propediem</span> <span class='ocrx_word' id='word_1_228' title='bbox 2934 3648 3231 3722; x_wconf 86' lang='lat' dir='ltr'>debebat</span> <span class='ocrx_word' id='word_1_229' title='bbox 3266 3669 3422 3739; x_wconf 90' lang='lat' dir='ltr'>pro-</span> 
     </span>
     <span class='ocr_line' id='line_1_25' title="bbox 323 3765 3421 3857; baseline -0.001 -16"><span class='ocrx_word' id='word_1_230' title='bbox 323 3767 680 3842; x_wconf 84' lang='lat' dir='ltr'>nuntiari:</span> <span class='ocrx_word' id='word_1_231' title='bbox 739 3787 874 3839; x_wconf 90' lang='lat' dir='ltr'>non</span> <span class='ocrx_word' id='word_1_232' title='bbox 930 3765 1385 3838; x_wconf 87' lang='lat' dir='ltr'>dubitabatur</span> <span class='ocrx_word' id='word_1_233' title='bbox 1421 3766 1606 3839; x_wconf 89' lang='lat' dir='ltr'>enim</span> <span class='ocrx_word' id='word_1_234' title='bbox 1642 3768 2122 3840; x_wconf 85' lang='lat' dir='ltr'>executionem</span> <span class='ocrx_word' id='word_1_235' title='bbox 2177 3769 2470 3857; x_wconf 88' lang='lat' dir='ltr'>realem,</span> <span class='ocrx_word' id='word_1_236' title='bbox 2530 3768 2819 3841; x_wconf 86' lang='lat' dir='ltr'>florente</span> <span class='ocrx_word' id='word_1_237' title='bbox 2875 3772 3067 3840; x_wconf 87' lang='lat' dir='ltr'>statu</span> <span class='ocrx_word' id='word_1_238' title='bbox 3104 3767 3421 3853; x_wconf 80' lang='lat' dir='ltr'>concilii,</span> 
     </span>
     <span class='ocr_line' id='line_1_26' title="bbox 321 3886 3421 3979; baseline -0.001 -18"><span class='ocrx_word' id='word_1_239' title='bbox 321 3887 694 3975; x_wconf 75' lang='lat' dir='ltr'>habitura:</span> <span class='ocrx_word' id='word_1_240' title='bbox 763 3886 1028 3959; x_wconf 89' lang='lat' dir='ltr'>interea</span> <span class='ocrx_word' id='word_1_241' title='bbox 1083 3891 1314 3959; x_wconf 87' lang='lat' dir='ltr'>tamen</span> <span class='ocrx_word' id='word_1_242' title='bbox 1369 3908 1526 3958; x_wconf 91' lang='lat' dir='ltr'>cum</span> <span class='ocrx_word' id='word_1_243' title='bbox 1580 3887 1932 3960; x_wconf 88' lang='lat' dir='ltr'>coronatio</span> <span class='ocrx_word' id='word_1_244' title='bbox 1991 3887 2424 3979; x_wconf 86' lang='lat' dir='ltr'>Sigismundi</span> <span class='ocrx_word' id='word_1_245' title='bbox 2479 3888 2699 3978; x_wconf 89' lang='lat' dir='ltr'>Regis</span> <span class='ocrx_word' id='word_1_246' title='bbox 2754 3888 3013 3962; x_wconf 89' lang='lat' dir='ltr'>Romae</span> <span class='ocrx_word' id='word_1_247' title='bbox 3070 3887 3421 3979; x_wconf 86' lang='lat' dir='ltr'>expedita,</span> 
     </span>
     <span class='ocr_line' id='line_1_27' title="bbox 330 4005 3421 4099; baseline -0.001 -18"><span class='ocrx_word' id='word_1_248' title='bbox 330 4010 954 4097; x_wconf 87' lang='lat' dir='ltr'>consummataque</span> <span class='ocrx_word' id='word_1_249' title='bbox 995 4006 1277 4093; x_wconf 74' lang='lat' dir='ltr'>fuisset,</span> <span class='ocrx_word' id='word_1_250' title='bbox 1335 4006 1587 4079; x_wconf 85' lang='lat' dir='ltr'>Caesar</span> <span class='ocrx_word' id='word_1_251' title='bbox 1623 4006 1772 4098; x_wconf 92' lang='lat' dir='ltr'>ipse</span> <span class='ocrx_word' id='word_1_252' title='bbox 1827 4006 2149 4080; x_wconf 91' lang='lat' dir='ltr'>celeriter</span> <span class='ocrx_word' id='word_1_253' title='bbox 2203 4007 2426 4079; x_wconf 90' lang='lat' dir='ltr'>Roma</span> <span class='ocrx_word' id='word_1_254' title='bbox 2472 4008 2843 4095; x_wconf 85' lang='lat' dir='ltr'>excedens,</span> <span class='ocrx_word' id='word_1_255' title='bbox 2906 4008 3178 4099; x_wconf 87' lang='lat' dir='ltr'>magnis</span> <span class='ocrx_word' id='word_1_256' title='bbox 3216 4005 3421 4079; x_wconf 91' lang='lat' dir='ltr'>itine-</span> 
     </span>
     <span class='ocr_line' id='line_1_28' title="bbox 323 4124 3425 4219; baseline -0.001 -17"><span class='ocrx_word' id='word_1_257' title='bbox 323 4128 532 4203; x_wconf 88' lang='lat' dir='ltr'>ribus</span> <span class='ocrx_word' id='word_1_258' title='bbox 587 4125 943 4198; x_wconf 85' lang='lat' dir='ltr'>Basileam</span> <span class='ocrx_word' id='word_1_259' title='bbox 997 4124 1384 4212; x_wconf 89' lang='lat' dir='ltr'>contendit,</span> <span class='ocrx_word' id='word_1_260' title='bbox 1455 4130 1536 4197; x_wconf 93' lang='lat' dir='ltr'>ut</span> <span class='ocrx_word' id='word_1_261' title='bbox 1590 4126 2096 4218; x_wconf 90' lang='lat' dir='ltr'>depositionem</span> <span class='ocrx_word' id='word_1_262' title='bbox 2164 4125 2465 4219; x_wconf 87' lang='lat' dir='ltr'>Eugenii</span> <span class='ocrx_word' id='word_1_263' title='bbox 2526 4126 2989 4218; x_wconf 81' lang='lat' dir='ltr'>praeveniret.</span> <span class='ocrx_word' id='word_1_264' title='bbox 3056 4126 3203 4219; x_wconf 77' lang='lat' dir='ltr'>Quo</span> <span class='ocrx_word' id='word_1_265' title='bbox 3268 4147 3425 4199; x_wconf 92' lang='lat' dir='ltr'>cum</span> 
     </span>
     <span class='ocr_line' id='line_1_29' title="bbox 319 4244 3427 4339; baseline -0.001 -18"><span class='ocrx_word' id='word_1_266' title='bbox 319 4246 675 4333; x_wconf 82' lang='lat' dir='ltr'>venisset,</span> <span class='ocrx_word' id='word_1_267' title='bbox 733 4246 804 4317; x_wconf 86' lang='lat' dir='ltr'>id</span> <span class='ocrx_word' id='word_1_268' title='bbox 860 4244 999 4318; x_wconf 90' lang='lat' dir='ltr'>sibi</span> <span class='ocrx_word' id='word_1_269' title='bbox 1050 4245 1126 4317; x_wconf 90' lang='lat' dir='ltr'>in</span> <span class='ocrx_word' id='word_1_270' title='bbox 1164 4244 1412 4336; x_wconf 90' lang='lat' dir='ltr'>primis</span> <span class='ocrx_word' id='word_1_271' title='bbox 1467 4246 1814 4337; x_wconf 86' lang='lat' dir='ltr'>agendum</span> <span class='ocrx_word' id='word_1_272' title='bbox 1875 4245 2352 4334; x_wconf 83' lang='lat' dir='ltr'>existimavit,</span> <span class='ocrx_word' id='word_1_273' title='bbox 2417 4251 2499 4318; x_wconf 92' lang='grc' dir='ltr'>ιιι</span> <span class='ocrx_word' id='word_1_274' title='bbox 2561 4247 3062 4338; x_wconf 88' lang='lat' dir='ltr'>depositionem</span> <span class='ocrx_word' id='word_1_275' title='bbox 3126 4246 3427 4339; x_wconf 87' lang='lat' dir='ltr'>Eugenii</span> 
     </span>
     <span class='ocr_line' id='line_1_30' title="bbox 321 4365 3423 4459; baseline -0.002 -16"><span class='ocrx_word' id='word_1_276' title='bbox 321 4367 708 4459; x_wconf 88' lang='lat' dir='ltr'>impediret</span> <span class='ocrx_word' id='word_1_277' title='bbox 762 4369 832 4439; x_wconf 93' lang='lat' dir='ltr'>et</span> <span class='ocrx_word' id='word_1_278' title='bbox 886 4369 1251 4439; x_wconf 83' lang='lat' dir='ltr'>averteret.</span> <span class='ocrx_word' id='word_1_279' title='bbox 1306 4365 1642 4438; x_wconf 90' lang='lat' dir='ltr'>Pluribus</span> <span class='ocrx_word' id='word_1_280' title='bbox 1699 4367 1882 4438; x_wconf 91' lang='lat' dir='ltr'>enim</span> <span class='ocrx_word' id='word_1_281' title='bbox 1938 4372 2008 4438; x_wconf 91' lang='lat' dir='ltr'>et</span> <span class='ocrx_word' id='word_1_282' title='bbox 2059 4366 2418 4457; x_wconf 91' lang='lat' dir='ltr'>precibus,</span> <span class='ocrx_word' id='word_1_283' title='bbox 2476 4366 3110 4459; x_wconf 86' lang='lat' dir='ltr'>largitionibusque</span> <span class='ocrx_word' id='word_1_284' title='bbox 3161 4371 3231 4439; x_wconf 91' lang='lat' dir='ltr'>et</span> <span class='ocrx_word' id='word_1_285' title='bbox 3267 4386 3423 4457; x_wconf 89' lang='lat' dir='ltr'>pro-</span> 
     </span>
     <span class='ocr_line' id='line_1_31' title="bbox 317 4472 3426 4577; baseline -0.002 -15"><span class='ocrx_word' id='word_1_286' title='bbox 317 4485 577 4563; x_wconf 86' lang='lat' dir='ltr'>missis</span> <span class='ocrx_word' id='word_1_287' title='bbox 611 4472 917 4577; x_wconf 82' lang='lat' dir='ltr'>Eugenii</span> <span class='ocrx_word' id='word_1_288' title='bbox 951 4484 1337 4571; x_wconf 78' lang='lat' dir='ltr'>inescatuS‚</span> <span class='ocrx_word' id='word_1_289' title='bbox 1397 4506 1570 4558; x_wconf 91' lang='lat' dir='ltr'>onus</span> <span class='ocrx_word' id='word_1_290' title='bbox 1609 4486 1789 4558; x_wconf 91' lang='lat' dir='ltr'>illud</span> <span class='ocrx_word' id='word_1_291' title='bbox 1831 4490 2255 4577; x_wconf 87' lang='lat' dir='ltr'>susceperat.</span> <span class='ocrx_word' id='word_1_292' title='bbox 2312 4486 2625 4558; x_wconf 90' lang='lat' dir='ltr'>Primum</span> <span class='ocrx_word' id='word_1_293' title='bbox 2664 4485 2903 4577; x_wconf 86' lang='lat' dir='ltr'>itaque</span> <span class='ocrx_word' id='word_1_294' title='bbox 2939 4485 3247 4558; x_wconf 90' lang='lat' dir='ltr'>omnium</span> <span class='ocrx_word' id='word_1_295' title='bbox 3285 4484 3426 4557; x_wconf 86' lang='lat' dir='ltr'>fere</span> 
     </span>
     <span class='ocr_line' id='line_1_32' title="bbox 315 4603 3425 4699; baseline -0.002 -18"><span class='ocrx_word' id='word_1_296' title='bbox 315 4605 810 4681; x_wconf 87' lang='lat' dir='ltr'>Cardinalium</span> <span class='ocrx_word' id='word_1_297' title='bbox 864 4604 1132 4676; x_wconf 90' lang='lat' dir='ltr'>animos</span> <span class='ocrx_word' id='word_1_298' title='bbox 1187 4604 1327 4696; x_wconf 91' lang='lat' dir='ltr'>ipsi</span> <span class='ocrx_word' id='word_1_299' title='bbox 1373 4606 1684 4699; x_wconf 86' lang='lat' dir='ltr'>Eugenio</span> <span class='ocrx_word' id='word_1_300' title='bbox 1730 4605 2167 4691; x_wconf 84' lang='lat' dir='ltr'>reconciliat3</span> <span class='ocrx_word' id='word_1_301' title='bbox 2225 4606 2473 4679; x_wconf 90' lang='lat' dir='ltr'>deinde</span> <span class='ocrx_word' id='word_1_302' title='bbox 2508 4606 3007 4679; x_wconf 88' lang='lat' dir='ltr'>ambasiatores</span> <span class='ocrx_word' id='word_1_303' title='bbox 3038 4603 3099 4693; x_wconf 74' lang='grc'>3)</span> <span class='ocrx_word' id='word_1_304' title='bbox 3154 4604 3425 4696; x_wconf 85' lang='lat' dir='ltr'>Regum</span> 
     </span>
     <span class='ocr_line' id='line_1_33' title="bbox 205 4723 3429 4819; baseline -0.002 -18"><span class='ocrx_word' id='word_1_305' title='bbox 205 4808 214 4815; x_wconf 54' lang='grc'><strong>,</strong></span> <span class='ocrx_word' id='word_1_306' title='bbox 313 4730 409 4801; x_wconf 79' lang='lat' dir='ltr'>et</span> <span class='ocrx_word' id='word_1_307' title='bbox 467 4724 906 4816; x_wconf 89' lang='lat' dir='ltr'>Principum,</span> <span class='ocrx_word' id='word_1_308' title='bbox 970 4723 1474 4817; x_wconf 88' lang='lat' dir='ltr'>Praelatosque</span> <span class='ocrx_word' id='word_1_309' title='bbox 1546 4730 1615 4799; x_wconf 93' lang='lat' dir='ltr'>et</span> <span class='ocrx_word' id='word_1_310' title='bbox 1668 4726 2039 4819; x_wconf 90' lang='lat' dir='ltr'>primores,</span> <span class='ocrx_word' id='word_1_311' title='bbox 2106 4746 2193 4797; x_wconf 92' lang='lat' dir='ltr'>ne</span> <span class='ocrx_word' id='word_1_312' title='bbox 2256 4725 2689 4816; x_wconf 90' lang='lat' dir='ltr'>depositione</span> <span class='ocrx_word' id='word_1_313' title='bbox 2756 4724 3058 4817; x_wconf 88' lang='lat' dir='ltr'>Eugenii</span> <span class='ocrx_word' id='word_1_314' title='bbox 3122 4723 3429 4797; x_wconf 89' lang='lat' dir='ltr'>schisma</span> 
     </span>
     <span class='ocr_line' id='line_1_34' title="bbox 311 4842 3423 4938; baseline -0.002 -16"><span class='ocrx_word' id='word_1_315' title='bbox 311 4844 801 4923; x_wconf 81' lang='lat' dir='ltr'>execrandum</span> <span class='ocrx_word' id='word_1_316' title='bbox 848 4844 922 4916; x_wconf 91' lang='lat' dir='ltr'>in</span> <span class='ocrx_word' id='word_1_317' title='bbox 959 4845 1277 4919; x_wconf 85' lang='lat' dir='ltr'>Ecclesia</span> <span class='ocrx_word' id='word_1_318' title='bbox 1330 4846 1492 4932; x_wconf 92' lang='lat' dir='ltr'>Dei,</span> <span class='ocrx_word' id='word_1_319' title='bbox 1552 4866 1758 4938; x_wconf 88' lang='lat' dir='ltr'>opera</span> <span class='ocrx_word' id='word_1_320' title='bbox 1813 4868 1940 4919; x_wconf 85' lang='lat' dir='ltr'>sua</span> <span class='ocrx_word' id='word_1_321' title='bbox 1993 4846 2068 4917; x_wconf 90' lang='lat' dir='ltr'>in</span> <span class='ocrx_word' id='word_1_322' title='bbox 2105 4843 2411 4917; x_wconf 85' lang='lat' dir='ltr'>Concilio</span> <span class='ocrx_word' id='word_1_323' title='bbox 2450 4844 2972 4919; x_wconf 77' lang='lat' dir='ltr'>constantiensi</span> <span class='ocrx_word' id='word_1_324' title='bbox 3007 4842 3423 4931; x_wconf 85' lang='lat' dir='ltr'>extinctum,</span> 
     </span>
     <span class='ocr_line' id='line_1_35' title="bbox 305 4962 3427 5057; baseline -0.003 -14"><span class='ocrx_word' id='word_1_325' title='bbox 305 4964 788 5053; x_wconf 86' lang='lat' dir='ltr'>resuscitent,</span> <span class='ocrx_word' id='word_1_326' title='bbox 846 4970 1086 5038; x_wconf 90' lang='lat' dir='ltr'>monet</span> <span class='ocrx_word' id='word_1_327' title='bbox 1139 4970 1210 5037; x_wconf 90' lang='lat' dir='ltr'>et</span> <span class='ocrx_word' id='word_1_328' title='bbox 1262 4965 1607 5039; x_wconf 90' lang='lat' dir='ltr'>hortatur.</span> <span class='ocrx_word' id='word_1_329' title='bbox 1665 4966 2042 5057; x_wconf 86' lang='lat' dir='ltr'>Facileque</span> <span class='ocrx_word' id='word_1_330' title='bbox 2099 4963 2404 5036; x_wconf 91' lang='lat' dir='ltr'>omnium</span> <span class='ocrx_word' id='word_1_331' title='bbox 2461 4966 2715 5038; x_wconf 86' lang='lat' dir='ltr'>animis</span> <span class='ocrx_word' id='word_1_332' title='bbox 2770 4965 2845 5037; x_wconf 91' lang='lat' dir='ltr'>in</span> <span class='ocrx_word' id='word_1_333' title='bbox 2882 4962 3427 5037; x_wconf 89' lang='lat' dir='ltr'>misericordiam</span> 
     </span>
     <span class='ocr_line' id='line_1_36' title="bbox 305 5081 3426 5178; baseline -0.002 -18"><span class='ocrx_word' id='word_1_334' title='bbox 305 5084 593 5173; x_wconf 81' lang='lat' dir='ltr'>versis,</span> <span class='ocrx_word' id='word_1_335' title='bbox 659 5106 818 5157; x_wconf 92' lang='lat' dir='ltr'>cum</span> <span class='ocrx_word' id='word_1_336' title='bbox 872 5088 943 5157; x_wconf 92' lang='lat' dir='ltr'>et</span> <span class='ocrx_word' id='word_1_337' title='bbox 997 5084 1147 5176; x_wconf 90' lang='lat' dir='ltr'>ipse</span> <span class='ocrx_word' id='word_1_338' title='bbox 1214 5084 1571 5178; x_wconf 85' lang='lat' dir='ltr'>Eugenius</span> <span class='ocrx_word' id='word_1_339' title='bbox 1637 5084 2099 5158; x_wconf 91' lang='lat' dir='ltr'>dissolutione</span> <span class='ocrx_word' id='word_1_340' title='bbox 2163 5081 2457 5158; x_wconf 85' lang='lat' dir='ltr'>Concilii</span> <span class='ocrx_word' id='word_1_341' title='bbox 2520 5089 2875 5173; x_wconf 83' lang='lat' dir='ltr'>revocata,</span> <span class='ocrx_word' id='word_1_342' title='bbox 2943 5084 3122 5156; x_wconf 92' lang='lat' dir='ltr'>illud</span> <span class='ocrx_word' id='word_1_343' title='bbox 3179 5105 3426 5176; x_wconf 90' lang='lat' dir='ltr'>appro-</span> 
     </span>
     <span class='ocr_line' id='line_1_37' title="bbox 301 5203 3425 5296; baseline -0.001 -16"><span class='ocrx_word' id='word_1_344' title='bbox 301 5210 602 5292; x_wconf 89' lang='lat' dir='ltr'>basset,</span> <span class='ocrx_word' id='word_1_345' title='bbox 661 5209 731 5277; x_wconf 93' lang='lat' dir='ltr'>et</span> <span class='ocrx_word' id='word_1_346' title='bbox 784 5205 871 5277; x_wconf 88' lang='lat' dir='ltr'>ad</span> <span class='ocrx_word' id='word_1_347' title='bbox 922 5204 1456 5296; x_wconf 88' lang='lat' dir='ltr'>praesidendum</span> <span class='ocrx_word' id='word_1_348' title='bbox 1511 5205 1584 5277; x_wconf 92' lang='lat' dir='ltr'>in</span> <span class='ocrx_word' id='word_1_349' title='bbox 1641 5226 1717 5279; x_wconf 93' lang='lat' dir='ltr'>eo</span> <span class='ocrx_word' id='word_1_350' title='bbox 1773 5207 1947 5278; x_wconf 90' lang='lat' dir='ltr'>duos</span> <span class='ocrx_word' id='word_1_351' title='bbox 2001 5204 2438 5293; x_wconf 78' lang='lat' dir='ltr'>CardinaleS‚</span> <span class='ocrx_word' id='word_1_352' title='bbox 2498 5203 2869 5277; x_wconf 87' lang='lat' dir='ltr'>Nicolaum</span> <span class='ocrx_word' id='word_1_353' title='bbox 2926 5204 3223 5279; x_wconf 86' lang='lat' dir='ltr'>Sanctae</span> <span class='ocrx_word' id='word_1_354' title='bbox 3259 5204 3425 5281; x_wconf 86' lang='lat' dir='ltr'>Cru-</span> 
     </span>
    </p>
   </div>
   <div class='ocr_carea' id='block_1_4' title="bbox 553 5456 3170 5542">
    <p class='ocr_par' dir='ltr' id='par_1_4' title="bbox 553 5456 3170 5542">
     <span class='ocr_line' id='line_1_38' title="bbox 553 5456 3170 5542; baseline 0.001 -20"><span class='ocrx_word' id='word_1_355' title='bbox 553 5460 602 5542; x_wconf 91' lang='lat'>¹)</span> <span class='ocrx_word' id='word_1_356' title='bbox 646 5462 870 5523; x_wconf 85' lang='lat' dir='ltr'>veritus</span> <span class='ocrx_word' id='word_1_357' title='bbox 913 5468 1110 5524; x_wconf 82' lang='lat' dir='ltr'>tamen</span> <span class='ocrx_word' id='word_1_358' title='bbox 1159 5456 1312 5528; x_wconf 80' lang='lat' dir='ltr'>God.</span> <span class='ocrx_word' id='word_1_359' title='bbox 1358 5459 1551 5525; x_wconf 81' lang='lat' dir='ltr'>Rozr.</span> <span class='ocrx_word' id='word_1_360' title='bbox 1609 5459 1652 5541; x_wconf 83' lang='lat'>¹)</span> <span class='ocrx_word' id='word_1_361' title='bbox 1702 5463 1916 5539; x_wconf 85' lang='lat' dir='ltr'>legatis</span> <span class='ocrx_word' id='word_1_362' title='bbox 1965 5457 2116 5525; x_wconf 77' lang='lat' dir='ltr'>cod.</span> <span class='ocrx_word' id='word_1_363' title='bbox 2162 5460 2357 5526; x_wconf 78' lang='lat' dir='ltr'>Rozr.</span> <span class='ocrx_word' id='word_1_364' title='bbox 2406 5460 2461 5542; x_wconf 79' lang='lat'>⁸)</span> <span class='ocrx_word' id='word_1_365' title='bbox 2505 5464 2735 5539; x_wconf 85' lang='lat' dir='ltr'>legatos</span> <span class='ocrx_word' id='word_1_366' title='bbox 2782 5456 2933 5524; x_wconf 83' lang='lat' dir='ltr'>Cocl.</span> <span class='ocrx_word' id='word_1_367' title='bbox 2978 5458 3170 5526; x_wconf 77' lang='lat' dir='ltr'>Rozr.</span> 
     </span>
    </p>
   </div>
  </div>
 </body>
</html>
