4342 6384
784 563 943 637 366
1957 587 2184 642 mnan
2233 587 2694 648 macutus.
3309 563 3444 666 (Α.
3483 565 3574 639 D.
3615 563 3867 664 1429.)

1674 995 2097 1110 ANNUS
2169 995 2629 1110 DOMINI
2697 995 2974 1108 1429.

780 1251 1224 1342 mnus
1250 1253 1691 1340 lunanum,
1722 1252 2212 1342 magnusque
2256 1255 2326 1324 ct
2356 1253 2747 1326 wladislau
2788 1252 3089 1324 Poloniae
3116 1254 3327 1342 noges
3371 1253 3868 1325 conventionem

1926 1373 1996 1492 in
2044 1373 2336 1445 Luczcko
2377 1373 2732 1446 celebrem.

986 1607 1230 1682 Natali
1284 1609 1567 1684 Domini
1621 1609 1785 1682 anni
1838 1609 2050 1682 huius
2113 1609 2190 1683 in
2244 1609 2553 1698 Grodno,
2619 1609 3054 1682 Wladislaus
3121 1609 3452 1683 Poloniae
3507 1610 3695 1699 Rex,
3753 1631 3860 1683 ce-

778 1729 1079 1819 lebrato,
1154 1749 1241 1802 ex
1306 1729 1690 1802 Litbuania
1760 1729 2134 1821 processit,
2210 1733 2282 1801 et
2342 1749 2468 1820 per
2529 1729 2683 1802 loca
2747 1727 2960 1801 solita
3029 1729 3106 1801 in
3169 1729 3487 1802 Luczsko
3561 1751 3687 1820 pro
3753 1729 3866 1802 die

778 1847 1246 1941 Epiphaniae,
1320 1849 1408 1920 ad
1472 1849 1844 1922 tenendum
1908 1849 2438 1922 conventionem
2509 1869 2665 1922 cum
2733 1847 3180 1941 sigismundo
3249 1849 3720 1922 Romanorum
3791 1853 3866 1921 et

782 1967 1189 2062 Hungariae
1242 1968 1466 2062 Rege,
1522 1969 1749 2057 venit,
1806 1969 2092 2062 ignarus
2148 1973 2220 2042 et
2272 1967 2614 2058 incertae,
2682 1969 2772 2040 ad
2826 1989 3034 2060 quam
3088 1968 3414 2042 infestam
3469 1973 3540 2042 et
3592 1967 3862 2059 pericu-

779 2089 1033 2178 losam,
1092 2086 1279 2161 omni
1345 2089 1794 2182 saginandam
1852 2089 2018 2162 dolo
2080 2093 2153 2162 et
2214 2089 2559 2177 versutia,
2626 2087 2927 2162 diaetam
2990 2093 3423 2180 properaret:
3497 2087 3738 2180 ibique
3793 2092 3864 2160 et

780 2209 1043 2282 Dueem
1126 2209 1596 2282 Withawdum
1673 2208 2123 2297 Lithuaniae,
2207 2208 2332 2300 qui
2405 2229 2602 2282 suam
2685 2207 3146 2282 Serenitatem
3216 2211 3719 2299 praecesserat,
3791 2211 3864 2280 et

778 2328 1173 2417 Praelatos,
1232 2327 1627 2420 Principes,
1682 2327 2009 2415 herenee,
2064 2325 2336 2401 nobiles
2373 2327 2738 2416 Poloniae,
2795 2327 3096 2400 Russiae
3151 2332 3222 2400 et
3255 2327 3680 2399 Lithuaniae
3720 2331 3860 2400 ter·

776 2468 1013 2520 rarum
1064 2446 1140 2519 in
1174 2445 1423 2539 grandi
1478 2467 1761 2518 numero
1814 2446 2076 2537 reperit
2112 2451 2588 2540 congregatos.
2647 2447 2758 2518 Ad
2793 2447 2974 2519 hanc
3026 2447 3330 2518 diaetam
3369 2445 3862 2539 sigismundus

776 2567 935 2641 Rex
998 2566 1467 2638 Romanorum
1540 2569 1609 2638 et
1670 2564 2073 2658 Hungariae
2126 2565 2559 2638 tardiuscule
2629 2566 2846 2638 venit.
2933 2565 3310 2640 Praemisit
3380 2571 3614 2637 tamen
3683 2585 3858 2636 nun-

778 2685 959 2758 tium
1000 2685 1081 2774 ¹),
1139 2684 1264 2777 qui
1316 2706 1519 2757 suum
1582 2685 1857 2757 tardum
1913 2689 2284 2757 excusaret
2345 2685 2744 2756 adventum.
2802 2683 3238 2757 wladislaus
3293 2684 3532 2776 itaque
3561 2683 3624 2772 2)
3679 2684 3860 2772 Rex,

776 2825 864 2878 ne
916 2824 1193 2876 cassum
1246 2807 1557 2895 tempus,
1624 2803 1699 2874 in
1752 2804 2068 2876 Luczsko
2136 2802 2416 2892 stando,
2483 2808 2951 2891 consumeret,
3017 2803 3104 2874 ad
3165 2803 3596 2895 propinquas
3649 2821 3858 2874 vena·

774 2922 1005 2995 tiones
1067 2922 1252 2994 inter
1320 2921 1708 2994 Luczskam
1770 2927 1842 2994 et
1904 2921 2340 3014 Zithomyerz
2396 2921 2604 3010 sitas,
2669 2941 2757 2995 ex
2811 2919 3126 2994 Luczsko
3181 2921 3504 3009 divertit,
3569 2920 3860 3012 illicque

775 3039 1025 3113 diebus
1074 3040 1349 3132 aliquot
1396 3045 1863 3112 commoratus
1916 3044 2057 3130 est,
2115 3041 2330 3116 donec
2367 3039 2591 3114 sensit
2645 3040 3173 3133 sigismundum
3211 3041 3682 3113 Romanorum
3718 3039 3852 3110 Re·

774 3179 931 3253 gem
984 3157 1373 3232 Luczskam
1427 3158 1818 3232 advenisse.
1901 3159 2092 3231 Anni
2146 3159 2454 3234 eiusdem
2510 3159 2963 3232 intervallum
3030 3179 3156 3232 sex
3201 3159 3549 3231 duntaxat
3600 3157 3856 3230 hebdo-

774 3277 997 3350 madis
1052 3277 1549 3370 stringebatur,
1607 3282 1679 3350 et
1728 3278 1887 3352 ideo
1942 3278 2436 3370 sigismundus
2483 3279 2954 3352 Romanorum
3009 3279 3165 3351 Rex
3218 3276 3500 3350 nonnisi
3551 3275 3666 3350 die
3718 3277 3856 3348 Do·
3961 3257 3968 3264 ’

772 3395 1029 3470 minico
1084 3396 1684 3489 Septuagesimae,
1740 3417 1899 3470 cum
1936 3417 2066 3469 sua
2098 3401 2419 3471 consorte
2456 3397 2798 3486 Barbara,
2854 3397 3371 3490 Praelatisque,
3411 3395 3858 3488 Principibus

770 3521 845 3590 et
894 3516 1271 3590 baronibus
1326 3515 1731 3609 Hungariae
1784 3521 1855 3589 ct
1910 3515 2286 3590 Bohemiae
2338 3516 2646 3588 advenit.
2703 3513 2832 3588 Cui
2885 3516 3184 3607 primum
3225 3517 3385 3586 Dux
3415 3513 3858 3587 Withawdus

753 3656 927 3710 ‚cum
982 3655 1269 3708 suorum
1318 3639 1603 3708 caterva
1656 3635 1745 3708 ad
1779 3656 1996 3707 unum
2051 3635 2356 3708 milliare
2411 3639 2858 3708 occurrerunt
2880 3632 2965 3723 ³),
3031 3638 3103 3707 et
3156 3655 3234 3707 eo
3289 3641 3604 3726 excepto,
3661 3633 3856 3706 Wla-

770 3753 1041 3827 dislaus
1094 3754 1427 3827 Poloniae
1478 3753 1632 3827 Rex
1695 3754 1769 3826 in
1823 3753 2256 3843 vehiculum,
2325 3774 2462 3845 quo
2517 3755 2827 3826 Barbara
2881 3753 3152 3846 Regina
3205 3754 3676 3826 Romanorum
3737 3773 3856 3824 ve-

771 3873 1093 3961 bebatur,
1156 3873 1471 3946 ascendit
1541 3879 1611 3945 et
1672 3871 1997 3946 Luczsko
2028 3874 2093 3961 ⁴)
2168 3871 2488 3946 intravit.
2564 3873 2754 3945 Duce
2827 3872 3127 3963 denique
3197 3871 3593 3944 Withawdo
3663 3891 3858 3963 prae-

772 3993 1090 4079 cedente,
1174 3991 1669 4084 Sigismundus
1749 3993 2218 4066 Romanorum
2292 3992 2446 4064 Rex
2526 3991 2602 4064 in
2673 4011 2884 4083 eque,
2957 3991 3220 4064 habens
3293 3991 3366 4063 in
3437 4011 3577 4063 uno
3639 3991 3858 4062 latere

774 4111 1153 4203 Sbigneum
1208 4109 1610 4202 episcopum
1662 4109 2222 4198 cracoviensem,
2277 4110 2461 4197 ibat,
2518 4109 2710 4182 tubis
2765 4115 2837 4182 et
2891 4109 3108 4182 variis
3163 4109 3654 4182 instrumentis
3707 4129 3858 4179 mu-

770 4229 938 4303 sicis
972 4229 1299 4322 clangore
1336 4227 1747 4301 canentibus
1784 4228 2147 4302 immenso.
2202 4228 2546 4320 completi
2585 4234 2783 4302 erant
2827 4228 3054 4320 campi
3100 4229 3364 4318 turbiS‚
3421 4226 3858 4318 catervisque

769 4347 1161 4436 hominum,
1216 4367 1501 4437 pressus
1540 4355 1689 4420 erat
1726 4348 1834 4421 vir
1872 4348 2046 4436 viro,
2104 4368 2466 4440 equusque
2503 4369 2702 4440 equ0,
2757 4349 3242 4438 unusquisque
3277 4348 3589 4420 certabat
3625 4347 3856 4437 splen·
3942 4333 3950 4336 ’

770 4467 935 4542 dore
987 4466 1325 4555 vestium,
1390 4471 1983 4556 ornamentorum,
2052 4487 2386 4560 equorum
2445 4471 2519 4540 et
2569 4466 2991 4559 insignium,
3057 4467 3278 4539 alium
3331 4466 3633 4539 vincere.
3711 4465 3859 4537 Nec

768 4585 957 4660 inter
1016 4587 1243 4680 Reges
1307 4585 1502 4677 ipsos
1569 4590 1639 4657 et
1701 4586 1960 4658 Ducem
2024 4585 2501 4659 Withawdum
2572 4585 2800 4659 minor
2862 4590 3011 4658 erat
3071 4585 3480 4658 aemulatio:
3557 4583 3858 4676 quilibet

768 4706 1150 4780 conabatur
1200 4705 1353 4777 illic
1410 4725 1609 4776 suam
1644 4703 2064 4795 potentiam,
2120 4704 2711 4798 magnificentiam
2765 4709 2836 4777 et
2872 4703 3310 4778 maiestatem
3357 4705 3854 4788 demonstrare,

768 4830 838 4899 et
891 4845 1103 4917 super
1138 4824 1359 4896 alium
1424 4821 1879 4896 multitudine
1926 4821 2267 4912 militum,
2325 4824 2695 4914 splendore
2731 4823 3038 4897 vestium
3094 4827 3166 4895 et
3200 4821 3617 4914 insignium,
3658 4819 3854 4893 aliis-

766 4965 903 5037 que
954 4941 1472 5035 multiplicibus
1526 4941 1795 5015 decoris
1859 4942 2156 5015 alterum
2189 4941 2254 5031 5)
2309 4964 2658 5034 superare.
2735 4941 3274 5017 Conventionem
3325 4945 3486 5013 tam
3539 4937 3854 5032 magnifi-

765 5082 918 5135 cam
980 5066 1051 5136 et
1114 5066 1257 5134 tam
1319 5059 1712 5134 illustrium
1778 5060 1994 5134 trium
2054 5059 2494 5153 Principum,
2559 5066 2752 5134 aetas
2820 5062 3027 5153 longa
3079 5079 3304 5152 neque
3357 5059 3571 5147 vidit,
3636 5077 3858 5149 neque

980 5333 1023 5412 ¹)
1068 5351 1239 5395 suum
1280 5333 1549 5394 nuntium
1590 5329 1721 5394 Ed.
1762 5327 1944 5414 Lipe.
1994 5327 2045 5410 ¹)
2092 5335 2290 5392 tamen
2333 5327 2460 5392 Ed.
2507 5327 2688 5413 Lipe.
2739 5329 2794 5409 ⁸)
2839 5331 3094 5392 occurrit
3140 5325 3291 5393 cod.
3331 5326 3523 5390 Rozr.
3571 5323 3624 5409 ⁴)
3674 5326 3858 5387 Luca·

768 5435 912 5498 kam
959 5430 1113 5499 0001.
1156 5433 1351 5498 Rozr.
1402 5431 1454 5518 ι)
1501 5435 1681 5500 alium
1728 5428 1881 5497 0001.
1912 5429 2105 5495 Rozr.
